3642 4883
1025 594 1375 644 decembr.
1407 600 1592 648 1645

1325 807 1591 856 Indevenght
1616 803 1881 853 geslaegen,
1906 801 2039 847 sulcx
2064 799 2118 845 d'
2144 796 2303 844 majs:t
2328 796 2487 843 heeden
2513 792 2804 840 langhurigen
2830 792 3041 838 strijdte
3067 791 3226 837 enondt
3251 791 3414 843 wesen,

1318 916 1378 967 Is
1402 911 1515 959 naer
1542 908 1709 956 Belour
1735 904 2068 953 geretireert,
2094 902 2318 949 hebbende
2344 900 2621 949 naderhandt
2649 898 2732 944 syn
2759 897 3009 945 gandtsche
3035 897 3174 944 macht
3200 890 3313 941 mede

1319 1027 1422 1080 uijt
1445 1025 1496 1071 't
1520 1018 1645 1069 veldt
1668 1016 1720 1062 op
1744 1012 1969 1061 ontboden,
1990 1010 2068 1058 wat
2092 1008 2192 1055 mite
2216 1007 2342 1052 erder
2366 1007 2466 1052 doer
2491 1007 2565 1052 met
2590 1007 2640 1052 in
2664 1004 2740 1051 den
2763 1003 2839 1049 sin
2864 1002 2989 1049 heeft
3013 1000 3088 1046 sal
3113 1000 3188 1045 den
3212 996 3312 1044 tijt

1316 1131 1510 1183 leeren,
1536 1128 1592 1175 't
1618 1126 1674 1172 Is
1700 1120 1893 1170 altoost
1919 1115 2057 1164 sulcx
2084 1113 2167 1159 den
2193 1111 2386 1157 Coninck
2412 1109 2495 1155 van
2521 1104 2769 1154 Carnatica
2796 1101 3153 1149 d'adsistentie
3178 1097 3344 1146 Vanden

1330 1238 1513 1294 Coninck
1538 1235 1616 1282 van
1641 1228 1847 1279 visapour
1871 1224 2000 1272 onder
2025 1222 2154 1268 veele
2179 1221 2231 1266 en
2255 1219 2411 1266 groote
2436 1215 2642 1264 beloften
2666 1213 2872 1259 versoght
2898 1212 3052 1258 heeft,
3077 1210 3129 1256 en
3152 1208 3206 1255 de
3231 1206 3312 1254 den

1306 1340 1621 1395 visiapourder
1646 1337 1725 1384 wel
1750 1330 1934 1381 wetende
1959 1327 2065 1375 dese
2091 1325 2274 1372 belofte
2299 1324 2483 1370 gelijck
2509 1324 2561 1370 d'
2587 1323 2744 1370 vorige
2770 1322 2849 1368 aen
2874 1321 2954 1367 hem
2979 1321 3162 1367 gedaen,
3188 1319 3293 1365 niet
3319 1319 3376 1367 om

1334 1465 1389 1512 't
1415 1459 1498 1509 lif
1521 1450 1713 1502 hebben,
1739 1448 1794 1494 en
1820 1445 1928 1492 maer
1954 1444 2009 1490 in
2035 1442 2172 1489 roocq
2197 1441 2468 1489 verdwijnen
2495 1441 2658 1488 boude,
2684 1439 2874 1487 daertoe
2899 1438 3035 1485 niet,
3061 1434 3170 1482 maer
3197 1434 3278 1480 ter

1311 1571 1562 1625 contrarie
1589 1568 1700 1615 meer
1728 1566 1922 1613 genegen
1948 1563 2032 1610 Is,
2059 1560 2143 1607 hem
2170 1558 2364 1605 Coninck
2392 1558 2475 1604 van
2502 1554 2752 1605 Carnatica
2779 1551 2917 1598 allen
2944 1546 3252 1595 mogelijcken

1311 1685 1521 1738 afbreucq
1547 1684 1600 1730 te
1625 1678 1862 1727 bewijsen,
1883 1674 1992 1724 ende
2017 1671 2175 1719 tegens
2201 1671 2280 1716 hem
2306 1669 2463 1716 nevens
2489 1669 2541 1714 d'
2567 1665 2777 1714 Reijcken
2802 1662 2882 1709 die
2906 1659 2987 1706 tot
3012 1654 3117 1702 dien
3142 1650 3274 1698 eynde

1299 1803 1402 1852 Voor
1424 1796 1553 1846 eerst
1577 1794 1603 1840 6
1629 1793 1730 1839 lacq
1754 1789 1933 1838 verdauw
1957 1788 2008 1834 en
2033 1786 2084 1832 d'
2109 1783 2261 1831 saecke
2286 1782 2363 1827 ten
2388 1779 2540 1827 eijnde
2564 1777 2692 1824 synde
2716 1776 2768 1822 25
2792 1775 2844 1821 d.
2867 1775 2894 1821 o
2919 1773 3071 1820 oenden
3096 1765 3400 1817 Viscepoureer

1294 1909 1468 1965 belooft
1491 1901 1664 1953 hebben,
1687 1898 1761 1945 den
1785 1893 1982 1942 oorloogh
2005 1891 2079 1938 aen
2104 1891 2153 1936 te
2176 1889 2348 1935 vangen,
2373 1886 2544 1934 seffens
2568 1886 2642 1931 tot
2665 1881 2813 1931 huijme
2837 1881 2911 1926 ene
2935 1880 3033 1926 uyjt
3056 1876 3155 1925 sijn
3180 1871 3328 1921 Crone

1305 2027 1340 2074 1
1370 2020 1569 2070 helpen

1044 2177 1098 2223 Ag
1118 2167 1199 2219 21.
1222 2164 1251 2210 '
1274 2159 1354 2207 d:o
1377 2153 1533 2202 become
1559 2153 1585 2198 e
1608 2150 1945 2198 olegeschreven
1970 2151 2073 2197 uijt
2099 2150 2254 2198 velour
2279 2147 2408 2194 ult:o
2434 2144 2640 2192 November
2665 2145 2717 2191 a.
2742 2145 2768 2190 o
2794 2145 2897 2193 1645
2922 2140 3157 2192 luijdende

1313 2261 1450 2310 naer
1481 2257 1791 2306 Translaet
1825 2261 1928 2307 als
1961 2262 2166 2309 Volght

1329 2393 1385 2443 D'
1409 2400 1542 2447 drije
1567 2397 1780 2444 reijcken
1805 2392 2018 2442 besloten
2043 2388 2204 2437 hebben
2230 2389 2336 2435 haer
2362 2391 2416 2437 op
2441 2391 2574 2437 desen
2601 2390 2786 2436 Coninck
2812 2391 2918 2437 niet
2945 2392 3130 2437 mochten
3157 2391 3395 2437 betrouwen

1314 2505 1416 2551 ende
1440 2503 1568 2550 sulcx
1593 2505 1695 2550 haer
1720 2503 1898 2550 moesten
1923 2502 2177 2550 defenderen
2202 2502 2355 2548 hadden
2379 2503 2532 2550 haeren
2557 2504 2837 2552 Ambassadeur
2862 2507 2963 2552 naer
2989 2504 3268 2552 mustafschan

1301 2615 1647 2663 afgeveerdight,
1669 2616 1745 2662 met
1769 2617 1966 2667 versoecq
1990 2621 2065 2666 van
2089 2620 2361 2666 adsistentie
2385 2620 2682 2669 onderbelofte
2705 2623 2780 2670 van
2803 2621 2829 2667 5
2853 2618 2952 2665 sacq
2977 2615 3150 2663 pagoden

1285 2737 1388 2789 ende
1411 2735 1463 2781 io
1487 2731 1762 2779 oliphanten,
1787 2732 1887 2777 ende
1912 2732 2037 2779 sulcx
2062 2734 2362 2780 bewalligende
2387 2734 2537 2780 moeste
2560 2734 2637 2780 met
2658 2732 2787 2780 sijne
2809 2732 2936 2779 macht
2960 2730 3086 2779 Comen
3109 2727 3186 2774 tot
3210 2720 3412 2772 penegoue

1293 2852 1372 2900 als
1397 2850 1603 2897 wanneerl
1628 2850 1679 2895 em
1704 2847 1833 2895 soude
1859 2847 2090 2893 gelooven,
2115 2848 2219 2893 ende
2243 2849 2372 2894 tegen
2397 2849 2527 2895 Comen
2550 2850 2603 2896 om
2628 2851 2679 2896 te
2705 2851 2936 2898 ontfangen
2960 2848 3192 2898 geseijden

1286 2966 1572 3017 mustafschan
1597 2965 1701 3012 dese
1726 2963 2010 3011 presentatie
2036 2963 2191 3009 (alsoo
2216 2963 2294 3008 den
2320 2962 2501 3008 Coninck
2526 2963 2630 3011 mede
2655 2966 2758 3011 niet
2783 2965 2836 3010 en
2861 2964 3068 3011 gelooft)
3092 2956 3405 3009 accepterende

1287 3083 1372 3132 was
1398 3080 1481 3127 met
1508 3077 1728 3125 d'armaee
1755 3077 1811 3122 op
1838 3078 1948 3124 vier
1975 3078 2140 3125 mijlen
2167 3079 2414 3125 penegonde
2442 3079 2667 3129 genadert

1294 3238 1440 3289 Chan
1474 3235 1513 3282 C
1548 3234 1658 3280 han
1693 3227 1984 3279 hebbende
2020 3224 2128 3271 den
2165 3221 2455 3269 oorloogh
2490 3220 2600 3266 Int
2635 3220 2818 3266 landt
2853 3221 2962 3266 van
2999 3220 3325 3267 metlewaer

1285 3347 1520 3402 begonnen,
1544 3345 1597 3392 Io
1621 3342 1907 3389 eyjndelijck
1932 3342 2009 3388 met
2035 3340 2318 3387 Amenteraije
2343 3342 2680 3395 g'accordeert,
2704 3350 2782 3395 nue
2807 3350 2859 3396 to
2884 3349 3143 3395 genietende
3168 3349 3248 3395 een

1265 3470 1369 3518 lacq
1395 3463 1601 3515 pagoden,
1626 3462 1731 3508 ende
1756 3463 1782 3508 5
1807 3461 2066 3507 oliphanten
2091 3460 2143 3505 af
2169 3460 2221 3506 te
2246 3461 2453 3508 trecken,
2478 3463 2633 3508 welcke
2659 3463 2918 3509 betaelinge
2943 3464 3046 3510 oocq
3072 3462 3175 3509 half
3201 3462 3253 3507 in

1278 3584 1422 3638 geldt
1448 3574 1562 3627 ende
1590 3572 1702 3618 half
1730 3571 1786 3617 In
1814 3569 2067 3616 Juweelen,
2093 3567 2151 3613 Is
2179 3566 2432 3614 gevolght,
2458 3569 2572 3615 ende
2599 3570 2880 3616 manteraije
2907 3569 3048 3614 alsoo
3075 3565 3252 3613 t'hoof

1282 3694 1476 3745 gecomen
1500 3687 1642 3738 synde
1669 3686 1780 3733 Chan
1808 3685 1919 3730 Chan
1946 3684 2029 3730 Van
2057 3684 2252 3729 daerint
2278 3685 2418 3732 landt
2444 3687 2528 3733 van
2555 3688 2861 3735 kokantiware
2888 3690 3142 3735 gevallen,

3161 3684 3231 3731 -

1277 3858 1345 3904 de
1375 3846 1545 3901 drije
1578 3836 1848 3890 Neijcken
1880 3833 2083 3880 hebben
2115 3832 2251 3878 oocq
2284 3834 2385 3879 aen
2418 3834 2552 3879 Chan
2586 3834 2722 3881 Chan
2751 3830 3090 3882 geschreven
3123 3829 3224 3876 hij

1324 3941 1460 3988 wilde
1487 3943 1569 3989 hem
1594 3942 1677 3989 met
1703 3937 1894 3986 Conincx
1921 3934 2057 3982 vader
2084 3933 2275 3979 sinraje
2301 3934 2628 3983 Conjungeren,
2654 3939 2764 3985 ende
2790 3938 2981 3985 t'samen
3007 3937 3089 3983 tot
3116 3937 3253 3985 Tolal

1270 4046 1408 4098 comen
1433 4044 1596 4092 alwaer
1623 4044 1703 4089 hem
1730 4041 2027 4089 Contentemen
2052 4038 2188 4085 soude
2215 4038 2377 4084 gedaen
2403 4039 2591 4085 werden,
2618 4038 2780 4085 doende
2806 4036 2888 4082 van
2914 4035 2995 4080 dit
3022 4029 3265 4080 bedrijff

1264 4154 1473 4203 sinraje
1501 4148 1682 4197 condt,
1712 4146 1921 4194 daerbij
1949 4138 2130 4191 Dongen
2159 4136 2250 4182 sij
2279 4133 2459 4179 wilden
2488 4133 2578 4178 hem
2608 4130 2847 4179 waerenge
2876 4128 3236 4175 Ambassadeurs

1272 4269 1329 4314 om
1356 4267 1414 4313 op
1440 4260 1557 4312 haer
1584 4256 1698 4303 tyde
1725 4248 2068 4301 t'ontfangen,
2096 4243 2296 4292 toelen,
2322 4239 2494 4287 welcke
2523 4239 2666 4286 alles
2692 4239 2807 4287 Chan
2835 4236 2950 4284 Chan
2977 4235 3063 4282 als
3091 4228 3292 4280 suraije

1263 4360 1451 4415 hebben
1482 4352 1887 4404 g'accordeert,
1918 4348 2043 4396 ende
2073 4342 2262 4393 waeren
2292 4340 2386 4387 met
2417 4342 2479 4387 d'
2510 4340 2791 4388 Conanctie
2821 4334 3041 4385 besigh

3010 4446 3196 4499 Alle
