3567 4801
2775 508 2955 573 920

749 554 1140 613 January
1183 547 1420 599 1646

927 796 1105 852 volgens
1129 794 1180 840 't
1205 790 1404 839 Contract
1428 785 1629 834 tisschen
1652 783 1703 829 d'
1727 777 1952 827 cleijcken
1976 775 2077 821 ende
2102 774 2202 820 veld
2226 772 2252 818 t
2275 769 2401 816 hooft
2425 766 2501 813 man
2524 763 2601 810 der
2624 755 2924 807 visapoureers
2947 753 2975 800 —

917 885 1235 951 mustafschan
1261 880 1349 928 was
1376 877 1463 924 den
1491 873 1663 922 selven
1690 870 1778 918 tot
1806 868 1892 914 aen
1920 864 2064 912 Bosch
2092 861 2264 909 buyten
2291 857 2465 906 velour
2492 850 2722 902 gecomen,
2750 848 2865 894 ende

934 979 1182 1035 versoghte
1207 969 1537 1023 dienvolgende
1564 964 1866 1014 voldoeninge
1892 958 2030 1008 vande
2056 952 2276 1003 beloofde
2303 951 2331 996 5
2358 946 2522 996 lacken
2548 944 2604 991 en
2631 941 2687 989 10
2712 933 3003 985 Eliphanten

932 1089 992 1135 op
1018 1083 1080 1132 't
1108 1076 1257 1126 selve
1285 1068 1522 1119 Instandt
1550 1062 1788 1113 schreeff
1817 1059 1906 1106 do.
1934 1050 2261 1104 Mustafschan
2289 1047 2438 1095 aende
2466 1044 2615 1091 magst
2642 1042 2734 1089 van
2762 1032 3029 1088 Carnatica

933 1186 1017 1238 hoe
1042 1182 1098 1230 hy
1122 1169 1501 1226 doorbevelsijns
1527 1163 1717 1213 Conincx
1742 1159 1824 1207 tot
1850 1154 2147 1202 adsistentie
2172 1151 2255 1197 der
2280 1145 2416 1195 drije
2442 1142 2658 1190 reijcken
2684 1141 2740 1187 In
2764 1131 2982 1184 aentocht

913 1287 1021 1341 was,
1045 1274 1362 1331 echterindien
1386 1267 1546 1319 d'Mays
1572 1267 1598 1312 t
1624 1266 1729 1313 Hem,
1755 1260 1939 1310 (buyten
1965 1258 2018 1304 't
2043 1255 2149 1302 oude
2175 1249 2464 1300 achterwesen
2490 1245 2675 1294 volgens
2698 1241 2753 1288 't
2777 1234 2989 1286 Contract

911 1386 994 1437 dat
1018 1378 1126 1429 noch
1151 1370 1390 1422 onbetaelt
1417 1366 1576 1415 stonds
1602 1364 1735 1411 wilde
1760 1362 1814 1408 t'
1840 1359 2000 1406 vreden
2025 1357 2211 1405 stellen
2237 1355 2291 1402 sy
2316 1351 2476 1400 sonden
2502 1349 2582 1395 soo
2608 1345 2741 1393 veele
2767 1345 2831 1391 te

913 1487 1015 1537 wege
1035 1475 1239 1530 brengen,
1262 1472 1339 1519 dat
1362 1468 1414 1515 in
1439 1464 1589 1512 sijnen
1613 1460 1764 1508 staedt
1787 1453 2064 1505 verseeckere
2088 1451 2214 1498 soude
2238 1449 2439 1497 blijven,
2463 1449 2539 1496 soo
2563 1447 2614 1494 d'
2638 1443 2789 1491 mags:s
2813 1436 2915 1487 hier

925 1573 1343 1638 toeg'snclineert
1369 1570 1454 1617 was
1481 1564 1648 1615 moeste
1674 1563 1759 1608 hem
1786 1562 1842 1608 op
1869 1559 1953 1606 den
1980 1556 2092 1604 Wegh
2118 1554 2175 1600 om
2201 1551 2286 1598 den
2314 1548 2508 1596 anderen
2534 1546 2592 1593 te
2619 1543 2956 1592 rencontreren

917 1685 1132 1744 begeven,
1157 1676 1370 1728 sendende
1395 1673 1476 1720 met
1501 1668 1608 1717 dese
1632 1659 1925 1713 aenbiedinge
1951 1657 2083 1703 sijne
2110 1655 2401 1702 ambassadeur
2425 1652 2480 1700 t'
2506 1649 2639 1696 hove,
2664 1646 2745 1693 den
2769 1644 2956 1690 welcken

936 1787 1154 1844 omtrendt
1178 1781 1235 1830 d'
1261 1764 1749 1825 Conincklijckestaet
1776 1760 1966 1809 gecomen
1992 1758 2183 1805 sijnde,
2210 1757 2264 1803 &o
2290 1752 2481 1801 d'mags.
2508 1752 2535 1797 t
2561 1750 2670 1797 Hdem
2697 1744 2834 1795 selfe

922 1899 1059 1954 wesen
1083 1883 1353 1942 ontfangen,
1377 1877 1487 1928 ende
1512 1873 1568 1920 d'
1593 1863 1863 1917 oengegragh
1889 1862 1943 1909 te
1970 1860 2265 1909 vereeringen
2291 1860 2346 1906 in
2372 1859 2507 1904 danck
2533 1856 2830 1904 aengenomen,
2854 1851 2992 1899 weede

933 2002 1041 2053 Inde
1066 1993 1200 2046 stadt
1224 1983 1440 2036 gereden,
1463 1975 1572 2025 ende
1598 1972 1679 2018 den
1703 1965 1998 2017 Ambassadeur
2025 1964 2184 2010 belast
2211 1965 2291 2011 hem
2317 1966 2371 2012 in
2397 1964 2477 2010 een
2504 1961 2664 2009 logijs
2690 1951 2877 2006 daertoe

936 2091 1292 2151 geprepareert
1320 2083 1498 2135 tegaen
1527 2075 1734 2127 rusten,
1762 2070 2147 2119 ondertusschen
2176 2069 2561 2116 ondervraeghde
2589 2070 2649 2116 d'
2677 2053 2857 2113 mags=t

929 2203 1104 2257 Sijnen
1130 2188 1447 2247 Ambassadeur
1474 2183 1562 2232 die
1589 2178 1676 2227 int
1704 2171 2449 2223 moorschevisurpourscheleger
2477 2163 2793 2215 geresideert
2820 2159 2996 2207 hadde,

922 2311 1005 2359 hoe
1032 2307 1142 2355 sich
1167 2301 1251 2350 het
1276 2295 1388 2345 daer
1414 2292 1470 2339 al
1495 2284 1770 2336 toedroegh,
1797 2281 2098 2329 andtwoorde,
2124 2278 2453 2326 mustoofschan
2480 2277 2535 2323 de
2562 2273 2837 2321 voornemens

925 2412 979 2461 't
1002 2407 1207 2460 beloofde
1231 2403 1360 2452 geldt
1384 2398 1514 2448 vande
1536 2391 1718 2443 neycken
1743 2390 1794 2436 t'
1820 2388 1973 2435 Annen,
1998 2389 2025 2435 d
2050 2384 2331 2434 gernaeroocq
2357 2383 2408 2429 te
2433 2383 2536 2428 sien
2560 2381 2638 2428 van
2662 2378 2791 2427 vande
2815 2371 2945 2422 mays.
2968 2366 2997 2414 r

930 2511 1132 2568 becomen
1158 2505 1274 2555 kan,
1301 2501 1417 2549 ende
1444 2497 1531 2544 ten
1559 2493 1787 2541 laetsten
1815 2490 2044 2537 8Neycken
2071 2488 2186 2535 ende
2214 2487 2300 2533 den
2328 2483 2528 2531 Coninck
2556 2474 2872 2528 malcanderen

925 2616 1182 2668 bedervende
1206 2612 1335 2660 selfs
1359 2608 1590 2656 Carnatica
1615 2604 1718 2652 sien
1742 2602 1795 2649 t'
1818 2595 2152 2646 Incorporeren,
2176 2591 2254 2639 des
2278 2587 2408 2635 mags.
2430 2587 2459 2634 s
2483 2580 2688 2630 gesanten
2711 2578 2790 2624 Int

923 2723 1010 2776 Hof
1036 2718 1119 2765 van
1145 2709 1392 2761 visiapour
1420 2700 1694 2754 residerene
1719 2695 1968 2744 Adviseert
1993 2692 2160 2741 hoeden
2186 2689 2296 2736 mier
2323 2683 2488 2733 sumela
2515 2680 2735 2728 Cercheyl
2760 2674 2844 2724 uyt

894 2818 1046 2871 laste
1071 2809 1195 2862 sins
1224 2800 1432 2853 Conincx
1462 2800 1552 2845 ter
1580 2795 1730 2844 poste
1759 2794 1819 2840 in
1848 2792 2117 2840 viscapour
2146 2789 2236 2836 was
2263 2781 2593 2834 aengecomen,
2620 2778 2742 2827 ende
2770 2775 2862 2822 met

922 2926 976 2971 d'
1000 2918 1135 2969 mais.
1158 2914 1188 2961 t
1212 2902 1532 2958 secretelijck
1559 2897 1904 2947 onderhandelt,
1930 2894 2143 2942 daernaer
2169 2890 2329 2938 seijde
2355 2887 2568 2935 ovenbaer
2594 2885 2674 2932 hoe
2700 2883 2860 2929 sijnen

923 3025 1134 3084 Coninck
1163 3013 1461 3071 woornemens
1490 3009 1580 3056 Was
1609 3007 1670 3053 en
1699 3002 2057 3052 presenteerde
2087 3002 2177 3047 syn
2206 2998 2415 3046 dochter
2445 2998 2624 3043 aenden
2652 2996 2773 3043 soon
2798 2993 2894 3041 van

920 3142 977 3189 't
1001 3125 1391 3184 visiaipoursche
1418 3122 1558 3170 rijck
1584 3117 1696 3165 door
1723 3113 1972 3161 Huwelijck
2000 3113 2056 3159 te
2083 3113 2194 3158 doen
2221 3113 2665 3162 vermaechschappen
2691 3109 2859 3159 waerop

932 3263 992 3309 d'
1019 3247 1199 3307 Magjs.
1227 3246 1258 3291 t
1286 3241 1377 3291 van
1405 3229 1673 3285 Visiapour
1702 3226 2000 3274 Andtwoorde
2029 3226 2267 3272 daermede
2296 3226 2416 3273 eens
2445 3226 2624 3275 gebuet
2652 3230 2772 3278 was,
2797 3228 2894 3277 hij

920 3361 1068 3415 wilde
1095 3356 1271 3405 binnen
1297 3345 1648 3401 weynichdagen
1676 3343 1735 3390 op
1763 3341 1822 3386 de
1851 3340 2026 3386 groote
2054 3342 2199 3389 feest
2228 3343 2287 3389 In
2316 3341 2549 3389 Caliamam
2575 3342 2897 3390 verschijnen

920 3484 977 3529 d'
1002 3469 1201 3527 Coninck
1228 3466 1313 3513 van
1340 3459 1566 3511 Goeconda
1593 3456 1818 3503 daermede
1845 3454 2127 3500 gelievende
2155 3454 2211 3500 te
2239 3454 2522 3503 Compareren
2547 3459 2633 3505 met
2660 3461 2745 3507 syn
2772 3458 2969 3506 dochter

919 3583 1178 3639 soudennen
1205 3579 1263 3627 't
1291 3572 1545 3622 Huwelijck
1573 3569 1828 3616 vestigen,
1856 3568 1941 3614 met
1968 3565 2139 3612 welcke
2167 3566 2421 3612 resolutie
2449 3566 2534 3612 den
2562 3564 2789 3612 Cercheyl
2816 3562 2961 3610 weder

916 3702 977 3752 Is
1004 3690 1325 3745 vertrocken,
1352 3685 1470 3734 ende
1499 3685 1528 3730 t
1555 3681 1673 3728 Hove
1702 3680 1760 3726 by
1787 3676 1934 3725 synen
1962 3671 2166 3720 Coninck
2195 3670 2516 3721 g'arriveert
2543 3675 2718 3722 synde,
2745 3666 2892 3719 heeft

914 3812 981 3862 8'
1008 3800 1171 3853 Mais.
1201 3798 1234 3844 t
1265 3797 1329 3842 't
1360 3786 1646 3841 Huwelijck
1678 3784 1964 3831 wedervast
1995 3783 2252 3830 gestelt,
2281 3784 2408 3832 ende
2440 3784 2845 3831 gereedtschap

917 3920 1169 3976 gemaelckt
1195 3917 1309 3963 over
1334 3915 1392 3963 d'
1418 3905 1783 3959 gedestineerde
1810 3903 2006 3949 plaetse
2033 3902 2089 3948 te
2117 3901 2424 3947 vertrecken,
2452 3901 2815 3948 ondertusschen
2841 3900 3010 3947 belast

916 4039 1006 4086 den
1035 4034 1273 4085 Cercheyl
1301 4031 1391 4078 met
1419 4019 1866 4075 d'Crijghsmacht,
1894 4019 2013 4066 naer
2043 4017 2310 4064 oudeguere
2338 4015 2399 4062 te
2428 4015 2754 4064 vertrecken,
2781 4013 2902 4064 omme

910 4163 972 4212 't
998 4155 1150 4206 selve
1179 4150 1327 4198 waert
1355 4141 1623 4194 mogelijck
1652 4139 1713 4185 te
1740 4135 2098 4183 bemachtigen,
2127 4133 2306 4182 nevens
2335 4132 2483 4178 desen
2513 4131 2691 4178 quanst
2719 4126 2840 4176 hove

0 782 237 838 utam

0 884 217 937 gedaen.

0 977 69 1024 a

135 1672 192 1717 den

137 2908 242 2957 desen

127 3003 247 3052 wee

122 4150 241 4197 0de
