3573 4835
880 444 1216 493 affscheyt
1252 446 1365 491 met
1402 446 1477 493 10
1514 448 1554 495 O
1588 453 1813 500 groote
1850 455 2113 512 Casiens
2148 469 2187 516 2
2222 473 2558 527 koebeests
2595 481 2633 527 2
2670 475 2969 525 werckens

906 564 1057 617 ende
1091 558 1468 611 ovenarracq
1504 560 1654 609 waer
1689 564 1841 611 mede
1876 565 2253 623 vertrocken
2288 579 2439 628 ende
2475 583 2663 631 onsen
2699 585 2887 632 Cours
2924 583 3000 631 na

891 670 1045 724 doen
1083 676 1351 724 Corpado
1389 678 1848 726 ongatounamen
1885 680 2153 737 vandien
2191 692 2649 745 seerminelijk
2687 700 2993 747 onthaelt

906 794 1171 842 wierden,
1204 796 1504 848 denselven
1536 803 1702 850 steld
1734 802 1801 849 en
1832 800 2000 847 onsen
2033 800 2333 848 voorslagh
2365 804 2531 852 heden
2564 807 2631 854 by
2663 810 2764 859 den
2796 815 3034 865 Coningh

938 910 1315 958 gedaeneens
1352 913 1540 964 voor,
1576 917 1727 964 waer
1764 917 1877 963 van
1913 915 2065 964 sigh
2102 916 2215 962 soo
2252 916 2779 976 bijstervreempt
2815 932 2966 979 niet

934 1032 1155 1079 scheen
1191 1030 1526 1081 tehouden,
1561 1039 1746 1085 edogh
1783 1038 1930 1086 cost
1966 1038 2078 1084 ons
2113 1038 2374 1087 weynigh
2408 1043 2853 1099 versekeringe
2889 1055 3061 1102 vant

935 1154 1034 1202 een
1066 1154 1164 1200 off
1196 1154 1587 1202 t'anderdoen;
1618 1158 1749 1207 maer
1781 1161 2041 1209 beloffde
2073 1164 2172 1211 soo
2203 1166 2334 1212 veel
2365 1167 2626 1219 mogelijk
2658 1174 2789 1223 mons
2820 1179 3083 1229 voordeel

919 1271 1184 1322 wanneer
1222 1273 1373 1321 over
1411 1273 1525 1319 die
1562 1275 1751 1326 saecq
1788 1281 2129 1331 gehandelt
2166 1285 2393 1332 wierde
2430 1288 2849 1344 wesenwilde,
2883 1302 3044 1353 daer

929 1398 1032 1446 hem
1063 1396 1404 1444 hooghelijk
1438 1398 1913 1444 voorbedancten,
1945 1394 2049 1441 met
2082 1393 2354 1442 beloften
2386 1392 2557 1441 sulcx
2590 1392 2660 1439 by
2692 1396 3066 1449 gelegenth.t

922 1536 997 1585 te
1032 1520 1465 1580 verschulden,
1498 1517 1646 1566 naer
1681 1515 1899 1562 welcke
1935 1516 2008 1562 en
2042 1516 2188 1562 meer
2224 1514 2442 1561 andere
2476 1515 2838 1564 vrundelijk
2874 1519 3021 1572 dis.

930 1643 1185 1694 coursen
1219 1637 1548 1686 affscheyt
1583 1638 1947 1685 vercregen:
1983 1638 2347 1686 mitsgaders
2383 1637 2746 1685 vereeringe
2782 1638 2892 1684 van
2928 1640 3007 1689 50

929 1771 1145 1817 catty
1185 1771 1356 1819 syde
1398 1771 1569 1821 voor
1609 1775 1739 1824 P:r
1779 1772 2251 1824 Broeckhorst
2291 1772 2634 1821 waermede
2674 1760 3060 1815 nammelijk

924 1904 1188 1955 genomen
1225 1903 1301 1949 de
1337 1899 1564 1946 missie
1601 1901 1789 1951 avond
1826 1905 2090 1951 wesende
2127 1905 2240 1950 ons
2277 1905 2428 1951 nade
2465 1905 2653 1954 logie
2690 1906 3068 1955 vervonchds

907 2043 1052 2094 daer
1085 2040 1229 2087 nogh
1264 2035 1621 2084 eenigelyde
1656 2035 1870 2082 door's
1906 2037 2192 2084 Coninghs
2226 2038 2547 2086 schryvers
2582 2038 2761 2086 voors
2796 2042 3045 2089 maij=ts

921 2168 1305 2224 Reekeninge
1342 2168 1686 2214 hedennogh
1724 2166 2030 2212 gelevert
2067 2166 2374 2216 affwoogh
2409 2171 2564 2218 ende
2601 2169 2831 2216 vordre
2868 2170 3023 2219 aff

926 2291 1303 2340 rekeninge
1344 2292 1556 2340 deden
1596 2297 1722 2345 tot
1763 2300 1889 2346 een
1929 2297 2098 2346 goed
2138 2291 2809 2341 stuckmndenavondt
2849 2289 3021 2344 doch

893 2415 1198 2465 deselve
1241 2416 1677 2466 vertrocken

436 2561 520 2611 dn
555 2551 721 2604 30:e
760 2548 882 2596 d:o
917 2541 1366 2597 crachtenden
1405 2541 1527 2588 tyt
1566 2543 1728 2589 door
1767 2543 1889 2589 met
1928 2542 2090 2589 nogh
2131 2542 2413 2589 weynige
2452 2542 2615 2592 syde
2654 2549 2736 2596 te
2774 2552 3019 2609 packen

919 2657 984 2703 en
1012 2650 1212 2700 loopen
1241 2658 1371 2704 ende
1402 2658 1467 2704 op
1499 2657 1854 2704 affcortinge
1886 2654 2015 2701 vant
2047 2654 2241 2701 maij=t
2272 2653 2467 2700 schult
2496 2650 2564 2698 t'
2595 2649 2757 2702 jnnen
2788 2657 2919 2706 Jtem
2949 2661 3051 2709 des

924 2773 1227 2822 avondts
1269 2774 1702 2824 affscheijt
1745 2777 2048 2824 tenemen
2090 2777 2351 2823 vanden
2392 2779 2652 2827 Prince
2695 2780 3043 2830 duckongh

870 2900 1068 2953 thoo
1105 2899 1265 2946 ende
1303 2895 1580 2943 Ongatoe
1617 2890 1737 2938 die
1776 2889 1894 2935 ons
1934 2890 2249 2935 behouden
2288 2890 2485 2937 Reyse
2524 2891 2682 2938 ende
2721 2889 2839 2937 wij
2879 2886 2997 2935 hun

924 3023 1005 3070 in
1042 3016 1403 3068 resiproke
1442 3007 1800 3060 geluckige
1839 3006 2198 3059 voorspoet
2237 3014 2715 3061 toewenschten
2753 3013 2953 3062 sond.
2993 3013 3033 3058 r

918 3142 1039 3192 7ts
1076 3131 1597 3190 kemarcquabels
1636 3131 1756 3177 met
1795 3130 2075 3179 deselve
2114 3135 2195 3181 te
2234 3136 2673 3184 verhandelen
2710 3134 2795 3185 /.

567 3272 794 3332 ultimo
829 3263 944 3314 d:o
981 3260 1394 3308 warenbesigh
1430 3261 1544 3308 met
1582 3260 1657 3306 de
1694 3257 1958 3304 laetste
1994 3260 2145 3311 syde
2180 3264 2258 3311 en
2293 3259 2557 3312 Stoffen
2594 3257 2745 3303 inde
2781 3252 3046 3302 barcken

907 3376 998 3426 te
1042 3372 1357 3421 Schepen
1400 3375 1759 3423 waermede
1803 3374 1985 3422 naer
2027 3378 2297 3425 gedane
2341 3378 2745 3426 transport
2789 3375 3014 3423 van't

907 3483 1374 3534 overschieten
1411 3488 1723 3535 Capitael
1760 3488 1916 3535 ende
1954 3487 2343 3535 Jntregatie
2381 3490 2575 3536 vande
2614 3477 3003 3536 Jnstructie

902 3609 1031 3659 aen
1071 3603 1663 3654 d'ondercoopman
1705 3605 1832 3652 Jan
1874 3607 2000 3652 van
2041 3607 2382 3656 Riebeecq
2421 3612 2549 3658 tot
2590 3614 2675 3659 de
2716 3611 2844 3659 nae
2885 3610 3020 3657 ons

869 3724 1254 3784 vertreck
1302 3723 1398 3769 te
1445 3721 1685 3769 doene
1732 3722 2069 3773 negotie
2111 3729 2308 3777 voor
2352 3733 2833 3780 nederlandt
2881 3733 3054 3779 met

910 3853 1041 3900 alt
1084 3848 1521 3901 geselschap
1564 3846 1958 3898 namiddagh
1991 3851 2220 3900 wesen
2262 3856 2394 3905 van
2437 3851 3005 3907 overblijvende

908 3976 1165 4029 vrunden
1199 3980 1527 4032 affscheyt
1563 3983 1745 4028 namen
1781 3983 1927 4029 ende
1962 3981 2291 4032 nabeneden
2326 3989 2690 4037 vertrocken
2724 3984 3057 4035 d'almogen

2653 4118 2697 4163 2
2740 4119 2920 4167 late

462 334 657 394 In

2802 328 2988 388 740
