3567 4801
2765 516 2935 576 957

752 517 896 566 maij
930 517 1038 565 Ao.
1069 505 1217 560 1646

944 716 1075 769 lande
1099 711 1307 761 geduench
1332 710 1409 757 wel
1435 710 1488 757 op
1512 711 1641 758 hoede
1666 711 1718 756 te
1742 709 1872 755 wesen
1897 709 2181 757 verseeckert
2204 709 2334 757 sinde
2358 707 2463 754 hier
2487 706 2565 751 van
2590 702 2694 750 geen
2719 699 2903 748 grooter

955 814 1216 868 consientie
1242 812 1399 859 sullen
1423 808 1556 857 sijn,
1581 805 1660 852 als
1684 803 1738 849 in
1764 803 1947 848 Brassie
1973 803 2052 851 bij
2077 806 2260 852 saldien
2287 803 2470 852 sleghts
2495 798 2757 847 apparentie
2782 796 2863 842 van

946 908 1298 963 voordeelsagen,
1323 904 1499 953 d'wijle
1524 903 1650 949 desen
1674 899 1876 947 oorloogh
1901 899 2001 944 door
2025 898 2102 943 den
2126 896 2303 942 Coninck
2327 897 2403 942 Van
2428 891 2729 942 t'tportugael
2753 888 2864 935 niet

941 1009 1269 1065 Jegenstaende
1296 1009 1350 1054 's
1377 1004 1595 1053 tractaet
1621 1002 1704 1048 van
1730 997 1949 1046 Bestandt
1976 995 2194 1042 tusschen
2220 992 2330 1040 hdem
2357 992 2412 1037 en
2439 991 2494 1037 d'
2520 989 2684 1035 Heeren
2710 987 2876 1034 staten
2901 990 2929 1035 —

940 1112 1153 1166 generael
1178 1109 1442 1156 opgerecht,
1468 1107 1573 1155 ende
1599 1104 1731 1152 tegen
1757 1099 1994 1147 solemnele
2019 1099 2231 1145 beloften
2255 1099 2414 1145 vanden
2439 1092 2703 1143 gouverneur
2726 1086 2808 1135 Van
2832 1084 2965 1132 Bahia

944 1213 1019 1260 van
1043 1214 1244 1260 'tselvte
1268 1211 1468 1259 tractaet
1492 1209 1543 1255 in
1567 1207 1693 1254 allen
1717 1205 1868 1252 deelen
1893 1204 1943 1250 te
1967 1204 2117 1253 willen
2141 1207 2367 1253 naercomen
2390 1205 2492 1251 wort
2514 1196 2741 1250 aengedaen

884 1381 982 1428 Bij
1013 1381 1339 1432 d'partsche
1372 1376 1632 1426 advijsen
1664 1371 1925 1420 vernemen
1957 1371 2087 1416 mede
2119 1370 2282 1418 onder
2314 1370 2543 1417 anderen
2575 1371 2705 1420 (god
2737 1366 2966 1418 betert)

950 1494 1001 1541 't
1021 1482 1346 1538 verongelucken
1370 1481 1444 1527 van
1468 1481 1518 1527 't
1542 1481 1666 1526 Jacht
1690 1478 1741 1525 d'
1765 1477 2012 1524 schelvisch
2036 1478 2135 1523 voor
2160 1473 2357 1523 Bassorie
2381 1472 2456 1517 met
2480 1470 2554 1516 een
2579 1465 2802 1516 Cargasoen

940 1590 1238 1646 monterende
1265 1584 1563 1636 ƒ156123„—„
1590 1581 1651 1628 14
1680 1578 1857 1627 sijnde
1886 1578 2035 1625 sulcx
2062 1575 2329 1625 geschiedt
2357 1574 2447 1620 Int
2475 1560 2831 1618 afscheijden,
2857 1547 2978 1603 twee

943 1698 1070 1747 Canon
1094 1692 1272 1743 schoten
1295 1686 1450 1737 gedaen
1474 1682 1627 1730 hebben
1652 1682 1703 1728 't
1728 1681 1931 1727 geschuet
1957 1682 2033 1727 aen
2058 1682 2236 1728 stucken
2261 1678 2540 1728 gesprongen,
2562 1673 2667 1722 ende
2691 1670 2743 1717 't
2765 1664 2895 1714 Jacht
2917 1660 2945 1707 —

937 1798 1086 1853 Inden
1111 1789 1291 1842 Brandt
1319 1780 1554 1833 geraeckt
1583 1780 1671 1826 Is,
1699 1776 1934 1825 werdende
1962 1775 2109 1822 doord
2138 1776 2168 1822 o
2197 1775 2314 1821 Vlam
2342 1774 2375 1821 5
2400 1771 2753 1824 Meeerlanders
2780 1769 2813 1815 —

935 1896 1199 1947 waeronder
1227 1892 1315 1940 den
1344 1885 1607 1936 Constapel
1635 1882 1782 1930 selfs
1808 1878 1928 1927 ende
1956 1875 2161 1923 seecker
2191 1872 2424 1920 Armschen
2453 1866 2658 1917 Coopman
2687 1861 2891 1910 Marcuis
2919 1860 2957 1908 —

936 1999 1015 2050 van
1038 1996 1091 2043 't
1114 1993 1242 2040 leven
1266 1991 1444 2037 berooft
1467 1987 1570 2036 Item
1594 1986 1646 2032 d'
1669 1980 1974 2030 Coopsluijden
1998 1978 2251 2025 Siacerius,
2276 1976 2352 2023 Van
2377 1970 2579 2020 sulcken,
2604 1963 2808 2016 schipper

936 2105 1067 2162 Haer
1096 2099 1194 2147 den
1223 2087 1608 2142 onderkoopman
1639 2085 1832 2132 vander
1862 2083 2086 2131 Cappeen
2118 2078 2405 2128 Adsistent
2437 2076 2533 2123 Jan
2564 2073 2660 2120 Ham
2691 2066 2788 2117 als
2816 2061 2852 2109 —

939 2196 1137 2247 desselfs
1162 2193 1335 2240 broeder
1359 2190 1533 2238 nlevens
1558 2189 1657 2235 noch
1682 2188 1731 2234 10
1755 2187 1805 2233 oe
1830 2187 1855 2232 n
1880 2183 2029 2232 andere
2052 2177 2276 2227 persoonen
2300 2174 2399 2221 seer
2424 2170 2697 2219 sammerlijck
2721 2168 2924 2217 gequetst

939 2295 1263 2347 daerenboven
1290 2286 1528 2339 niemandt
1557 2285 1645 2331 det
1675 2284 1793 2330 uijt
1820 2282 2028 2332 'tselve
2057 2284 2322 2331 geberght,
2351 2278 2499 2328 sulcx
2526 2272 2616 2321 een
2645 2266 2915 2317 desolaten

949 2406 1066 2457 ende
1093 2395 1413 2449 miserabilen
1441 2389 1587 2439 staet
1615 2388 1732 2435 was,
1761 2387 1848 2433 den
1876 2383 2081 2431 almogen
2108 2380 2311 2430 gelieve
2339 2379 2398 2424 s'
2425 2374 2688 2424 Compagnes
2714 2362 2949 2417 schaelde

926 2512 983 2560 In
1008 2507 1176 2559 andere
1202 2500 1480 2551 Conquesten
1505 2495 1563 2543 te
1590 2482 1867 2538 versetten.
1893 2478 1922 2524 —

793 2651 916 2705 Byn
954 2646 1228 2701 seecker
1267 2635 1542 2691 extract
1575 2628 1737 2679 uijt
1776 2627 1855 2673 't
1893 2623 2325 2671 dagregister
2363 2615 2600 2668 vanden
2638 2614 2680 2661 E
2716 2618 2756 2665 —

939 2755 1174 2815 Cornelis
1201 2752 1290 2800 van
1316 2745 1464 2796 hanen
1490 2738 1608 2788 uijt
1635 2730 1898 2782 weingurla
1926 2728 2072 2774 werdt
2100 2726 2333 2774 vernomen
2361 2727 2449 2773 hoe
2477 2727 2594 2773 uijt
2622 2727 2709 2773 Goo
2738 2726 2862 2774 twee

931 2849 1358 2915 Cloeckeschepen
1388 2846 1541 2894 eerst
1571 2836 1968 2891 naerl'ouschin
1996 2830 2120 2879 omme
2149 2826 2333 2873 aldaer
2363 2822 2577 2871 partije
2607 2818 2761 2867 peper

927 2968 984 3014 en
1007 2962 1065 3010 te
1091 2956 1230 3005 nemen
1254 2951 1312 2999 1,
1337 2946 1448 2994 ende
1475 2944 1558 2990 dan
1584 2943 1641 2989 d'
1667 2942 1805 2990 reijs
1830 2939 1941 2987 Naer
1968 2932 2133 2983 europa
2159 2926 2462 2976 tevoorderen
2487 2916 2764 2971 vertrocken

908 3060 1257 3123 syndebeladen
1284 3056 1372 3104 met
1400 3053 1459 3100 't
1484 3041 1776 3097 naervolgen

961 3205 1088 3252 2000
1116 3193 1402 3248 quantaeen
1433 3187 1628 3238 Caneel

999 3286 1094 3337 150
1123 3283 1216 3331 do.
1246 3273 1620 3331 Cassialingua

1004 3378 1101 3429 100
1131 3373 1227 3422 do.
1257 3370 1447 3417 Boracx

1013 3470 1100 3517 100
1125 3461 1214 3513 do.
1241 3456 1414 3505 Indigo

1003 3554 1082 3603 200
1106 3552 1160 3600 d.
1183 3547 1238 3595 o.
1262 3540 1445 3590 Curcuma
1470 3538 1575 3586 ofte
1599 3536 1816 3584 Borborij

1011 3644 1105 3694 200
1135 3638 1227 3687 So.
1254 3632 1503 3681 Wieroocq

1015 3728 1122 3780 100
1153 3719 1259 3770 do.
1292 3710 1638 3763 Gommelacca

1058 3810 1129 3862 75
1160 3802 1262 3854 do.
1293 3795 1594 3847 Benjumijn

990 3907 1102 3960 2000
1127 3897 1294 3951 Corgie
1319 3887 1596 3941 diveersche
1620 3883 1898 3930 sorteringe
1924 3884 2089 3930 Cleden
2116 3883 2171 3929 of
2198 3880 2452 3930 lynwaeten

966 3999 1106 4050 10000
1133 3994 1412 4043 Cheraphyns
1439 3990 1663 4039 waerdije
1690 3989 1747 4035 In
1773 3986 2108 4033 cambodiasche
2136 3985 2303 4031 cleden

979 4081 1105 4130 4000
1135 4081 1450 4130 Cheraphyns
1481 4081 1701 4127 waerdye
1732 4081 1795 4128 In
1825 4077 2078 4126 Chindese
2109 4073 2303 4122 Cleden

1024 4171 1123 4222 100
1154 4170 1186 4216 O
1217 4170 1537 4217 Cheraphyns
1568 4171 1633 4216 in
1665 4167 1952 4216 diamanten

1023 4253 1128 4308 150
1159 4246 1360 4296 Candij
1394 4244 1564 4293 Peper

1032 4343 1097 4391 20
1127 4334 1384 4387 guintael
1415 4329 1707 4378 Cardoemom

1038 4430 1095 4476 60
1121 4426 1207 4473 do.
1234 4418 1514 4470 Combodiase
1541 4415 1682 4462 noten

0 1435 174 1485 atria

127 3065 216 3110 onse

0 3065 27 3111 en

0 3591 185 3640 hdden
