3642 4828
994 492 1284 542 april
1326 484 1572 535 1846

1402 675 1483 725 met
1510 674 1589 720 syn
1614 673 1720 719 doon
1746 670 1982 718 handelde)
2007 667 2270 715 derwaerdte
2297 667 2559 714 vertrocken
2585 670 2690 716 was,
2715 670 2795 716 hij
2821 670 2980 717 diende
3004 673 3188 722 daerop,
3214 677 3267 724 d'
3293 668 3426 724 Maght

1393 781 1537 828 hadde
1565 779 1652 826 hem
1681 779 1738 824 te
1765 777 1882 824 veel
1908 772 2111 822 quaedts
2139 771 2340 818 gedaen,
2368 772 2455 817 dat
2483 773 2569 818 dat
2598 773 2885 823 revengeren
2913 778 3086 826 moeste
3114 781 3172 827 d'
3200 779 3373 829 mags„r

1401 885 1478 933 dit
1503 885 1759 933 verstaende
1785 883 1963 930 seyjde,
1989 883 2015 928 t
2039 881 2091 927 so
2116 881 2219 926 waer
2244 882 2295 927 te
2320 882 2448 928 voren
2474 882 2576 928 doen
2601 882 2653 927 d'
2677 881 2882 927 Neijcken
2908 881 3035 926 tegen
3061 881 3137 926 mij
3162 879 3316 926 Woaren
3341 878 3473 927 hadde

1405 998 1485 1044 hij
1511 995 1592 1042 wat
1617 991 1752 1038 kans,
1779 989 1885 1036 maer
1912 989 1965 1034 nu
1991 987 2072 1033 sij
2099 986 2179 1032 met
2205 986 2286 1031 mij
2312 986 2579 1033 vereenicht
2606 987 2739 1033 sijn,
2766 987 2847 1034 kom
2872 988 2953 1034 hij
2979 987 3087 1033 niet
3113 985 3220 1031 veel
3246 984 3300 1029 te
3326 984 3354 1030 —

1408 1112 1538 1158 weegh
1563 1109 1773 1157 brengen,
1798 1107 1903 1153 daer
1930 1106 1982 1152 Is
2006 1104 2112 1150 niet
2137 1104 2217 1150 aen
2242 1102 2479 1149 bedreven,
2503 1104 2556 1150 of
2581 1103 2660 1149 Bij
2686 1100 2842 1148 naerd'
2868 1099 3025 1145 Mooren
3051 1093 3183 1144 treck

1278 1274 1369 1338 De
1408 1264 1774 1316 reeijcken
1815 1261 1937 1309 van
1977 1256 2182 1306 maere
2221 1258 2384 1304 ende
2425 1254 2831 1305 tansjouwer
2871 1253 3238 1301 geinneert
3272 1252 3441 1300 niet

1387 1374 1468 1423 die
1494 1374 1573 1419 van
1599 1373 1810 1419 sintier,
1836 1372 2073 1419 schrijven
2098 1370 2178 1417 een
2204 1369 2416 1415 stemmich
2441 1366 2652 1415 doordien
2678 1366 2730 1411 d'
2756 1363 2890 1411 mags.
2913 1365 2968 1411 nu
2993 1367 3072 1412 ons
3099 1367 3205 1412 bief
3230 1368 3336 1414 ende
3360 1368 3388 1414 —

1394 1477 1638 1526 versoeckt,
1661 1477 1758 1523 ende
1783 1476 1880 1522 niet
1903 1476 2001 1522 meer
2025 1476 2098 1521 soo
2120 1474 2195 1520 als
2218 1474 2388 1520 tevoren
2412 1473 2631 1520 dreijght,
2655 1472 2727 1517 soo
2752 1472 2801 1517 en
2823 1470 2970 1516 moeten
2993 1469 3091 1514 oocq
3115 1469 3164 1514 d'
3188 1469 3334 1515 dingen
3355 1466 3431 1515 die

1387 1577 1516 1625 onder
1541 1577 1618 1623 ons
1643 1577 1771 1624 sijn,
1796 1579 1899 1625 niet
1923 1576 2281 1623 meergedencken,
2306 1577 2384 1624 mak
2406 1578 2485 1625 ons
2509 1579 2688 1627 begeven
2713 1581 2790 1626 tot
2815 1581 3095 1627 opmerckingh
3121 1580 3223 1626 voor
3248 1576 3407 1625 hooget

1387 1689 1574 1736 dingen,
1600 1688 1681 1734 als
1707 1689 1866 1735 sijnde
1893 1690 1946 1735 't
1973 1689 2159 1735 gemueen
2184 1688 2345 1734 landts
2371 1690 2610 1739 welvaeren
2637 1694 2717 1740 dat
2743 1695 2797 1741 so
2822 1695 2903 1742 dat
2929 1698 3009 1744 wij
3035 1699 3115 1745 tot
3140 1695 3434 1744 resistentie

1389 1805 1580 1853 vanden
1610 1804 1831 1851 Vijandt
1862 1804 2020 1850 aende
2051 1804 2210 1850 mags.
2241 1805 2556 1853 Inderhaest
2587 1805 2714 1852 voor
2745 1798 2997 1850 afsenden
3029 1797 3124 1843 40l
3154 1795 3344 1844 mannen
3375 1796 3408 1843 —

1383 1910 1508 1963 ende
1537 1907 1599 1954 60
1629 1906 1660 1952 l
1690 1905 1934 1951 pardauws
1964 1905 2209 1952 Contant,
2238 1908 2422 1955 sullen
2451 1907 2513 1955 d'
2543 1908 2847 1955 Eesterende
2878 1907 3152 1954 penningen
3183 1904 3274 1952 als
3304 1898 3458 1949 macht

1384 2016 1477 2065 met
1507 2009 1843 2059 rareijnepa,
1873 2006 1996 2053 ende
2025 2005 2088 2050 d'
2117 2006 2302 2053 andere
2331 2009 2699 2059 ambassadeurs
2728 2013 2820 2061 naa
2850 2010 3094 2058 gesonden
3124 2005 3308 2054 werden

1358 2145 1455 2194 den
1485 2139 1709 2189 Coninck
1740 2138 1837 2183 dit
1868 2136 2125 2184 verstaen
2154 2139 2251 2187 was
2280 2139 2411 2187 seer
2441 2140 2856 2187 gecontenteert
2887 2142 3079 2189 seggen
3110 2143 3174 2188 d'
3206 2142 3401 2191 mooren

1382 2237 1434 2282 en
1458 2236 1612 2283 hebben
1637 2236 1739 2282 geen
1765 2236 1894 2282 wercq
1917 2238 1995 2284 van
2019 2240 2097 2285 mij
2121 2240 2326 2286 gemaeckt
2351 2241 2454 2286 ende
2478 2242 2581 2288 sijn
2606 2243 2683 2290 soo
2708 2245 2836 2291 Ingev
2861 2246 3014 2291 allen,
3039 2245 3091 2291 nu
3116 2246 3193 2292 sal
3217 2245 3295 2291 het
3320 2242 3425 2291 haer

1365 2332 1609 2381 verleeren,
1633 2332 1755 2379 dies,
1778 2332 1901 2379 heeft
1925 2334 2095 2381 bevolen
2120 2336 2219 2383 alle
2241 2339 2339 2386 sijn
2363 2340 2485 2387 macht
2509 2342 2559 2388 op
2582 2343 2631 2389 te
2655 2342 2851 2388 trecken,
2874 2342 2972 2388 doch
2996 2339 3240 2387 Babelechan
3263 2334 3386 2383 heeft

1379 2436 1702 2484 g'andtwoort
1730 2435 1819 2481 dat
1848 2435 2053 2481 alvoren
2082 2437 2171 2484 tot
2199 2440 2492 2491 Betaelinge
2520 2447 2610 2494 van
2637 2450 2754 2496 sijn
2783 2449 2930 2496 volcq
2959 2448 3106 2494 aense
3134 2443 3312 2493 Welcke

1372 2547 1484 2593 peel
1512 2546 1596 2592 ten
1623 2543 1848 2590 achteren
1875 2542 1960 2588 was
1987 2543 2072 2589 van
2098 2545 2350 2595 Contanten
2378 2550 2715 2600 gesecundeert
2741 2555 2882 2600 moest
2910 2554 3077 2600 werden
3105 2550 3358 2599 oversulcx

1374 2651 1625 2700 d'Maijs.t
1648 2650 2039 2699 d'maendelijcke
2066 2652 2259 2699 soldije
2287 2654 2509 2703 hebbende
2535 2657 2646 2703 doen
2674 2657 2951 2703 reeckenen,
2977 2656 3034 2702 en
3060 2654 3144 2700 die
3172 2647 3449 2699 bevindende

1377 2762 1430 2808 te
1454 2757 1664 2807 beloopen
1690 2757 1768 2803 160
1793 2756 1820 2802 l
1846 2756 2056 2803 perdauws
2081 2758 2264 2807 buijten
2289 2762 2343 2809 't
2367 2764 2472 2810 gene
2498 2764 2708 2814 Jaerlicx
2733 2769 2812 2816 aen
2837 2771 3073 2819 landerije
3098 2773 3281 2821 genoten
3305 2771 3333 2817 ¼
3357 2768 3440 2814 aen

1367 2870 1606 2919 Juweelen,
1632 2868 1738 2915 ende
1765 2868 1818 2914 d'
1843 2869 1951 2915 Eest
1976 2870 2162 2918 wanneer
2188 2873 2215 2919 t
2240 2875 2427 2922 ontseth
2452 2878 2532 2923 der
2558 2877 2796 2926 sleijcken
2823 2881 2956 2928 soude
2981 2883 3246 2932 aengecomen
3272 2886 3385 2934 sijn

1362 2982 1610 3036 belooft,
1639 2980 1766 3026 ende
1796 2981 1859 3026 d'
1890 2981 2170 3028 Militaire
2200 2984 2542 3030 eenichsints
2573 2984 2977 3031 gecontenteert
3007 2984 3194 3032 heeft,
3224 2984 3259 3032 —

1257 3122 1723 3189 Bauwelewaer
1766 3122 2313 3179 kistapaneijck
2354 3135 2692 3187 schrijft
2731 3143 2858 3189 aen
2900 3143 3196 3190 Coninck
3236 3146 3363 3194 dat

1359 3236 1520 3288 sijnen
1547 3238 1839 3284 vertrouwder
1864 3239 1972 3285 ende
1996 3241 2156 3290 Vooght
2181 3245 2262 3291 soo
2287 3246 2500 3294 haestich
2525 3249 2632 3295 ende
2658 3250 2819 3296 sonder
2842 3253 3002 3301 Verlof
3028 3256 3135 3303 uijt
3160 3258 3240 3304 des
3265 3255 3399 3303 mags.
3419 3249 3453 3298 d

1359 3356 1434 3405 hof
1454 3349 1748 3399 gescheijden,
1772 3347 1967 3394 eenlijck
1991 3348 2210 3396 geschiedt
2234 3351 2283 3397 so
2307 3352 2526 3398 (doordien
2549 3353 2598 3399 d'
2622 3353 2769 3399 mooren
2792 3355 2865 3400 soo
2890 3355 2987 3401 dilx
3011 3356 3158 3404 waeren
3181 3360 3449 3407 Ingevallen)

1360 3453 1442 3503 tot
1467 3450 1679 3498 defentie
1705 3453 1785 3498 van
1810 3454 1916 3501 sijn
1942 3456 2126 3502 persoon
2153 3456 2259 3502 ende
2284 3457 2442 3504 landt,
2469 3459 2812 3505 ondertusschen
2837 3457 3048 3505 geliefde
3074 3456 3127 3503 d'
3153 3455 3338 3503 Mags.te
3363 3454 3435 3500 te

1353 3552 1576 3603 gelooven
1601 3555 1684 3602 hij
1711 3557 1903 3603 getrouw
1930 3558 2014 3605 aen
2040 3561 2095 3606 't
2122 3561 2260 3609 rijck
2287 3564 2397 3611 was,
2424 3566 2535 3615 ende
2560 3571 2700 3624 sulcx
2725 3580 2918 3631 blijven
2944 3586 3109 3633 wilde,
3137 3587 3356 3635 seggende

1344 3655 1526 3703 daerbij
1551 3658 1604 3704 't
1629 3660 1734 3707 geen
1757 3661 1940 3709 schande
1965 3664 2044 3710 Was
2069 3666 2148 3712 men
2173 3668 2225 3715 in
2250 3670 2381 3719 tijde
2406 3675 2484 3722 van
2509 3677 2640 3726 noodt
2665 3682 2719 3729 om
2742 3686 2795 3731 't
2820 3687 2950 3734 sijne
2976 3689 3028 3735 te
3053 3690 3313 3737 beschermen
3337 3689 3417 3737 met

1349 3767 1434 3814 den
1462 3767 1631 3813 vyandt
1658 3764 1970 3812 tracteerde,
1996 3768 2277 3820 wanneermen
2305 3775 2391 3823 als
2417 3779 2502 3827 het
2530 3781 2615 3827 tyt
2642 3783 2728 3831 was
2755 3787 2867 3834 sich
2896 3789 3038 3837 weder
3064 3794 3426 3841 rebenigeerde

1348 3881 1453 3929 ende
1479 3881 1610 3927 vroom
1635 3883 1818 3930 thoonde
1843 3886 1973 3933 aende
1999 3888 2131 3936 gerij
2155 3892 2338 3940 daermen
2363 3895 2494 3943 onder
2519 3897 2729 3944 behoorde
2754 3899 2780 3944 —

1284 4050 1590 4102 seeckeren
1624 4046 1793 4095 spion
1827 4046 1929 4091 der
1963 4043 2201 4091 Conincx
2234 4045 2472 4092 Comende
2505 4046 2641 4092 uijt
2674 4047 2743 4092 't
2776 4043 3251 4093 goecondaetsche
3284 4044 3455 4091 leher

1359 4138 1621 4185 relateert
1650 4138 1738 4184 d't
1766 4136 1941 4183 magjs.
1970 4136 1999 4181 ,
2028 4136 2291 4183 derselver
2319 4137 2465 4184 maght
2493 4138 2611 4185 noch
2640 4139 2873 4185 omtrendt
2900 4136 3164 4183 oudegiere
3192 4135 3283 4183 was
3308 4140 3338 4185 —
