3567 4801
2770 494 2939 542 880

903 698 1277 772 Pieter
1337 677 1896 738 pietersen
1957 672 2144 721 van
2205 665 2772 720 amsterdam

888 829 1029 884 jnt
1074 817 1307 871 landt
1350 807 1677 863 gecomen
1722 797 1909 850 medt
1953 793 2048 841 d'
2094 787 2419 838 Coninck
2462 782 2605 832 van
2647 765 2930 826 poolen

862 947 976 1004 ao
1025 935 1243 986 1644
1296 928 1458 976 met
1507 925 1618 971 En
1668 914 1833 969 ter
1884 906 2208 957 maendt
2260 901 2477 952 voor
2530 883 2853 943 Bossr.

850 1051 1277 1122 hebbende
1329 1046 1437 1093 nu
1489 1028 1971 1090 geruijmen
2023 1022 2291 1072 tijt,
2343 1013 2612 1067 tampt
2664 1005 2826 1055 van

844 1179 1244 1255 schieman
1292 1175 1442 1222 tot
1487 1167 1738 1220 goedt
1784 1148 2431 1211 contentemendt
2478 1140 2629 1192 van
2678 1129 2876 1183 zijn

849 1308 1206 1381 meerder
1229 1293 1707 1349 Becleedt,
1747 1283 1956 1336 wert
1998 1267 2455 1327 derhalven
2497 1264 2604 1312 op
2652 1251 2855 1306 sijn

860 1426 1304 1504 vertoogh
1349 1409 1579 1467 ende
1633 1391 2296 1449 bequaemheijt
2341 1383 2516 1438 Bij
2569 1373 2850 1426 desen

860 1585 972 1636 in
1021 1550 1415 1626 gemelte
1466 1513 2024 1588 qualiteijt
2078 1503 2245 1555 van
2296 1488 2745 1547 Lihieman

819 1678 1465 1781 Bevesticht,
1518 1658 1755 1717 ende
1809 1638 1986 1698 Bij
2044 1606 2625 1684 halveringh
2680 1597 2858 1649 van

877 1829 1176 1892 Gagie
1233 1813 1475 1871 ende
1532 1797 1714 1855 een
1770 1756 2370 1837 Belooningh
2429 1746 2609 1799 van
2663 1725 2968 1788 Leven

861 1942 1144 2007 thien
1198 1920 1592 1985 guldens
1644 1907 1816 1963 ter
1869 1891 2211 1950 maendt
2229 1860 2883 1938 toegeleijdt

872 2068 1084 2123 ende
1136 2045 1773 2113 verbeteringe
1824 2032 1985 2087 van
2036 2017 2303 2074 gagie
2355 2009 2568 2060 dato
2618 1999 2727 2051 de
2777 1982 2940 2041 ses

906 2183 1393 2260 ingaende.
1443 2175 1501 2224 —

801 2485 1185 2554 Pieter
1233 2455 1692 2528 Janssen
1720 2441 1945 2491 van
2008 2430 2391 2484 saroos
2428 2417 2832 2480 kercke

864 2627 967 2678 ao
981 2604 1213 2660 1640
1251 2591 1413 2645 met
1461 2575 1713 2634 schip
1760 2564 1962 2617 seel
2003 2557 2263 2608 andia
2289 2537 2512 2599 voor
2560 2524 2812 2576 jongh

851 2728 1224 2802 Barbier
1276 2726 1329 2771 a
1375 2718 1435 2769 ƒ
1487 2715 1541 2761 5
1579 2701 1751 2761 ter
1802 2683 2121 2744 maendt
2172 2673 2333 2727 int
2382 2655 2650 2716 landt
2701 2640 2967 2698 gecom

874 2860 1139 2916 nader
1189 2840 1455 2902 handt
1507 2818 1982 2883 gevordert
2033 2808 2192 2861 met
2243 2791 2508 2851 gagie
2557 2779 2719 2834 van
2769 2772 2877 2822 ƒ9

851 3000 1087 3055 wiens
1129 2990 1320 3043 tijt
1365 2986 1461 3035 nu
1505 2977 1601 3029 g'
1645 2949 2115 3020 expireerdt
2160 2931 2488 2990 sijnde,
2535 2921 2769 2974 werdt
2814 2916 2912 2964 op

860 3130 1085 3193 sijn
1138 3103 1583 3171 versoeck
1635 3089 1859 3145 ende
1904 3051 2576 3127 Bequaemheijt
2631 3049 2798 3097 als

929 3229 1621 3345 Genegentheijt
1673 3222 1779 3270 d'
1830 3213 1938 3267 E:
1988 3194 2308 3253 comp„e
2358 3173 2571 3231 noch
2619 3150 2943 3215 langer

966 3207 1110 3264 ce

881 3401 987 3457 jn
1032 3376 1288 3440 jndia
1336 3368 1440 3419 te
1488 3345 1793 3409 dienen
1843 3340 1996 3389 Bij
2043 3318 2299 3380 desen
2345 3308 2450 3359 d'
2497 3296 2702 3350 novo
2752 3291 3007 3341 onder

877 3520 1108 3584 drije
1150 3495 1427 3559 jaeren
1466 3471 1839 3538 verbandt
1883 3466 2068 3515 voor
2112 3461 2205 3510 d'
2249 3447 2480 3504 selve
2524 3423 3001 3490 qualiteijt

875 3648 1048 3701 van
1103 3623 1390 3689 jongh
1446 3599 1847 3666 Barbier
1903 3560 2476 3642 aengenomen
2532 3550 2761 3602 ende
2818 3546 2995 3594 een

867 3771 1375 3838 belooningh
1420 3751 1576 3810 van
1623 3710 2080 3791 veerthien
2130 3692 2484 3751 guldens
2534 3683 2687 3734 ter
2735 3675 3042 3725 maendt

861 3906 1472 3988 toegevought
1526 3867 2083 3948 innegaende
2136 3844 2527 3908 tnieuwe
2582 3833 3027 3887 verbandt

877 4066 985 4115 en
1035 4022 1727 4109 verbeteringhe
1744 4008 1936 4058 van
1986 3995 2254 4052 gagie
2307 3981 2519 4038 dato
2562 3968 2837 4025 deses
2887 3967 2947 4014 —

783 4243 975 4307 Jan
1033 4208 1719 4281 huijbertsen
1774 4192 1967 4249 int
2028 4175 2339 4234 landt
2399 4161 2836 4218 gecomen

889 4359 1029 4411 met
1073 4350 1305 4402 schip
1348 4344 1442 4391 d'
1485 4329 1763 4386 snoeck
1806 4320 1901 4371 Ao
1943 4303 2129 4361 1643
2169 4292 2358 4346 voor
2401 4271 2908 4336 Bootsgesell

866 4491 939 4544 a
1004 4476 1143 4530 ƒ7
1210 4460 1415 4516 ter
1480 4431 1891 4498 maendt
1951 4415 2299 4473 werdt
2358 4380 2638 4459 door

2404 4469 2926 4553 Expiratie

121 1507 252 1562 man

159 3184 233 3234 e
