3614 4780
2055 250 2377 308 April

709 494 825 540 Aen
862 485 1135 538 d'Ed=le
1165 490 1321 539 h=rn
1358 491 1550 543 Raden
1587 499 1664 545 en
1702 501 1934 553 direc„

492 616 725 667 „teurs,
756 610 923 659 wegen
955 610 1055 656 den
1087 608 1552 661 Nederlantschen
1583 618 1750 666 staet
1782 622 1848 667 in

435 889 528 936 aen
558 888 620 934 d'
650 887 744 934 Ed:
775 886 868 933 H=r
898 884 1053 930 Raden
1084 884 1146 930 en
1176 874 1456 928 direct=rs

445 961 608 1009 wegen
639 962 705 1007 d'
738 960 1226 1008 Nederlandtschen
1258 959 1421 1005 staet

455 1044 546 1090 In
591 1039 826 1088 India

840 1372 976 1427 Sijn
1008 1370 1108 1416 Ed:
1140 1372 1339 1419 Heeren
1372 1374 1438 1419 op
1470 1374 1702 1422 d'salvo
1735 1376 2066 1422 overcomste
2097 1378 2198 1425 God
2229 1380 2561 1432 d'voorsten
2593 1384 2759 1432 vant'

876 1464 1013 1524 Jacht
1038 1462 1091 1508 d'
1115 1458 1379 1506 waterhoudt
1404 1457 1483 1503 van
1510 1457 1614 1503 hier
1641 1456 1772 1502 11:e'
1798 1456 2008 1503 October,
2034 1458 2218 1505 t'schip
2243 1460 2296 1506 d'
2322 1462 2453 1508 vrede
2479 1463 2558 1509 van
2583 1457 2796 1509 Masulipa

862 1547 1025 1598 „tnam,
1050 1543 1105 1590 14
1132 1541 1212 1587 d=o
1238 1540 1346 1585 ende
1373 1540 1427 1585 t'
1453 1540 1748 1586 fluijtschip
1775 1540 2016 1587 Castricum
2043 1542 2124 1588 van
2150 1543 2366 1590 pijpelij
2392 1546 2472 1592 3:'
2499 1541 2741 1592 November,

875 1631 1156 1684 adroucture
1182 1628 1295 1676 naer
1323 1627 1520 1674 costij,
1545 1628 1828 1674 mitsgaders
1855 1630 1912 1676 't
1938 1630 2163 1676 Engelsch
2191 1631 2330 1676 Jacht
2358 1630 2610 1676 d'advijso
2638 1626 2723 1675 van

874 1716 1260 1769 masulipatnam
1292 1715 1389 1761 11e
1421 1714 1904 1761 daeraenvolgende
1936 1716 2065 1761 naer
2097 1715 2291 1761 bantam
2323 1711 2710 1762 genavigeert.

864 1826 1046 1880 sijnde
1073 1817 1433 1870 d'waterhoudt
1462 1818 1760 1868 affgeladen
1788 1823 1878 1868 met
1908 1823 1999 1869 een
2027 1821 2146 1870 car„

860 1902 1234 1966 „gasoentge
1269 1897 1420 1946 van.
1456 1898 1494 1943 .
1530 1898 1570 1945 .
1604 1903 1644 1950 .
1678 1906 1716 1952 .
1754 1906 1792 1952 .
1827 1909 1866 1956 .
1902 1911 1940 1957 .
1970 1903 2014 1954 .
2050 1903 2088 1949 .
2123 1900 2162 1946 .
2199 1899 2236 1944 f
2271 1885 2733 1943 135031//19/1

861 1985 1187 2051 d'vreede.
1222 1982 1258 2028 .
1288 1978 1330 2026 .
1365 1979 1403 2025 .
1436 1981 1474 2027 .
1508 1983 1546 2029 .
1580 1986 1617 2031 .
1652 1987 1689 2032 .
1724 1988 1761 2034 .
1795 1990 1834 2037 .
1867 1994 1905 2041 .
1934 1994 1975 2043 .
2008 1990 2047 2037 .
2080 1986 2118 2033 .
2152 1984 2190 2030 /
2225 1970 2732 2030 433176//12//13

864 2073 1247 2137 Castricum.
1283 2070 1323 2116 .
1361 2069 1399 2115 .
1437 2069 1475 2114 .
1513 2069 1552 2115 .
1589 2071 1629 2117 .
1666 2073 1705 2119 .
1740 2073 1780 2120 .
1818 2073 1857 2119 .
1894 2075 1933 2120 .
1970 2075 2009 2121 .
2047 2074 2086 2120 .
2122 2071 2162 2118 .
2198 2070 2238 2117 „
2274 2071 2504 2118 86497/
2542 2068 2618 2116 1„
2657 2066 2734 2113 14

854 2189 921 2236 te
952 2185 1119 2234 samen
1151 2182 1251 2229 een
1282 2179 1582 2227 Cargasoen
1613 2175 1847 2224 Jncoops
1879 2166 2214 2221 bedragende

865 2260 1109 2315 conform
1142 2250 1522 2304 d'bijgaende
1555 2249 1866 2296 facturen.
1900 2250 1935 2296 .
1969 2248 2004 2293 .
2032 2243 2073 2293 .
2103 2237 2141 2284 .
2174 2234 2210 2281 f
2244 2226 2742 2279 654705//13//12

858 2364 1022 2418 sullen
1047 2360 1102 2408 v.
1127 2358 1182 2404 E.
1208 2355 1262 2402 d:
1289 2353 1396 2400 uijt
1422 2353 1476 2398 d'
1502 2352 1770 2398 daernevens
1797 2351 2011 2398 gesonden
2038 2347 2279 2396 advijsen,
2304 2345 2734 2393 Negotie-boecken,

863 2453 983 2503 ende
1011 2445 1220 2497 verdere
1248 2438 1576 2489 documenten,
1605 2434 2021 2482 t'gepasseerde,
2050 2430 2170 2478 ende
2199 2427 2586 2475 d'constitutie
2613 2422 2675 2471 In
2702 2417 2764 2466 en

865 2535 1061 2588 ontrent
1088 2529 1228 2579 dees,
1254 2526 1339 2572 als
1365 2522 1533 2570 andere
1560 2518 1867 2566 quartieren,
1894 2517 1978 2563 ten
2005 2516 2312 2564 principale,
2337 2518 2479 2564 sulcx
2506 2520 2618 2566 gocq
2645 2522 2790 2571 nader

867 2625 984 2673 uijt
1010 2612 1362 2668 d'mondelinge
1390 2607 1652 2657 rapporten
1681 2607 1857 2654 vanden
1885 2608 2234 2654 Oppercoopman
2263 2608 2351 2654 Sr.
2380 2608 2732 2658 Bartholomeus

864 2700 1173 2757 d'Gruijter,
1198 2695 1312 2743 ende
1338 2693 1479 2740 Capn:
1506 2691 1675 2737 Jurgen
1703 2691 1926 2737 boddijn,
1954 2692 2122 2738 hebben
2149 2694 2373 2741 gelieven
2401 2696 2457 2741 te
2485 2696 2736 2745 vernemen,

864 2790 1071 2841 welcken
1099 2780 1365 2834 aengaende
1394 2777 1454 2824 d'
1482 2776 1866 2823 seeckerheijt,
1895 2778 2190 2826 mitsgaders
2219 2782 2278 2827 v.
2307 2782 2425 2828 E.d:
2454 2783 2723 2831 gevallen,

866 2879 989 2928 ende
1018 2866 1294 2922 versochte
1324 2863 1478 2911 ordre
1508 2862 1600 2908 tot
1631 2862 1723 2907 ons
1753 2862 1907 2909 nader
1937 2864 2273 2915 regulement,
2304 2868 2396 2913 met
2427 2867 2702 2913 verlangen

867 2970 924 3018 te
949 2959 1114 3013 gemoet
1140 2953 1250 3003 sie,
1276 2949 1359 2997 bij
1385 2944 1523 2994 desen
1549 2943 1604 2988 nu
1631 2942 1713 2988 sal
1741 2942 1768 2987 v
1794 2942 1850 2990 E.
1877 2945 1933 2991 d:
1958 2948 2204 3000 cortel=j,
2230 2954 2341 3000 doch
2367 2955 2449 3001 soo
2476 2956 2585 3002 veel
2612 2957 2786 3017 nodigh

854 3050 1230 3109 aencundigen,
1260 3045 1417 3094 tgene
1448 3043 1511 3089 In
1542 3041 1761 3088 gevolge
1792 3041 2200 3092 voorgevallen,
2228 3047 2354 3093 ende
2385 3048 2480 3094 den
2510 3049 2699 3096 dienst

859 3146 1018 3196 onser
1050 3142 1145 3191 H=r
1174 3126 1527 3185 principalen
1558 3127 1749 3173 verder
1780 3128 2195 3178 vereijschende
2225 3133 2324 3180 Is,

835 3308 922 3358 Het
947 3309 1008 3358 is
1035 3305 1123 3353 dan
1150 3303 1265 3349 voor
1292 3298 1437 3348 eerst
1464 3294 1637 3342 sulcxs
1666 3294 1752 3339 den
1780 3293 2038 3339 vervenden
2067 3292 2182 3339 ende
2209 3289 2554 3337 boosaerdigen
2581 3287 2758 3335 Chinan

844 3398 934 3447 „na
962 3394 1022 3441 In
1049 3387 1169 3438 sijn
1197 3383 1404 3431 brutael
1431 3379 1492 3427 op
1520 3375 1638 3424 set,
1667 3374 1755 3420 met
1785 3373 2255 3421 confiraniventie,
2283 3376 2401 3422 ende
2430 3372 2669 3421 toestaen

859 3483 954 3533 des
984 3476 1230 3528 Conincx,
1260 3463 1690 3520 continuerende,
1720 3460 1966 3507 houdende
1996 3461 2088 3506 een
2118 3461 2303 3510 legher
2331 3464 2425 3510 van
2455 3456 2674 3509 ontrent

860 3575 976 3623 4000
1003 3565 1178 3619 pions,
1204 3559 1321 3608 ende
1349 3557 1408 3603 50
1434 3552 1666 3601 moorsche
1695 3551 1955 3597 ruijters,
1983 3552 2242 3600 beschanft
2271 3555 2357 3601 met
2386 3556 2473 3601 een
2501 3553 2648 3601 borst

860 3660 1064 3713 weringe
1090 3655 1178 3703 Jnt
1206 3648 1379 3699 ronde,
1406 3644 1579 3692 daerop
1607 3643 1636 3688 3
1665 3643 1780 3689 st=r
1808 3644 2009 3690 geschut
2038 3645 2066 3690 ½
2095 3644 2210 3690 mijl
2238 3643 2439 3689 buijten
2467 3643 2525 3689 d'
2553 3639 2698 3687 stadt

861 3746 1222 3805 palliacatte,
1252 3737 1463 3790 buijten
1492 3735 1614 3781 dien
1643 3734 1885 3779 d'weghen
1915 3734 2035 3780 ende
2065 3734 2336 3782 passagien
2367 3736 2548 3782 alomme
2576 3733 2671 3782 tot

854 3838 1243 3899 verhinderingh
1272 3834 1362 3881 van
1390 3828 1541 3878 allen
1571 3826 1930 3876 noodwendigen
1959 3832 2168 3878 toevoer
2197 3831 2317 3877 seer
2346 3828 2466 3875 nauw
2496 3825 2677 3873 beset,

854 3941 978 3994 doch
1006 3928 1192 3985 siende
1221 3920 1466 3971 weijnigh
1496 3917 1619 3964 ofte
1650 3916 1772 3962 niet
1802 3917 1924 3963 door
1955 3918 2201 3969 geweldt,
2229 3924 2352 3970 ende
2383 3916 2689 3969 opgeblasen

836 4036 990 4087 hooch
1017 4027 1172 4079 moedt
1200 4018 1385 4070 tegens
1413 4011 1628 4062 d'selve
1658 4010 1841 4056 stadt,
1871 4010 1993 4055 veel
2023 4011 2116 4059 min
2145 4015 2206 4061 s'
2236 4017 2419 4063 Compjs
2449 4012 2724 4064 fortresse

2690 4090 2827 4142 ijscq

839 4144 903 4195 te
929 4127 1114 4186 cunnen
1142 4108 1509 4171 uijtrichten,
1537 4105 1660 4152 maer
1689 4103 1812 4149 sich
1842 4103 1963 4148 meer
1993 4103 2116 4150 ende
2145 4106 2268 4153 meer
2297 4109 2419 4155 daer
2449 4110 2570 4155 door
2596 4105 2665 4155 te

1483 1087 1660 1136 Ed=le
1694 1090 2048 1142 Erntfeste,
2084 1097 2367 1143 Manhafte
2401 1098 2508 1144 wel
2543 1091 2721 1144 wijse

1495 1171 1897 1222 voorsienigse,
1927 1175 2052 1221 ende
2082 1176 2206 1222 seer
2237 1176 2485 1224 discrete
2511 1158 2634 1226 R=rn

1774 871 2106 924 Copie

2458 852 2667 901 814

2152 888 2422 940 febr.

2556 4224 2712 4278 verte
2740 4218 2804 4267 te

0 255 83 302 46

0 707 143 755 d

0 768 135 815 april
161 767 190 813 a
212 766 243 814 o

0 828 124 878 ht
