3608 4917
2849 277 3043 327 691

460 347 526 397 10
556 343 652 391 stx
683 340 872 387 houten
903 337 966 385 om
997 335 1186 381 alhier
1217 335 1281 382 te
1312 336 1597 388 bereijden
1627 345 1910 392 hoodanigh
1942 346 2037 391 dat
2067 347 2257 399 mender
2287 354 2446 402 loops
2476 357 2572 405 van
2602 362 2917 413 musquetten

697 403 933 452 inleggen
960 400 1167 448 moghte,
1197 399 1314 445 niet
1343 400 1402 447 de
1430 403 1636 452 geheele
1665 407 1870 455 houten,
1899 410 1987 456 als
2016 410 2075 456 nu
2104 411 2339 463 gesonden
2367 418 2572 470 werden,
2601 425 2720 473 maer
2747 429 2806 474 in
2835 426 3044 476 Holland

708 473 1032 523 doorgesaeght
1058 470 1112 517 om
1139 470 1220 515 dat
1247 470 1409 519 alhier
1434 475 1516 521 van
1542 477 1703 524 binnen
1729 479 1837 525 holl
1864 480 1944 525 off
1971 480 2134 527 verrot
2159 483 2375 535 bevonden
2400 491 2535 537 zijn,
2561 493 2669 539 dese
2695 495 2857 541 houten
2881 494 3073 542 moesten

697 537 817 589 zijn
845 543 935 588 van
965 543 1292 589 letterhout,
1321 544 1678 601 Orangiehout,
1707 556 1945 603 Marmelen
1974 557 2123 604 hout,
2153 559 2451 606 saccardaen
2479 562 2599 607 hout
2628 563 2688 609 en
2717 562 2896 609 palmen
2925 561 3046 609 hout

690 619 905 668 doorden
934 622 1180 671 anderen.

555 701 745 748 Eenige
776 703 1061 752 splancken
1091 705 1377 756 brasilien
1407 712 1565 761 hout,
1595 714 1661 760 om
1690 715 1785 762 aff
1817 717 1880 762 te
1911 717 2069 764 maken
2100 716 2258 762 laden
2290 717 2416 763 voor
2447 717 2510 763 10
2542 716 2857 765 musquetten

2933 731 3028 780 -

548 763 703 810 Eenige
727 765 958 817 costel.jk
984 772 1036 818 en
1061 773 1164 820 rare
1189 776 1345 825 houten
1368 781 1498 829 hoese
1522 785 1626 832 zijn
1651 787 1729 833 off
1753 788 1908 835 waerse
1933 790 2011 836 van
2036 792 2139 838 daen
2164 792 2267 837 oock
2292 792 2395 837 mogh
2421 792 2498 837 ten
2522 791 2652 838 comen
2677 793 2729 839 om
2754 794 2831 839 wel
2857 794 2908 840 te
2934 795 3122 846 betalen

496 844 531 891 5
563 842 662 887 sir
693 841 892 889 houten
921 844 1022 891 van
1053 847 1316 897 pijnangh
1347 853 1514 904 bomen

435 916 517 963 100
544 916 626 962 ser
653 915 790 961 stael
816 916 981 963 gel.jk
1007 918 1090 966 het
1116 922 1227 971 jaer
1252 927 1363 976 1644
1389 932 1555 982 eenige
1579 939 1799 987 gesonden
1825 943 1934 990 zijn

470 986 530 1032 50
558 986 617 1032 sx
645 985 850 1032 brillen
878 987 967 1033 met
994 989 1258 1043 huijskens
1286 1000 1374 1047 van
1402 1003 1491 1049 50.
1519 1005 1607 1051 60.
1635 1006 1694 1052 70
1723 1008 1782 1054 en
1810 1011 1869 1057 80
1897 1012 2045 1059 jaren

436 1056 532 1101 100
563 1055 661 1101 str
692 1056 1045 1107 viersteenen
1077 1063 1174 1111 tot
1204 1066 1461 1120 pistolen

497 1118 528 1165 5
554 1121 639 1166 six
666 1121 1034 1178 boeckspiegels
1060 1135 1202 1183 vande
1229 1139 1371 1185 beste
1398 1141 1456 1188 en
1482 1144 1718 1196 grootste

492 1194 522 1240 2
550 1194 636 1239 sir
665 1194 924 1244 costelijk
951 1200 1209 1254 hollandse
1237 1210 1411 1260 messen
1437 1216 1524 1263 van
1552 1218 1725 1270 goeden
1752 1225 1868 1271 snee
1895 1227 1982 1274 met
2010 1229 2182 1277 helten
2209 1229 2297 1277 van
2325 1229 2584 1279 barnsteen
2610 1232 2755 1279 offte
2783 1232 3041 1281 andersins

634 1271 887 1320 costel.:k
914 1276 1083 1325 zonder
1110 1281 1223 1329 gout
1250 1284 1335 1332 off
1363 1288 1560 1339 zilver.

461 1348 491 1395 2
516 1346 621 1392 stux
646 1347 907 1397 cosserkens
932 1352 1039 1401 gel.
1063 1357 1090 1403 k
1115 1358 1221 1408 in't
1245 1364 1352 1414 jaer
1375 1371 1482 1420 1642
1505 1377 1559 1424 na
1584 1380 1716 1430 Japan
1740 1386 1950 1434 gesonden
1974 1389 2028 1436 en
2053 1392 2211 1441 aenden
2235 1397 2366 1446 prins
2392 1402 2705 1452 verschoncken
2730 1405 2861 1453 zijn,
2887 1404 2967 1454 van

649 1430 675 1475 b
700 1428 910 1475 arnsteen
936 1429 1015 1474 het
1041 1429 1147 1477 eene
1171 1433 1225 1481 en
1249 1437 1330 1486 het
1354 1442 1512 1492 andere
1537 1449 1617 1496 van
1641 1452 1799 1503 eenigh
1824 1459 1955 1509 ander
1981 1465 2138 1514 costel
2163 1469 2327 1524 werck.

429 1509 497 1559 20
531 1512 733 1559 Cattij
766 1513 1070 1567 amandelen

503 1579 538 1625 1
567 1579 703 1627 stx.
736 1579 837 1627 wit
869 1582 1105 1636 laecken

498 1648 529 1693 3
560 1647 655 1693 sir
686 1647 876 1695 swarte
906 1650 1285 1707 laeckerassen

493 1705 522 1752 2
545 1709 623 1756 sir
648 1711 829 1759 doncker
854 1714 983 1760 geele
1008 1715 1322 1777 laeckerassen

491 1772 522 1818 3
551 1774 642 1822 sin
671 1778 883 1827 doncker
912 1782 1093 1829 blauwe

400 1845 430 1890 2
460 1845 491 1890 a
520 1845 551 1891 3
581 1846 672 1892 sir
702 1847 1064 1898 persiaensche
1094 1853 1472 1902 Veethoenders

1168 1943 1444 1999 voorden
1480 1957 1637 2007 Heer
1675 1963 1793 2008 van
1831 1964 2029 2010 tingo

369 2060 472 2114 200
505 2070 709 2118 Cattij
741 2075 913 2126 stael

929 2170 1036 2218 Noch
1063 2173 1252 2224 buijten
1277 2180 1439 2232 eijsch
1464 2188 1653 2241 volgens
1678 2197 1760 2246 ons
1785 2202 1840 2249 en
1865 2205 1947 2253 der
1972 2209 2161 2256 tolcken
2186 2211 2374 2258 oordeel

978 2224 1081 2276 dat
1112 2233 1416 2291 aengenaem
1447 2248 1582 2299 hall
1614 2254 1750 2304 zijn

507 2296 672 2347 Eenigh
698 2303 972 2356 berghwerck
997 2313 1163 2364 gelijk
1187 2321 1300 2371 voor
1324 2328 1435 2377 drie
1460 2334 1597 2384 jaren
1623 2340 1788 2390 daer't
1813 2346 2086 2401 gevogeltje
2113 2356 2222 2405 inde
2249 2361 2494 2412 boomtjens
2521 2366 2739 2417 zittende
2766 2371 2848 2417 met
2875 2371 3041 2424 eenige

536 2376 881 2428 instrumenten
909 2383 996 2430 can
1024 2386 1255 2438 gemaeckt
1282 2394 1456 2446 werden
1483 2402 1571 2450 dat
1598 2407 1799 2459 geluijt
1828 2414 2059 2472 geeffft.

490 2451 596 2498 Twee
622 2452 860 2502 paerdjens
886 2457 967 2505 van
991 2461 1204 2512 barmteen
1229 2468 1363 2519 offte
1387 2475 1548 2526 ijvoir
1572 2483 1653 2531 dat
1678 2488 1890 2540 schoonst
1914 2496 2154 2551 (gemaeckt
2179 2507 2259 2553 can
2285 2508 2443 2556 werden
2470 2510 2602 2556 offte
2628 2509 2735 2555 alle
2759 2509 2919 2557 beijde
2945 2512 3080 2566 hoogh

556 2522 733 2572 ontrent
757 2528 832 2573 een
857 2528 1084 2580 hollandse
1107 2537 1233 2588 voet,
1256 2544 1310 2592 't
1331 2549 1408 2597 sij
1432 2553 1508 2600 met
1532 2556 1608 2603 off
1632 2559 1783 2611 sonder
1807 2567 1958 2616 eenigh
1982 2572 2158 2623 persoon
2182 2579 2283 2625 daer
2307 2581 2358 2628 op
2382 2583 2610 2635 sittende.

629 2790 1315 2848 Nangasacquij
1367 2808 1540 2861 29.
1595 2810 1994 2871 Novemb.
2050 2821 2338 2870 1645.

2144 2928 2381 2976 Was
2458 2928 2773 2985 get.

1685 3227 2002 3287 Pieter
2053 3225 2424 3275 Antonis
2466 3228 3056 3280 Lovertwater

0 410 93 456 ard

129 421 237 470 arij

57 1070 171 1117 aers

9 1126 48 1172 hoe

0 1365 250 1413 glaesjens

0 1430 134 1480 de

10 1846 30 1891 in

0 2479 36 2525 e
