3730 4876
507 231 782 288 Decemb:
820 218 977 274 anno
1015 203 1174 261 1645

976 397 1123 451 soude
1150 393 1324 441 hebben
1352 394 1439 440 dat
1467 396 1555 442 hen
1582 398 1813 447 nochtans
1841 402 2043 448 bewesen
2071 403 2388 456 waerachtigh
2417 411 2647 458 tewesen,
2675 410 2820 458 onder
2847 414 3023 470 tussen

973 525 1261 575 onthaelden
1290 525 1551 577 denselven
1578 533 1780 582 sooveel
1809 537 2040 585 mogelijk
2068 541 2359 598 doenkosten
2384 555 2472 603 tot
2499 559 2702 608 doncker
2730 562 2932 608 avondt,
2961 563 3054 614 als

940 657 1153 706 wanneer
1182 656 1518 706 onaengesien
1546 663 2002 716 deverslagenth:t
2029 673 2151 720 over
2181 676 2454 729 verhaelde
2483 685 2756 734 renegades
2786 690 2969 739 echter

958 785 1176 832 vrool:t
1205 788 1332 835 ende
1360 792 1670 842 blijthuijs
1701 793 1887 842 waerts
1917 795 2136 850 keerden
2163 802 2228 851 —.

704 926 832 977 adij
862 921 988 970 22:'
1019 920 1051 966 d
1082 919 1114 964 o
1144 918 1176 963 s
1207 918 1428 969 morgens
1458 925 1990 982 contsuyrwinderigh
2021 935 2178 985 weder
2209 941 2305 991 uyt
2334 948 2397 994 de
2427 949 2710 1003 noordl:jk
2741 959 2930 1011 handt,
2960 967 3119 1015 compt

973 1045 1068 1094 ons
1097 1044 1191 1090 den
1221 1043 1501 1095 mandorijn
1529 1052 1745 1104 Ongasoe
1776 1059 2055 1109 begroeten
2084 1065 2208 1114 ende
2238 1069 2578 1125 welcomheten
2607 1081 2701 1128 die
2731 1083 2825 1131 nae
2854 1087 3040 1140 vermo„

927 1173 1054 1225 „gen
1085 1172 1367 1225 soodanigh
1396 1182 1677 1237 tracteren
1707 1193 1895 1245 deden,
1925 1201 2019 1247 dat
2049 1201 2237 1252 tegens
2267 1208 2362 1255 den
2392 1212 2611 1262 middagh
2641 1218 2735 1264 wel
2765 1220 3047 1275 vernoeght

974 1307 1182 1357 wederom
1211 1307 1567 1362 thuijswaerts
1594 1319 1771 1369 gingh,
1799 1324 2067 1375 nodigende
2094 1332 2182 1380 ons
2212 1335 2271 1381 't
2300 1336 2536 1387 sijnent,
2565 1343 2653 1390 dat
2683 1345 3007 1407 excuseerden

951 1438 1054 1487 tot
1087 1438 1221 1483 onse
1253 1439 1420 1487 saken
1453 1443 1553 1492 met
1585 1448 1687 1498 den
1719 1455 1952 1504 Coningh
1984 1459 2253 1516 besleght
2284 1472 2485 1522 waren—

709 1572 842 1619 adij
873 1571 1006 1618 23:e
1037 1569 1138 1616 d:o
1171 1569 1435 1619 comptons
1466 1575 1566 1623 den
1598 1579 2125 1639 Coninxschoonsoon
2157 1595 2291 1645 Ongh
2322 1602 2718 1658 Toemaderingh
2750 1612 3013 1663 besoeken

976 1678 1200 1732 vragende
1227 1688 1368 1738 naert
1394 1694 1592 1746 denent'
1617 1703 1758 1754 ander
1784 1709 1841 1756 te
1869 1711 1982 1760 Coop
2007 1717 2121 1768 daer
2146 1724 2233 1774 ons
2258 1731 2343 1781 van
2369 1737 2706 1795 excuseerden,
2732 1750 2872 1796 alsoo
2899 1750 3011 1796 sijn

932 1810 1106 1860 maij:t
1135 1811 1280 1857 alles
1307 1813 1569 1869 aensloegh
1595 1826 1712 1876 ende
1739 1831 2029 1889 dierhalven
2056 1845 2376 1904 sonderlingh
2403 1860 2521 1910 niet
2547 1867 2866 1920 overhielden
2893 1876 3010 1923 voor

962 1944 1171 1994 ijmandt
1200 1946 1377 1995 anders
1405 1952 1495 1999 van
1522 1955 1789 2010 waerdije,
1816 1966 1906 2014 des
1934 1970 2052 2019 sigh
2080 1974 2170 2022 als
2198 1978 2347 2027 andre
2374 1983 2670 2037 gelieffden
2697 1993 2757 2040 te
2785 1995 2962 2041 vreden
2987 1993 3051 2041 te

955 2084 1147 2131 houden,
1173 2086 1338 2134 gelijk
1364 2090 1474 2138 sigh
1500 2094 1610 2142 door
1637 2098 1747 2146 dien
1773 2101 1883 2149 sagh
1909 2104 2020 2153 niet
2045 2109 2210 2158 anders
2237 2114 2401 2161 coste)
2427 2116 2592 2164 scheen
2618 2119 2674 2164 te
2700 2120 2919 2169 gelaten,
2945 2123 3057 2172 Item

964 2217 1049 2265 wel
1076 2219 1357 2267 geconteert
1383 2222 1524 2270 overt
1551 2226 1664 2274 goed
1689 2230 1718 2277 t
1746 2232 1969 2284 onthael,
1997 2239 2082 2286 dat
2108 2242 2192 2287 hem
2220 2242 2277 2289 na
2303 2246 2528 2294 vermogen
2554 2251 2696 2300 aende
2722 2256 2807 2302 den
2834 2257 3058 2304 waermede

963 2360 1055 2405 des
1085 2360 1391 2410 namiddaghs
1420 2364 1788 2414 welverwoeght
1818 2369 2064 2420 vertrock
2093 2376 2186 2423 soo
2216 2379 2399 2427 quamen
2429 2382 2522 2430 ons
2551 2385 2675 2431 mede
2704 2386 2859 2435 veele
2886 2389 3010 2436 syde

945 2509 1070 2558 ende
1100 2506 1287 2557 Stoffe
1317 2505 1503 2553 Coopl:
1534 2507 1812 2555 begroeten
1843 2510 1968 2557 ende
1998 2513 2370 2569 bewelcommen,
2399 2524 2494 2570 die
2522 2524 2617 2571 met
2648 2524 3021 2573 beleeftheijt

944 2657 1058 2709 (als
1085 2657 1169 2702 ons
1195 2656 1471 2703 aenquamen)
1499 2654 1719 2701 bejegent
1747 2654 1858 2700 ende
1884 2656 1968 2701 tot
1995 2657 2271 2705 aenbrengen
2298 2659 2381 2705 van
2408 2660 2574 2706 groote
2601 2661 2795 2709 partije
2821 2663 2904 2710 sij
2932 2663 2988 2709 de

927 2810 1052 2859 ende
1081 2799 1486 2854 stuckgoederen
1516 2795 1859 2843 g'anmineert
1889 2798 2108 2851 wierden
2135 2805 2208 2856 /.

693 2951 834 3001 adij
869 2948 1007 2996 24:e
1041 2942 1146 2992 d:o
1179 2934 1457 2985 Smorgens
1490 2931 1734 2978 bekomen
1767 2932 1872 2978 een
1906 2932 2219 2981 brieffken
2252 2937 2460 2986 vanden
2494 2941 2771 2991 Schipper
2805 2946 3072 3000 michiel

961 3051 1235 3102 Engelken,
1264 3052 1324 3097 uy
1354 3049 1565 3097 twelcke
1594 3047 1837 3097 verstaen
1866 3053 1956 3100 tot
1986 3055 2198 3103 aenmeij
2227 3058 2498 3104 tongeveer
2526 3057 2739 3104 8mijlen
2769 3057 2982 3106 beneden

955 3168 1080 3217 dese
1110 3169 1233 3217 Stad
1264 3170 1508 3217 gelegen)
1539 3169 1906 3218 g'advanceert
1935 3173 2059 3220 was,
2089 3176 2181 3221 met
2211 3176 2335 3223 hope
2363 3178 2456 3224 bij
2487 3177 2670 3223 goeden
2700 3176 2823 3222 wind
2853 3166 3007 3221 haest

956 3292 1094 3340 boven
1121 3295 1177 3341 te
1203 3297 1367 3343 wesen,
1395 3298 1477 3344 dat
1504 3299 1586 3344 hem
1614 3298 1696 3344 p:r
1723 3298 1806 3344 een
1832 3300 1997 3346 cleijn
2024 3301 2271 3350 brieffken
2298 3305 2353 3351 in
2380 3303 2654 3352 resiproque
2680 3299 2845 3348 lieten
2873 3299 3025 3349 weten

961 3416 1062 3465 ons
1095 3421 1398 3468 aengenaem
1430 3423 1599 3470 ware,
1630 3424 1868 3473 vorders
1900 3430 2069 3477 heden
2102 3433 2505 3481 sonderlinghs
2537 3432 2672 3478 niet
2706 3426 3009 3478 notabels—

947 3551 1357 3600 gepasseert

681 3695 783 3746 adn
815 3690 947 3739 25:e
977 3687 1077 3733 d:o
1107 3683 1438 3732 kersdaghen
1471 3678 1996 3728 schoonlieffelijk
2028 3680 2192 3726 weder
2225 3680 2455 3727 wierdes
2487 3679 2717 3726 princen
2750 3681 3046 3732 Ruijterie

954 3796 1350 3847 geprepareert:
1377 3796 1500 3842 omme
1530 3795 1591 3841 op
1620 3795 1802 3840 morgen
1831 3795 2074 3842 buytende
2103 3797 2255 3845 Stadt
2284 3801 2344 3846 op
2375 3801 2405 3846 t
2435 3798 2857 3847 veltgemonstert
2887 3798 3009 3846 ende

955 3920 1366 3977 aldaewwerelt
1398 3912 1876 3963 tentoongestelt
1908 3911 1978 3957 te
2011 3912 2220 3959 werden

2391 4053 2719 4111 heden

0 379 229 441 begeerde

2533 1484 2555 1529 5

2832 206 2978 253 709
