3608 4917
2740 348 2967 397 686

693 458 797 511 Hoe
829 455 896 501 de
929 451 1364 500 gelegentheijt
1396 455 1831 513 tegenwoordich
1863 466 1932 513 in
1963 461 2332 511 Nangasacqui
2366 461 2467 507 hij
2499 463 2833 514 belangende
2866 468 2970 516 den

887 526 1091 576 omgangh
1118 532 1206 578 met
1234 534 1294 580 de
1321 536 1525 587 Iapanse
1552 544 1784 592 Bonghois
1813 547 1929 593 daer
1958 548 2045 593 van
2074 548 2276 594 duijckt
2305 549 2392 595 mij
2420 549 2509 595 dat
2537 551 2884 598 genootsaeckt
2912 550 3001 596 ben

880 607 960 653 tot
984 609 1063 657 hun
1088 612 1194 658 lost
1219 614 1533 669 tespreecken,
1557 625 1663 673 want
1688 628 1793 673 niet
1818 629 2132 676 tegenstaende
2158 631 2236 676 dat
2261 630 2445 676 weijnih
2470 632 2575 678 voor
2601 633 2705 679 mijn
2731 633 2940 680 vertreck

876 691 1038 741 doorde
1062 697 1250 748 toecken
1273 705 1301 750 t
1327 706 1408 753 van
1433 709 1566 760 wegen
1591 715 1645 761 de
1671 716 1804 762 gouv.
1830 717 1883 762 rs
1909 716 1962 762 en
1988 716 2095 763 uijt
2121 718 2254 764 haren
2280 718 2386 764 naem
2412 718 2730 765 gewaerschout
2756 717 2836 762 was
2862 716 2944 762 dat

888 775 936 822 op
958 778 1051 824 mijn
1074 780 1261 830 vertreck
1282 786 1377 834 alle
1398 790 1447 837 de
1468 794 1632 845 luijden
1654 801 1701 847 en
1723 801 1793 847 ick
1816 802 2119 848 bijsonderlijk
2141 803 2211 848 ten
2234 801 2560 848 allerscherpten
2583 801 2700 846 soude
2722 801 2862 847 werden
2884 799 3055 848 besocht

881 860 1119 910 doordien
1148 865 1268 914 uijt
1296 871 1416 921 Jedo
1445 876 1743 927 schrijvens
1771 883 1980 931 gecomen
2008 885 2098 932 was
2127 886 2187 931 in
2217 883 2396 931 China,
2425 884 2514 929 tot
2543 883 2723 930 Macau,
2751 881 2960 930 Manicha
2989 881 3058 931 en

890 945 1036 994 andere
1059 950 1327 1004 quartieren,
1348 961 1422 1007 soo
1445 962 1519 1010 wel
1541 966 1591 1012 en
1613 967 1687 1013 nau
1710 968 1880 1014 geweten
1904 969 2049 1016 wiert,
2073 972 2291 1020 hoedanich
2314 974 2363 1020 de
2387 974 2556 1020 saecken
2579 972 2725 1018 wegens
2748 971 2797 1017 de
2822 970 3064 1017 Christenen

887 1030 940 1078 in
963 1034 1091 1085 Japan
1115 1041 1293 1089 gelegen
1317 1045 1445 1094 waren
1469 1050 1521 1097 en
1545 1053 1621 1101 dat
1646 1056 1747 1101 sulx
1772 1055 1874 1101 niet
1899 1055 2051 1100 anders
2076 1055 2152 1100 als
2177 1055 2278 1100 door
2302 1054 2480 1100 brieven
2506 1055 2658 1102 doorde
2683 1057 2886 1103 Chinesen
2910 1058 2961 1103 en
2985 1055 3062 1102 ons

889 1124 1153 1174 uijtgevoert
1176 1130 1297 1177 conde
1319 1133 1488 1183 geweten
1510 1139 1679 1190 werden,
1701 1146 1797 1192 daer
1820 1148 1892 1193 hun
1916 1148 1964 1193 l.
1988 1147 2083 1193 goet
2106 1146 2322 1193 bescheijt
2346 1146 2393 1191 op
2417 1146 2561 1192 gaven,
2584 1145 2656 1190 soo
2680 1144 2775 1190 zijn
2799 1141 2958 1189 echter

887 1210 1091 1259 zoodanich
1114 1214 1206 1260 uijt
1227 1216 1341 1266 Japan
1363 1222 1636 1272 gescheijden,
1658 1227 1726 1273 dat
1749 1228 1908 1275 eenl.jk
1930 1231 1999 1277 een
2020 1231 2158 1277 cleijn
2180 1232 2316 1278 papier
2339 1232 2566 1279 costerken,
2588 1233 2679 1278 door
2702 1233 2747 1278 de
2770 1227 2951 1278 bonghois
2973 1222 3020 1271 en

890 1291 987 1337 twee
1011 1291 1158 1339 kisten
1180 1295 1327 1344 doorde
1350 1300 1521 1350 Tolcken
1543 1306 1738 1357 geopent,
1761 1312 1859 1358 doch
1882 1314 1955 1359 met
1980 1314 2052 1360 een
2076 1315 2174 1362 stuc
2197 1316 2320 1362 van't
2343 1318 2586 1365 ingeleijde
2609 1319 2682 1365 van
2705 1318 2804 1364 zijn
2827 1315 3000 1364 plaetse

888 1377 1082 1424 verleght
1105 1379 1177 1426 is,
1201 1381 1298 1427 vier
1320 1383 1538 1436 Contoiren
1560 1392 1610 1438 en
1632 1394 1681 1440 't
1704 1395 1897 1442 weijnige
1920 1398 1993 1443 dat
2016 1399 2160 1446 vorder
2183 1400 2304 1446 hadde
2328 1401 2472 1447 wierde
2495 1402 2592 1448 niet
2616 1402 2784 1448 geopent
2806 1398 2904 1447 ofte
2926 1392 3024 1442 eens

890 1453 1167 1507 nagevraeght,
1189 1462 1260 1510 dit
1281 1466 1443 1517 verhale
1465 1472 1604 1520 alleen
1625 1476 1718 1523 maer
1741 1478 1833 1525 daer
1855 1480 1925 1528 toe
1947 1483 1993 1529 om
2016 1484 2086 1530 dat
2108 1485 2179 1531 men
2200 1487 2292 1532 sien
2314 1486 2408 1532 magh
2430 1487 2476 1532 in
2499 1487 2568 1532 die
2591 1487 2729 1534 dingen
2751 1488 2820 1534 soo
2843 1482 3074 1533 gevoeghl.k

879 1541 983 1587 sijn
1008 1541 1189 1587 geweest
1213 1543 1292 1590 dat
1316 1546 1420 1596 niet
1444 1552 1600 1603 meijne
1623 1559 1727 1606 uijt
1752 1561 2034 1612 rangalacqui
2060 1567 2214 1615 ijmant
2240 1570 2317 1615 met
2342 1570 2420 1616 soo
2444 1570 2650 1620 weijnich
2675 1573 2882 1621 moeijten

885 1621 1123 1673 vertrocken
1146 1628 1241 1673 hij,
1264 1629 1313 1675 de
1335 1630 1621 1686 bejegeningen
1643 1641 1716 1687 der
1738 1643 1929 1689 bonghois
1952 1643 2000 1689 op
2023 1645 2095 1690 ons
2118 1646 2308 1694 vertreck
2332 1649 2427 1697 zijn
2450 1652 2546 1698 niet
2569 1653 2711 1699 minder
2735 1651 2926 1698 beleefft
2947 1654 3008 1705 en

888 1706 1103 1756 minnelijk
1127 1711 1318 1760 geweest,
1340 1716 1412 1762 dit
1435 1718 1604 1769 verhale
1625 1725 1674 1772 te
1696 1727 1816 1777 desen
1839 1732 1982 1779 eijnde
2005 1734 2030 1780 /
2053 1735 2101 1781 op
2124 1737 2196 1782 dat
2219 1737 2314 1782 geen
2338 1737 2481 1783 andere
2505 1738 2576 1784 die
2599 1739 2647 1784 na
2670 1738 2742 1783 ons
2766 1737 2861 1783 daer
2885 1736 3052 1783 tecomen

889 1791 1013 1839 staen
1035 1795 1280 1845 affheerich
1304 1800 1451 1849 souden
1475 1805 1671 1855 gemaeckt
1695 1810 1866 1859 werden,
1890 1813 1941 1859 en
1963 1815 2013 1861 om
2037 1816 2135 1862 datt
2159 1817 2232 1863 het
2257 1818 2428 1864 streckt
2452 1819 2527 1865 tot
2550 1820 2745 1866 kennisse
2770 1819 2892 1865 vande
2916 1817 3063 1864 humeur

884 1871 959 1918 der
981 1874 1178 1924 menschen
1201 1880 1348 1930 aldaer
1371 1886 1446 1934 als
1469 1890 1616 1940 mender
1640 1895 1787 1943 anders
1810 1899 1884 1944 wel
1908 1899 2006 1946 mede
2030 1901 2128 1948 weet
2152 1903 2202 1949 om
2225 1905 2274 1950 te
2298 1905 2396 1950 gaen
2420 1905 2470 1951 't
2493 1906 2542 1952 is
2567 1907 2666 1953 oock
2688 1908 2787 1954 waer
2810 1907 2884 1952 dat
2908 1907 2986 1960 men

883 1952 1048 2000 altemet
1070 1955 1164 2007 sijn
1186 1963 1420 2016 qualiteijt
1441 1972 1513 2020 een
1534 1976 1721 2025 weijnich
1744 1980 1838 2026 moet
1860 1982 1907 2028 te
1930 1984 2023 2031 cort
2046 1986 2139 2032 doen
2162 1987 2209 2032 na
2232 1987 2279 2033 't
2302 1988 2465 2035 oordeel
2488 1990 2674 2038 sommiger
2697 1990 2767 2036 die
2789 1988 2883 2035 sulx

886 2045 1097 2097 ongewoon
1118 2054 1248 2104 sijn,
1274 2059 1378 2104 maer
1403 2059 1482 2106 men
1506 2061 1611 2107 moet
1636 2063 1818 2113 dencken
1842 2069 1922 2115 dat
1946 2071 2024 2118 het
2049 2073 2283 2125 bijwijlen
2307 2081 2411 2129 voor
2436 2081 2670 2129 wijsheijt
2695 2080 2902 2127 gerekent
2927 2080 3033 2129 wert

890 2129 994 2178 voor
1017 2134 1093 2183 een
1119 2138 1221 2186 tijt
1245 2141 1322 2188 als
1346 2144 1600 2195 eenvoudich
1625 2151 1676 2197 en
1700 2151 1904 2197 onnosell
1928 2153 2031 2200 inde
2055 2155 2233 2205 tveregt
2257 2160 2309 2206 te
2333 2162 2536 2212 wandelen

695 2220 789 2269 Met
818 2221 910 2268 dit
939 2224 1091 2271 schip
1121 2226 1243 2276 gaen
1272 2232 1394 2280 vier
1423 2236 1635 2286 casjens
1665 2241 1786 2289 uijt
1816 2243 1969 2290 Japan
1997 2246 2240 2296 gemerckt
2269 2252 2331 2298 1.
2360 2255 2420 2301 2.
2450 2256 2512 2302 3.
2541 2258 2602 2303 4.
2631 2257 2723 2302 met
2753 2256 2814 2302 20
2843 2252 3060 2303 Japante

884 2299 1075 2350 kaisers
1100 2305 1183 2354 als
1208 2310 1398 2362 Princen
1424 2318 1559 2366 rijde
1586 2321 1884 2370 schenckagie
1909 2325 2073 2374 rocken

758 2405 838 2453 Dit
862 2402 968 2449 jaer
995 2402 1047 2447 is
1073 2402 1126 2447 't
1152 2403 1336 2451 Contoir
1361 2406 1624 2459 rijckelijk
1649 2415 1729 2461 van
1754 2417 1990 2463 provisien
2016 2418 2199 2465 versien
2225 2420 2330 2466 daer
2357 2421 2462 2468 voor
2487 2424 2566 2469 van
2592 2421 2750 2468 herten
2775 2420 3027 2467 danckbaer

875 2487 978 2536 sijn
1002 2485 1079 2531 met
1103 2486 1356 2534 versoecken
1379 2490 1631 2541 vertrouwen
1656 2497 1706 2542 't
1731 2497 1984 2546 aenstaende
2007 2503 2108 2550 jaer
2133 2505 2209 2552 van
2233 2507 2334 2554 gel.
2359 2509 2410 2555 jk
2434 2510 2535 2557 sall
2560 2510 2686 2557 mogen
2711 2510 2963 2557 geschieden

880 2571 954 2620 als
977 2569 1072 2616 mede
1095 2570 1166 2616 met
1190 2570 1545 2621 schrijfftuijchs
1567 2577 1898 2627 gereetschappen
1922 2582 1969 2627 en
1992 2582 2159 2630 vordere
2181 2586 2395 2639 behoeften

693 2648 1047 2705 Tegenwoordich
1072 2661 1154 2707 was
1181 2663 1263 2711 ten
1289 2667 1452 2717 Eijnde
1478 2673 1614 2719 deses
1640 2673 1831 2721 gecomen
1857 2678 1938 2723 soo
1965 2678 2074 2726 niet
2100 2681 2155 2727 na
2182 2683 2236 2728 't
2263 2683 2453 2733 alfdoen
2479 2687 2561 2732 van
2587 2687 2723 2733 Comp.
2750 2687 2779 2733 s
2804 2686 3066 2734 nodighste

888 2741 943 2789 en
968 2742 1047 2787 ons
1072 2743 1413 2794 kennelijckste
1437 2750 1621 2797 haecken
1646 2752 1881 2801 gedrongen
1907 2756 1960 2802 en
1986 2757 2195 2806 beweeght
2220 2762 2325 2808 ware
2351 2763 2613 2812 belangende
2638 2768 2742 2814 mijn
2769 2769 2982 2820 eijgenen

892 2818 1061 2867 persoon
1083 2823 1181 2870 ijts
1203 2825 1349 2873 alhier
1371 2829 1420 2876 op
1443 2831 1587 2878 papier
1611 2833 1661 2879 te
1683 2835 1852 2883 brengen
1875 2839 1923 2884 en
1947 2839 2043 2886 uEd:
2067 2841 2381 2892 behoorlijcker
2402 2848 2523 2894 wijse
2546 2849 2642 2894 voor
2666 2849 2715 2894 te
2738 2850 2885 2902 dragen

891 2905 941 2952 't
963 2907 1014 2953 is
1038 2908 1136 2953 sulx
1160 2908 1235 2955 dat
1258 2910 1455 2963 verleden
1478 2917 1553 2963 30.
1577 2918 1700 2964 Iulij
1724 2919 1824 2965 1645
1846 2921 1945 2968 onse
1969 2924 2167 2976 jaerdach
2189 2932 2240 2979 in
2263 2934 2411 2981 Indien
2435 2937 2508 2985 sij
2532 2937 2704 2984 geweest
2729 2936 2852 2982 recht
2875 2935 2925 2980 de
2949 2935 3001 2983 5.
3022 2940 3058 2987 e

896 2981 949 3028 na
972 2983 1024 3030 d'
1047 2986 1097 3031 't
1123 2986 1275 3037 eerste
1298 2993 1373 3040 van
1398 2995 1475 3042 ons
1498 2998 1725 3050 geluckich
1749 3006 1976 3059 aenlander
1999 3015 2051 3062 op
2075 3018 2251 3067 Batavia
2276 3022 2652 3070 welckenvolgende
2677 3024 2802 3070 desen
2827 3023 3020 3071 jonghst

894 3061 1091 3114 verleden
1113 3070 1261 3118 herbst
1283 3074 1431 3123 souden
1453 3079 1601 3127 hebben
1623 3083 1771 3133 cunnen
1793 3089 1965 3139 verlost
1987 3095 2160 3147 geweest
2181 3103 2280 3151 sijn
2303 3106 2377 3152 soo
2400 3107 2498 3154 niet
2522 3108 2645 3155 Comp.
2667 3111 2692 3156 s
2716 3111 2887 3158 nodigen
2909 3110 3062 3158 dienst

883 3154 928 3199 en
950 3154 1041 3203 onse
1063 3158 1155 3204 lust
1175 3160 1221 3206 en
1243 3161 1335 3207 hope
1355 3163 1401 3209 om
1423 3165 1469 3211 't
1491 3166 1581 3212 gene
1603 3167 1694 3214 dese
1716 3170 1784 3217 eer
1806 3172 1853 3219 te
1873 3175 2099 3227 vijffjaren
2121 3183 2279 3231 moghten
2301 3186 2460 3236 geleert
2481 3191 2617 3238 hebben
2639 3193 2729 3238 in't
2752 3193 2978 3239 navolgende

885 3238 1009 3285 beter
1032 3241 1083 3288 en
1106 3244 1399 3294 nuttelijcker
1423 3249 1473 3295 te
1496 3250 1741 3303 bewercken,
1764 3259 1863 3305 sulx
1887 3260 2010 3308 belet
2033 3264 2083 3311 en
2106 3267 2376 3320 wederhouden
2399 3275 2570 3324 hadden,
2594 3278 2717 3326 boven
2740 3280 2814 3326 dat
2839 3279 2962 3325 noch,
2985 3281 3035 3327 en

884 3325 1076 3373 behalven
1099 3328 1172 3375 dat
1195 3330 1292 3378 mede
1315 3334 1411 3380 mijn
1435 3335 1675 3386 bijsondere
1697 3342 2057 3395 nootwendicheden
2081 3351 2153 3397 tot
2176 3353 2272 3400 noch
2296 3355 2369 3401 toe
2392 3356 2464 3402 mij
2487 3357 2583 3404 niet
2607 3359 2703 3406 seer
2727 3361 2823 3407 veel
2847 3361 3001 3409 hoewel

892 3408 966 3454 wel
991 3408 1262 3457 eenighsins,
1284 3414 1334 3460 na
1358 3415 1505 3463 sluijs
1529 3417 1580 3463 en
1602 3419 1823 3473 vorderen,
1846 3426 1922 3472 soo
1945 3428 2117 3477 bekenne
2141 3433 2191 3480 en
2214 3436 2436 3486 verclaren
2458 3441 2631 3488 gaerne,
2654 3443 2728 3488 dat
2752 3443 2802 3488 de
2825 3438 3049 3487 overgrote

893 3492 1226 3545 beleefftheden,
1249 3500 1416 3548 gegeven
1439 3504 1534 3550 lost
1557 3505 1629 3553 enj
1651 3508 1747 3560 eere
1770 3514 1936 3562 (hoewel
1959 3517 2031 3564 bij
2055 3519 2127 3565 ons
2149 3520 2244 3565 niet
2268 3520 2482 3569 zoodanich
2504 3523 2601 3569 noch
2623 3525 2789 3571 sooveel
2812 3525 3031 3580 verdient)

901 3573 1001 3621 noch
1022 3577 1168 3627 zelffs
1192 3583 1288 3629 inde
1312 3584 1506 3633 jonghste
1529 3589 1626 3637 haer
1649 3593 1722 3640 Ed:
1745 3596 1915 3648 brieven
1938 3604 2012 3650 die
2034 3606 2107 3654 ons
2131 3610 2179 3655 in
2203 3610 2396 3657 Taijouan
2419 3610 2469 3656 op
2492 3610 2565 3656 ons
2589 3610 2806 3655 aenlanden
2829 3607 2975 3654 alhier

885 3664 934 3709 te
958 3664 1107 3713 vooren
1130 3669 1302 3715 gecomen
1327 3670 1449 3717 zijn,
1474 3672 1573 3719 waer
1596 3674 1695 3720 uijt
1719 3675 1965 3726 bespeurden
1989 3681 2039 3727 en
2062 3683 2259 3732 vernamen
2283 3687 2358 3734 het
2381 3689 2479 3735 goet
2504 3689 2700 3736 genoegen
2724 3689 2774 3734 en
2798 3687 2971 3735 belagen

892 3744 965 3791 tot
988 3744 1062 3793 zoo
1083 3750 1203 3799 verre
1227 3754 1299 3799 als
1322 3755 1418 3800 (doe
1441 3756 1585 3805 bekent
1608 3760 1705 3807 was,
1728 3763 1752 3808 )
1775 3764 1872 3811 over
1895 3766 1966 3812 ons
1990 3767 2133 3816 doente
2157 3771 2373 3821 gevallen,
2396 3776 2467 3821 ons
2491 3774 2635 3821 gemoet
2658 3773 2802 3821 hebben
2825 3775 3066 3821 overtuijch

891 3836 942 3884 en
961 3837 1159 3886 bewogen,
1181 3841 1230 3887 om
1253 3840 1472 3890 andermoel
1495 3845 1569 3892 den
1592 3847 1737 3893 dienst
1761 3848 1882 3896 onses
1906 3851 2100 3901 persoons
2124 3857 2173 3903 op
2196 3858 2245 3904 te
2268 3858 2438 3906 dragen,
2461 3859 2534 3905 aen
2559 3859 2607 3904 te
2630 3858 2776 3904 bieden
2799 3857 2873 3904 en,
2897 3857 2945 3902 om
2969 3857 3043 3904 soo

886 3925 936 3975 te
957 3922 1114 3974 zeggen,
1135 3929 1404 3976 geheelijcken
1426 3929 1515 3975 ende
1538 3930 1606 3977 all
1627 3933 1649 3978 u
1672 3933 1740 3979 Ed.
1761 3934 1784 3980 n
1806 3935 1851 3980 op
1873 3935 1918 3981 te
1940 3936 2097 3985 offeren
2119 3940 2275 3989 voorden
2296 3942 2387 3989 tijt
2409 3942 2477 3988 van
2498 3941 2588 3987 drie
2611 3940 2812 3986 achtereen
2833 3939 2974 3989 naest

852 4003 1093 4056 volgende
1119 4011 1279 4061 jaren,
1305 4016 1572 4062 beginnende
1598 4018 1651 4063 en
1678 4018 1732 4064 te
1758 4019 1947 4072 rekenen
1970 4029 2131 4078 vanden
2157 4032 2396 4079 uijtgangh
2423 4030 2503 4077 des
2529 4029 2716 4075 eersten
2741 4024 2983 4073 verbants,

893 4100 964 4145 mij
988 4100 1035 4145 in
1059 4100 1179 4147 allen
1201 4103 1321 4150 delen
1343 4105 1392 4151 '(
1413 4105 1533 4151 alsoo
1557 4106 1772 4154 voordelen
1794 4110 1842 4155 de
1865 4110 1985 4159 vrije
2007 4114 2055 4160 en
2079 4115 2340 4164 onbecrompen
2362 4118 2625 4166 mildicheijt
2648 4118 2743 4164 in't
2766 4115 2981 4163 vergunnen

847 4183 920 4229 der
945 4184 1091 4232 sonder
1115 4186 1336 4233 schuijten
1360 4186 1507 4234 silver
1531 4189 1629 4235 ofte
1653 4190 1776 4238 halve
1799 4193 1996 4243 kailerl.
2019 4199 2047 4246 k
2068 4203 2362 4251 schenckagie,
2385 4203 2484 4249 daer
2508 4201 2655 4248 altoos
2678 4199 2777 4245 voor
2800 4193 3024 4244 danckbaer

889 4262 1038 4311 willen
1059 4266 1157 4314 zijn
1180 4270 1228 4315 en
1252 4270 1446 4318 blijven,
1469 4274 1734 4320 ondervonden
1758 4274 1807 4319 (n
1830 4275 2047 4324 beproefst
2072 4279 2240 4326 hebben)
2262 4279 2312 4326 in
2337 4279 2385 4325 't
2409 4280 2602 4329 begroten
2626 4283 2770 4328 mijner
2794 4283 2939 4330 gagien

3018 1212 3039 1259 2

2642 4391 2844 4453 en

0 380 193 440 daerna

2859 252 3034 309 50
