3410 4985
1132 655 1457 702 opgesamelt
1489 656 1652 703 wert;
1683 659 1750 706 de
1780 662 2106 713 perijculen
2137 669 2236 717 die
2267 673 2430 720 haere
2462 676 2592 723 Ed=e
2624 678 2690 724 in
2721 680 2949 730 Batavia
2981 686 3143 737 alle„

1140 745 1302 791 geren
1333 744 1431 790 bij
1462 744 1884 802 t'overblijven
1916 758 1982 806 te
2013 762 2240 811 vresen,
2271 766 2402 813 zijn
2433 769 2498 814 s'
2531 768 2725 815 Comp=s
2757 770 3017 824 middelen
3048 779 3114 828 in

1134 833 1304 880 meest
1337 836 1473 884 alle
1505 841 1809 898 plaetsen,
1841 854 2246 910 onderworpen,
2279 866 2482 914 tgeene
2512 868 2784 915 t'vleden
2817 869 2953 916 Jaer
2986 872 3156 925 voor„

1141 930 1458 983 gevallen,
1491 939 1562 986 is
1596 942 1702 990 een
1736 946 1946 997 saecke
1980 953 2261 1003 geweest,
2294 958 2401 1004 die
2435 959 2715 1006 dickwils
2750 961 2855 1006 bij
2889 962 3173 1015 menschen

1132 1024 1303 1075 leven
1337 1030 1475 1080 niet
1507 1036 1782 1090 gebeurt,
1814 1046 2020 1098 echter
2053 1053 2259 1103 d'onse
2293 1058 2361 1103 de
2395 1058 2601 1104 minste
2634 1060 2841 1109 schade
2873 1066 2976 1112 Jae
3010 1067 3219 1121 geheel

1143 1128 1279 1175 geen
1311 1129 1614 1183 aenstoot,
1646 1139 1781 1187 noch
1814 1142 1916 1190 van
1948 1146 2150 1194 d'eene
2182 1150 2317 1196 noch
2350 1151 2552 1201 dander
2585 1156 2854 1202 parthije
2886 1158 3164 1213 geleden,

1141 1225 1318 1273 boven
1353 1228 1495 1275 dien
1529 1231 1601 1278 is
1635 1235 1742 1282 den
1775 1238 1988 1285 prince
2023 1240 2236 1289 daerom
2270 1245 2342 1292 de
2376 1248 2624 1301 revolte
2658 1256 2941 1304 ontstaen
2976 1259 3120 1308 was,

1141 1319 1366 1367 althans
1398 1322 1495 1371 wel
1527 1327 1817 1381 soodanich
1848 1336 2139 1388 gevestet,
2170 1344 2267 1392 dat
2299 1347 2428 1395 voor
2459 1350 2845 1406 diergelijcke
2878 1361 3200 1419 alteratien

1125 1419 1262 1467 niet
1294 1421 1363 1467 te
1395 1422 1632 1472 duchten
1664 1429 1765 1477 is,
1798 1432 1865 1478 't
1899 1433 1967 1480 is
1999 1436 2135 1486 mede
2167 1442 2235 1488 te
2268 1444 2471 1493 hoopen
2502 1449 3214 1520 d'ongevoeghlijckheden

1127 1523 1333 1573 vanden
1366 1530 1606 1579 Coninck
1639 1534 1708 1580 in
1742 1535 1776 1580 t
1810 1535 2085 1585 aencomen
2118 1542 2256 1592 ende
2288 1549 2562 1597 vertreck
2596 1551 2700 1599 des
2733 1555 2974 1605 schepen
3004 1560 3110 1608 als

1093 1634 1426 1695 vergunnen
1462 1633 1682 1682 vanden
1718 1637 1938 1687 handel
1974 1642 2194 1690 d'onse
2228 1645 2559 1693 somwijlen
2595 1648 2960 1696 bejegenen,
2996 1647 3114 1694 met

1134 1739 1527 1787 taemelijcke
1561 1741 1989 1790 schenckagien
2024 1745 2166 1791 wech
2202 1746 2274 1792 te
2308 1747 2487 1795 nemen
2522 1751 2664 1799 ende
2699 1754 2772 1802 te
2806 1758 3162 1808 vercrijgen

1137 1830 1340 1878 sullen
1372 1833 1541 1885 zijn,
1571 1842 1806 1892 gelijck
1839 1848 1939 1893 tot
1973 1848 2108 1895 noch
2140 1851 2207 1896 in
2240 1852 2575 1904 diervoegen
2607 1859 2908 1910 geschiet,
2941 1865 3009 1911 te
3041 1865 3176 1912 meer

1132 1929 1379 1979 wanneer
1409 1934 1553 1982 naer
1587 1938 1867 1993 begeerte
1901 1948 2008 1994 van
2041 1950 2217 2003 Chits
2251 1958 2392 2005 ende
2427 1960 2637 2008 andere
2671 1962 2883 2012 dingen
2916 1969 3023 2018 die
3057 1974 3199 2021 seer

1129 2034 1446 2083 aengenaem
1479 2039 1655 2088 sijn,
1689 2044 1934 2094 gedient
1968 2050 2144 2099 wert;
2178 2055 2248 2103 om
2283 2058 2389 2105 dan
2423 2061 2563 2109 noch
2596 2063 2912 2113 segourder
2947 2068 3017 2114 te
3051 2069 3233 2132 gaen,

1133 2131 1210 2183 en
1245 2141 1543 2193 geduchte
1579 2149 1914 2200 onheijlen
1950 2155 2062 2205 nae
2099 2160 2323 2209 vmogen
2358 2164 2436 2213 te
2461 2167 2768 2217 vhoeden;
2804 2172 2990 2219 conde
3027 2174 3143 2220 met

1134 2255 1401 2306 cleijne
1437 2262 1740 2314 oncosten
1777 2270 1890 2317 een
1927 2271 2118 2319 Jacht
2153 2275 2306 2321 opde
2343 2276 2607 2322 reviere
2644 2276 2946 2326 gehouden
2984 2276 3135 2324 ende

1130 2367 1237 2413 ten
1271 2369 1482 2418 tijden
1516 2374 1587 2420 de
1621 2377 1867 2430 schepen
1899 2384 2216 2432 vrtrecken
2251 2386 2321 2431 om
2355 2386 2671 2433 cargasoen
2705 2386 2777 2432 in
2810 2387 3057 2434 plaetse
3091 2390 3201 2439 van

1126 2475 1442 2526 bercquen
1479 2482 1794 2534 aenboort
1831 2489 1912 2535 te
1949 2492 2224 2541 brengen
2263 2496 2655 2542 gebruijckt
2694 2497 2890 2544 mogen
2929 2499 3166 2548 werden

3181 2504 3241 2552 :

1125 2578 1264 2627 hier
1297 2577 1403 2623 toe
1436 2578 1886 2632 resolverende,
1919 2588 2093 2633 soude
2126 2589 2233 2638 het
2264 2596 2576 2649 Jaerlijcx
2609 2605 2989 2653 overblijven
3023 2607 3127 2652 der

1120 2682 1348 2731 schepen
1380 2684 1737 2732 Insgelijcks
1768 2688 1834 2734 t'
1865 2690 2157 2744 excuseren
2188 2699 2352 2748 zijn,
2382 2704 2448 2751 't
2479 2706 2771 2758 cargasoen
2803 2714 3029 2763 gelijck
3061 2718 3128 2763 op

1120 2786 1345 2834 andere
1381 2790 1754 2846 quartieren
1789 2802 1902 2849 als
1937 2803 2235 2852 Taijouan
2272 2807 2347 2853 en
2383 2808 2532 2857 Siam
2570 2812 2904 2861 impassant
2941 2816 3165 2866 aldaer

1114 2888 1395 2939 geladen,
1429 2894 1537 2944 nae
1570 2901 1746 2950 Japan
1781 2905 2062 2958 gevoert,
2096 2914 2342 2967 wederom
2377 2922 2659 2972 Capitael
2693 2928 2800 2976 tot
2833 2933 3086 2987 veijsch

1107 2995 1288 3042 vande
1323 2997 1576 3047 negotie
1611 3003 1935 3058 derwaerts
1971 3013 2259 3062 gebracht
2295 3018 2440 3067 ende
2474 3024 2763 3079 dobbelde
2798 3035 2943 3084 ofte
2978 3040 3160 3096 door„

1112 3098 1328 3146 gaende
1364 3101 1652 3155 voijages
1686 3111 1903 3165 connen
1937 3121 2118 3173 doen;
2153 3128 2226 3174 om
2260 3130 2512 3181 redenen
2546 3136 2763 3184 vhaelt
2797 3139 2942 3185 niet
2977 3140 3237 3198 alleen,

1117 3205 1261 3251 dan,
1296 3205 1475 3257 volck
1511 3212 1584 3261 in
1617 3218 1940 3267 Toncquin,
1975 3223 2119 3273 maer
2153 3229 2299 3280 oock
2332 3237 2512 3285 selfs
2546 3241 2618 3286 't
2654 3241 3011 3296 Opperhooft
3047 3250 3154 3296 die

1112 3311 1431 3364 Jaerlijcx
1466 3320 1538 3368 in
1572 3324 1750 3374 Japan
1784 3331 2067 3380 weijnich
2102 3336 2244 3384 ofte
2278 3339 2420 3388 niet
2455 3344 2528 3392 te
2560 3349 2915 3405 verrichten
2949 3361 3161 3416 heeft,

1122 3422 1344 3471 aldaer
1379 3427 1526 3477 over
1561 3433 1635 3481 te
1671 3437 1963 3490 blijven,
1999 3444 2219 3494 nodich
2255 3449 2403 3499 ende
2438 3456 2877 3511 profijtelick
2913 3467 3140 3517 achte;

1115 3527 1223 3573 met
1258 3529 1437 3576 hoope
1472 3532 1617 3580 door
1650 3536 1796 3589 voor
1829 3546 2080 3596 vhaelde
2115 3552 2401 3606 middelen
2436 3561 2545 3609 den
2579 3565 2794 3616 handel
2828 3571 3043 3623 aldaer
3079 3578 3189 3626 ten

1118 3637 1549 3695 principaelen
1583 3652 1799 3707 voorde
1833 3662 2049 3714 Comp=e
2083 3669 2478 3727 t'occuperen
2512 3683 2656 3730 ende
2691 3684 2907 3732 andere
2940 3686 3159 3738 geheel

1121 3749 1372 3801 buijten
1406 3757 1478 3805 te
1513 3761 1832 3820 sluijten,
1866 3777 2009 3825 daer
2042 3781 2503 3838 Jegenwoordigh
2538 3793 2609 3839 de
2644 3794 2928 3845 Chinesen
2962 3800 3069 3846 soo
3103 3800 3212 3850 wel

1119 3860 1225 3907 als
1259 3863 1366 3912 wij
1398 3868 1540 3923 ende
1573 3879 1748 3929 beter
1782 3884 2236 3933 gelegentheijt
2270 3889 2515 3945 hebben,
2549 3901 2621 3949 de
2652 3905 3177 3973 Coopmanschappen

1114 3993 1389 4043 inhanden
1423 3998 1492 4044 te
1526 3998 1802 4052 crijgen,
1835 4008 1938 4054 ten
1972 4007 2247 4053 respecte
2281 4006 2350 4052 't
2385 4006 2522 4053 lant
2556 4007 2660 4055 vol
2693 4011 2969 4061 chinesen
3002 4017 3244 4068 zijnde,

1130 4102 1266 4152 haer
1299 4107 1502 4157 eijgen
1534 4113 1736 4160 natien
1770 4115 2073 4161 gunstiger
2105 4115 2208 4161 als
2241 4116 2409 4162 donse
2443 4117 2612 4165 wesen
2644 4121 2881 4168 sullen;
2913 4124 3016 4171 wes
3047 4126 3151 4173 bij

2714 4250 3184 4299 Continuatie
