3567 4801
2746 500 2942 575 943

651 517 856 573 meert
895 519 1015 565 Ao.
1053 514 1253 564 164.6

1162 710 1224 756 67
1253 701 1375 753 str.
1406 697 1618 746 schaer,
1648 697 1952 744 Carmosijn,
1982 695 2043 741 en
2073 694 2226 742 groen
2255 695 2498 743 laecken,

1103 810 1261 864 4396
1297 798 1493 852 Cattj
1531 794 1842 843 Jappanse
1876 790 2153 840 Clamper

1133 894 1221 940 237
1247 884 1367 939 1/16
1395 881 1455 927 lb
1483 876 1806 926 quicksilver

1122 966 1271 1020 2040
1305 960 1381 1009 lb
1417 959 1786 1008 vermiliven

1177 1058 1301 1107 449½
1325 1046 1516 1106 Cattij
1547 1043 1732 1091 Siaurs
1763 1032 2043 1088 agerhoudt

1242 1146 1278 1193 4
1303 1136 1504 1195 Cassen
1535 1132 1667 1179 rouw
1699 1126 1907 1176 Corael

1218 1248 1314 1301 710
1342 1240 1436 1290 1/8
1463 1237 1528 1282 R.
1558 1237 1589 1283 a
1617 1226 1773 1280 goudt
1803 1221 1929 1270 ende
1956 1224 2111 1272 7176.
2141 1221 2294 1269 goude
2324 1214 2725 1265 murrasaersche
2753 1208 2912 1257 March

1116 1361 1277 1424 76716
1302 1352 1368 1402 r.
1398 1349 1429 1395 a
1460 1344 1552 1395 van
1580 1338 1705 1387 8.en
1734 1330 1981 1383 Inspecie
2012 1325 2350 1375 midtsgaders
2380 1319 2753 1372 vijscheijden

1352 1440 1667 1507 Provisie
1704 1432 1862 1483 Ende
1900 1429 2136 1476 andere
2173 1420 2956 1475 noodsaeckelijckheden

967 1544 1054 1595 als
1081 1539 1166 1587 bij
1194 1538 1392 1584 factura
1420 1536 1814 1584 gespecificeert
1842 1536 1983 1581 wort,
2011 1534 2096 1580 uyt
2123 1532 2181 1578 't
2208 1531 2491 1578 vaderlandt
2518 1534 2688 1580 waeren
2714 1529 2804 1578 tot

925 1649 1113 1705 Batavia
1138 1642 1408 1692 verschenen
1435 1642 1489 1687 d'
1516 1639 1705 1687 schepen
1731 1636 1866 1684 Breda
1892 1635 2000 1681 ende
2027 1633 2323 1679 leeuwaerden
2350 1632 2404 1678 2.
2431 1632 2458 1677 e
2484 1632 2538 1677 d'
2564 1631 2727 1678 fluijt
2751 1627 2807 1674 d'
2833 1618 2969 1671 witte

956 1753 1095 1803 valcq
1118 1746 1205 1796 10.
1232 1745 1260 1790 '
1285 1737 1564 1788 mitsgaders
1591 1736 1647 1781 d'
1674 1733 1868 1782 Jachten
1895 1732 2146 1779 Bruijnvis
2170 1731 2228 1780 17
2254 1728 2366 1775 ende
2393 1726 2559 1772 sluijs
2586 1725 2642 1770 28
2668 1721 2895 1770 november

2968 1726 3004 1772 „

958 1858 1066 1912 Item
1092 1857 1119 1902 3
1144 1848 1356 1901 december
1381 1844 1462 1893 den
1487 1841 1541 1888 E.
1567 1838 1699 1885 Carel
1725 1835 2016 1881 reijniersen
2041 1834 2121 1879 met
2147 1833 2200 1878 't
2227 1829 2359 1878 schip
2384 1828 2464 1874 den
2490 1824 2728 1872 salmander
2754 1820 2860 1868 ende
2884 1817 2966 1864 des
2992 1818 3022 1863 —

955 1961 1127 2016 daeghs
1153 1956 1354 2005 daeraen
1381 1953 1468 2001 het
1496 1948 1638 1998 vacht
1666 1947 1752 1993 van
1780 1945 1923 1992 Toayn
1950 1943 2036 1989 soo
2063 1940 2150 1988 dat
2177 1937 2321 1985 vande
2349 1932 2691 1981 voorjaersche
2716 1924 2863 1977 Vlote

950 2079 1073 2133 niet
1101 2071 1433 2123 mancqueerde
1462 2069 1552 2115 dan
1580 2065 1642 2113 d'
1671 2061 1851 2110 fluijt
1881 2059 1942 2106 d'
1971 2056 2181 2103 Joncker
2211 2056 2301 2101 van
2331 2049 2631 2101 amsterdam,
2661 2045 2781 2094 ende
2809 2042 2871 2089 't
2900 2035 3051 2088 Jacht

962 2200 1021 2246 't
1047 2192 1138 2243 sas
1166 2188 1255 2235 van
1282 2183 1430 2233 gendt
1458 2180 1606 2227 vande
1632 2174 1781 2225 Camer
1810 2170 2074 2218 Seelandt,
2103 2168 2191 2215 het
2220 2166 2367 2213 welcq
2395 2160 2718 2210 doorgebreek
2746 2156 2838 2204 van

949 2303 1104 2356 water
1134 2299 1257 2347 naer
1286 2287 1685 2343 farnamboucque
1715 2285 1961 2333 geloopen
1990 2281 2083 2329 Is,
2113 2279 2205 2326 God
2235 2272 2542 2323 Almachtich
2572 2264 2847 2314 geleijdse
2875 2254 3001 2309 mede

958 2427 1018 2476 In
1042 2413 1276 2469 behouden
1302 2407 1505 2456 thaven,
1531 2401 1649 2452 daer
1676 2396 1850 2445 tegens
1878 2391 2165 2440 Verhoopten
2191 2384 2309 2436 haer
2335 2381 2395 2428 Ed
2421 2380 2510 2432 h:e
2533 2382 2710 2433 Iegens
2737 2376 2882 2426 medio
2905 2370 2940 2419 —

950 2537 1175 2592 december
1201 2532 1287 2581 van
1312 2524 1454 2576 Bat.a
1481 2521 1593 2570 naer
1619 2519 1676 2565 't
1704 2511 2093 2563 levevaderlandt
2120 2511 2177 2557 te
2204 2508 2316 2556 doen
2343 2501 2650 2552 retourneren
2677 2500 2705 2546 9
2732 2498 2816 2544 str
2844 2494 3040 2543 Cloecke

933 2646 1199 2708 schepen
1237 2638 1692 2690 namentlijck,
1729 2630 1958 2684 Tgger,
1992 2615 2338 2672 Walvisch,
2374 2616 2564 2664 vrede
2600 2613 2678 2659 en
2714 2601 2981 2658 Sutphen

956 2770 1173 2825 voord'
1207 2765 1387 2815 Camer
1420 2752 1742 2808 Amsterdam
1777 2750 1849 2797 't
1884 2746 1992 2794 Hof
2026 2740 2134 2789 van
2169 2732 2419 2786 Zeeland
2453 2724 2597 2775 ende
2631 2705 2954 2767 Henriette

919 2890 1154 2949 Lougsia
1182 2881 1288 2933 dat
1319 2870 1555 2924 geladen
1588 2865 1723 2914 uijt
1756 2856 1991 2909 Tapouan
2024 2850 2293 2900 verwacht
2325 2845 2527 2896 wierdt
2560 2840 2762 2889 voord'
2793 2830 2964 2884 Camer

938 2997 1353 3069 meiddelburch
1385 2994 1456 3040 N:
1489 2982 1802 3039 Rotterdam
1834 2976 1974 3025 voor
2006 2973 2078 3021 d'
2112 2967 2285 3018 Camer
2319 2953 2630 3010 rotterdam

928 3109 1456 3183 Westvrieslant,
1492 3103 1644 3152 voor
1680 3091 1908 3146 Hoorn,
1943 3083 2096 3134 ende
2133 3081 2211 3128 N:
2243 3063 2661 3130 Enckhuijsen
2699 3054 2926 3108 voorde

969 3235 1123 3290 Camer
1153 3225 1491 3279 Enckhuijsen
1519 3213 1767 3270 d'welcke
1796 3209 1889 3257 een
1918 3198 2287 3253 treffelijcke
2317 3189 2563 3242 Capitaal
2591 3171 2940 3233 medestonden

944 3368 1005 3418 te
1027 3353 1232 3409 slepen,
1260 3353 1318 3398 't
1345 3350 1489 3397 welcq
1516 3347 1603 3395 god
1631 3336 1918 3391 Almachtich
1944 3325 2175 3379 behouden
2202 3320 2403 3369 gelieve
2431 3318 2489 3365 te
2517 3312 2777 3361 leijden:/

947 3504 1210 3570 ultimo
1253 3491 1600 3547 November
1643 3483 2078 3535 arriveerde
2120 3477 2294 3526 voor
2337 3464 2598 3521 Bantum
2636 3457 2771 3507 ter

964 3624 1111 3678 Ehede
1137 3618 1228 3668 den
1256 3608 1520 3661 deenschen
1548 3600 1842 3652 Commandeur
1870 3595 2047 3645 Willem
2075 3594 2251 3640 Leijel
2279 3591 2369 3639 met
2395 3586 2456 3634 't
2485 3581 2631 3630 schip
2659 3568 3012 3625 d'Cristiaens

955 3723 1119 3780 Haven
1147 3705 1408 3766 Comendem
1438 3703 1505 3749 29
1534 3700 1698 3750 dagen
1729 3698 1827 3745 Van
1857 3690 2182 3742 Trangebare
2212 3679 2634 3736 overgeseildt,
2665 3676 2763 3724 soo
2793 3666 3022 3720 voorgaf

929 3822 1024 3875 was
1054 3818 1146 3865 van
1174 3809 1450 3861 meijninge
1478 3805 1601 3852 sijn
1632 3798 1906 3851 peperlast
1936 3797 1997 3842 te
2027 3794 2210 3842 bantum
2240 3792 2301 3838 te
2330 3784 2575 3836 becomen,
2602 3776 2727 3829 ende
2756 3775 2795 3822 —

940 3932 1002 3982 d'
1026 3915 1261 3974 aermedel
1287 3904 1607 3958 ardhoucture
1634 3903 1752 3948 naer
1779 3897 1954 3947 Europa
1981 3895 2041 3941 te
2065 3889 2358 3941 navigeren,
2385 3883 2560 3933 watter
2587 3881 2647 3927 op
2673 3872 2849 3924 Volgen
2876 3868 2970 3917 sal

909 4027 1216 4086 leekeden
1252 4014 1406 4070 tijt

0 878 38 923 c

0 1069 250 1118 eenemael

143 2632 244 2679 laming

0 3679 237 3734 paele
