3662 4773
1329 577 1409 626 de
1446 580 1684 626 welcke
1723 581 1998 629 omtrent
2037 583 2116 629 de
2154 581 2273 628 300
2312 580 2470 628 Olb„
2508 577 3138 627 ongeraffineerden
3177 574 3531 623 salpecter

1322 697 1624 745 (costende
1657 699 1892 748 Incoops
1924 704 2125 753 10500:
2157 707 2292 753 r„a)
2323 705 2392 753 in
2425 705 2559 750 haer
2591 697 2860 750 pachuijs
2892 694 3095 742 hebben
3126 696 3361 743 leggen,
3392 697 3543 743 ende

1315 801 1388 846 al
1423 802 1819 860 onderstaen,
1854 816 1927 862 om
1962 817 2034 863 de
2069 815 2250 861 selve
2286 816 2466 863 opden
2502 818 2646 864 naem
2681 817 2790 864 van
2825 818 3006 864 baras
3041 817 3185 864 naer
3220 816 3509 864 souratte

1311 924 1378 970 te
1409 925 1638 976 voeren,
1669 932 1800 978 doch
1832 933 1899 980 de
1928 934 2092 982 wijle
2125 933 2256 979 dese
2285 933 2515 981 quijten
2547 934 2678 981 daer
2709 932 2840 978 voor
2873 932 3003 978 niet
3035 933 3231 979 minder
3263 935 3362 982 als
3392 939 3526 988 1700

1309 1041 1407 1087 r„a
1439 1043 1634 1093 wilden
1666 1049 1958 1098 genieten,
1990 1052 2087 1098 soo
2120 1052 2185 1097 is
2217 1052 2379 1097 sulcx
2412 1052 2801 1098 naergebleven
2834 1052 2963 1098 ende
2996 1052 3190 1098 hebben
3223 1053 3450 1099 wederom
3482 1053 3532 1100 —

1307 1158 1412 1204 bij
1444 1159 1547 1205 den
1581 1160 1788 1209 prince
1820 1166 1889 1212 om
1923 1163 2196 1212 licentie
2230 1162 2334 1208 tot
2367 1163 2539 1210 ditos
2572 1164 2982 1212 uijtvoeringe
3016 1167 3119 1212 aen
3153 1162 3428 1212 gehouden

1306 1282 1453 1331 ofte
1488 1282 1599 1330 bij
1634 1286 2035 1332 weijgeringh
2071 1285 2180 1331 van
2217 1284 2362 1330 dien
2398 1283 2508 1329 met
2544 1284 2690 1332 sijn
2726 1287 2944 1333 treijn
2981 1288 3053 1333 te
3089 1288 3272 1337 mogen
3308 1293 3533 1345 opbre„

1301 1404 1460 1451 ken,
1499 1406 1658 1451 ende
1697 1407 1855 1454 naer
1894 1406 2210 1454 souratta
2249 1406 2328 1451 te
2367 1405 2803 1458 vertrecken,
2839 1412 3079 1461 waerop
3117 1416 3236 1464 ten
3275 1419 3528 1472 antw=t

1295 1523 1582 1572 creech
1629 1524 1772 1571 dat
1818 1524 1961 1571 hem
2008 1526 2388 1574 niemandt
2433 1530 2530 1579 In
2575 1534 3051 1585 ammadabath
3097 1541 3477 1594 geroepen

1301 1642 1539 1689 hadde,
1578 1643 1737 1692 ende
1776 1647 2013 1698 daerom
2052 1649 2290 1697 Indier
2329 1649 2607 1698 maniere
2645 1655 2843 1701 weder
2882 1656 3040 1704 gaen
3079 1659 3356 1709 mochte,
3396 1662 3516 1709 hoe

1248 1766 1608 1817 'twijders
1647 1767 1807 1812 hier
1846 1768 2006 1813 mede
2044 1768 2164 1814 sal
2203 1768 2561 1820 affloopen
2600 1775 2759 1824 moet
2799 1777 2918 1824 den
2957 1778 3116 1827 tijt
3155 1781 3516 1830 openbaren

1231 1978 1367 2026 P„r
1411 1977 1770 2027 Nassouw,
1813 1980 2083 2033 zullen
2117 1986 2171 2033 u
2214 1986 2439 2039 Ed=ts
2483 1993 2842 2046 vernomen
2886 2002 3154 2050 hebben
3199 2005 3288 2053 de
3333 2008 3516 2060 rede

1281 2106 1499 2154 waerom
1535 2108 1680 2156 geen
1715 2109 1934 2156 Indigo
1968 2112 2258 2162 sirchees
2294 2117 2476 2165 hadde
2511 2121 2909 2177 negotieren,
2944 2132 3089 2178 maer
3125 2131 3415 2177 desseffs
3450 2132 3487 2177 —

1310 2235 1560 2288 procure
1595 2233 1702 2280 tot
1737 2233 1879 2278 naer
1914 2233 1985 2279 't
2020 2234 2304 2283 vertrecq
2339 2238 2446 2284 der
2481 2238 2694 2285 retoer
2729 2240 3013 2292 scheepen
3048 2246 3190 2292 (als
3225 2243 3476 2291 wanneer

1266 2362 1582 2409 verhoopte
1616 2359 1757 2406 veel
1792 2357 1968 2403 beter
2003 2357 2143 2402 coop
2178 2357 2354 2406 zoude
2388 2359 2600 2409 wesen)
2633 2364 2950 2418 surcheren
2984 2373 3230 2420 laeten,
3265 2372 3406 2419 ende
3440 2372 3512 2419 Ie

1280 2483 1354 2530 de
1390 2482 1791 2530 confirmatie
1827 2483 2082 2530 daervan
2118 2486 2227 2531 ten
2262 2485 2446 2531 deele
2482 2486 2592 2532 met
2627 2488 2700 2534 de
2736 2489 3173 2544 vogelstruijs
3210 2499 3503 2548 gevolcht

1278 2604 1505 2653 enigen
1542 2607 1694 2653 tijt
1731 2605 1883 2651 daer
1921 2605 2111 2652 heeft
2147 2609 2261 2657 den
2297 2611 2754 2660 oppercoopman
2790 2617 2980 2666 Jacob
3016 2622 3131 2669 van
3168 2625 3511 2674 Kittesten

1275 2726 1350 2773 in
1388 2727 1577 2773 alles
1614 2727 1728 2773 200
1765 2728 1954 2776 pacq:
1991 2728 2407 2781 (inhoudende
2444 2736 2634 2784 28800
2670 2741 2784 2788 lb:
2821 2744 3425 2794 schoondeuchtsaem
3462 2747 3500 2792 —

1269 2846 1407 2892 goet
1441 2845 1545 2891 van
1579 2847 1649 2895 d'
1682 2849 1751 2895 18
1784 2847 1822 2895 ¾
1848 2850 1957 2897 tot
1991 2852 2061 2900 20
2094 2856 2231 2902 1/16
2265 2854 2369 2901 r„o
2403 2854 2472 2899 de
2506 2855 2610 2902 man
2643 2858 2748 2908 van
2781 2864 2886 2912 36:
2917 2869 3021 2915 lb:
3055 2870 3468 2919 genegotieert

1262 2960 1334 3007 't
1368 2960 1584 3006 welcke
1619 2962 1726 3008 met
1762 2963 1870 3010 den
1904 2966 2084 3015 prijs
2118 2971 2227 3022 van
2261 2978 2405 3027 23½:
2439 2982 2547 3028 r=a
2583 2982 2726 3029 (die
2761 2985 2834 3032 de
2868 2988 3083 3039 Indigo
3118 2995 3369 3042 bouwers
3403 2997 3444 3046 —

1264 3075 1401 3122 voor
1435 3075 1505 3122 't
1536 3077 1810 3127 vertrecq
1841 3081 2015 3129 onser
2046 3085 2286 3139 Schepen
2319 3095 2457 3144 voor
2489 3100 2592 3149 ten
2625 3104 2761 3149 deel
2795 3104 3068 3157 slechten
3101 3113 3340 3162 annijl)
3374 3118 3510 3163 ende

1267 3201 1342 3248 29
1379 3200 1491 3246 r„a
1527 3199 1677 3245 (die
1714 3199 1975 3249 voorden
2011 3205 2235 3253 besten
2271 3209 2643 3265 begeerden,
2680 3221 2754 3267 te
2790 3222 2940 3273 veel
2977 3229 3350 3285 different,
3385 3242 3498 3289 den

1257 3315 1470 3363 Engels
1505 3316 1786 3362 resident
1822 3317 1998 3363 soude
2032 3318 2139 3366 den
2173 3323 2315 3370 onse
2348 3326 2561 3374 gaerne
2595 3330 2806 3377 daerin
2841 3332 3228 3385 hinderlijck
3262 3341 3510 3392 geweest

1259 3437 1424 3483 zijn,
1455 3434 1556 3481 met
1588 3433 1819 3479 cleijne
1851 3433 2182 3482 partijtjes
2214 3437 2313 3483 tot
2346 3438 2546 3489 dieren
2577 3446 2743 3493 prijs
2774 3450 2841 3496 in
2873 3451 2940 3497 te
2972 3452 3203 3502 coopen,
3234 3455 3367 3502 ende
3400 3451 3500 3499 van

1239 3548 1377 3596 sich
1411 3549 1480 3595 te
1514 3549 1721 3596 geven,
1753 3550 1857 3596 dat
1891 3549 2097 3596 groote
2131 3550 2510 3599 quantiteijt
2543 3555 2886 3608 benoodicht
2920 3564 3092 3609 ware,
3126 3565 3263 3610 doch
3297 3565 3503 3613 wierde

1255 3663 1328 3709 te
1365 3663 1768 3709 laetwacker,
1804 3663 1951 3710 ende
1987 3662 2170 3710 zoude
2207 3664 2318 3711 aen
2353 3668 2574 3715 UEd=ts
2609 3669 2830 3716 eijsch
2866 3671 2978 3720 van
3012 3677 3085 3723 30
3122 3678 3159 3723 C
3194 3676 3305 3722 lb:
3341 3674 3488 3722 niet

1242 3781 1712 3839 gemancqueert
1750 3780 2022 3827 hebben,
2060 3780 2177 3827 bij
2215 3780 2448 3829 aldien
2486 3785 2564 3830 't
2602 3786 2912 3839 volgende
2950 3795 3260 3844 obstacul
3299 3797 3477 3845 niet

1240 3910 1737 3965 voorgevallen
1772 3911 2023 3958 hadde,
2063 3911 2187 3957 dat
2228 3911 2352 3956 den
2391 3909 2845 3959 voornoemden
2885 3916 3131 3965 prince
3172 3920 3337 3967 (die
3378 3919 3501 3967 van

1230 4041 1375 4092 sijn
1411 4040 1554 4086 part
1589 4038 1698 4084 der
1733 4037 2056 4086 bladeren,
2091 4040 2164 4087 in
2198 4042 2379 4088 zijne
2413 4043 2808 4094 Jurisdictie
2843 4048 3237 4096 gewasschen,
3273 4048 3488 4096 belast

3115 4146 3448 4194 hadde
