3567 4801
2734 486 2900 548 940

627 508 930 563 novembr.
967 503 1119 555 1645

930 705 988 754 d'
1013 697 1180 748 Candij
1206 695 1317 742 rijs
1344 694 1564 740 becomen,
1590 693 1646 739 't
1673 689 1811 737 gewas
1838 688 1893 733 ix
1920 688 2085 736 Oriepa
2112 692 2277 740 stondt
2303 695 2606 747 seerschoon,
2632 698 2743 745 ende
2769 696 2908 742 Werdt
2933 694 2962 740 —

918 810 1128 867 gehoopt
1157 808 1217 854 en
1246 804 1483 853 Januarij
1511 799 1808 849 aenstaende
1837 798 2014 844 groote
2044 798 2339 846 quantiteyt
2369 800 2457 845 van
2487 800 2605 845 daer
2634 795 2931 845 Vervoerdt—

911 924 1008 977 sal
1036 915 1255 967 werden,

616 1150 704 1212 By
741 1112 1298 1190 vooraengetogen
1336 1109 1657 1158 missiven
1696 1109 1895 1156 vande
1935 1109 2533 1157 Owvercoopluyden
2572 1103 2773 1156 ss=re

916 1230 1055 1283 Iacob
1081 1226 1245 1273 Sumius
1273 1225 1382 1271 ende
1408 1223 1628 1269 martinus
1654 1223 1710 1269 d'
1736 1222 1901 1269 Vroede
1928 1221 2064 1267 werdt
2091 1219 2392 1266 g'adviseert
2418 1217 2556 1264 hoed'
2582 1200 2994 1262 saeckederwaerts

915 1343 1070 1396 geheel
1095 1338 1248 1387 anders
1273 1334 1452 1383 begindt
1477 1333 1529 1379 te
1553 1328 1809 1377 verthonen,
1834 1325 2064 1373 solckende
2089 1323 2370 1371 d'schrobber
2394 1318 2650 1367 melcqbeecq
2673 1314 2752 1363 bij
2776 1308 2882 1358 alle

908 1452 1142 1508 middelen
1169 1447 1374 1496 wederom
1403 1441 1694 1492 geveijnsde
1722 1436 2013 1486 Vruntschap
2041 1434 2129 1480 met
2158 1434 2217 1480 d'
2245 1434 2362 1481 onse
2390 1433 2449 1478 te
2477 1429 2682 1478 maecken
2710 1424 2944 1474 apparent

910 1583 963 1632 op
982 1574 1061 1626 dat
1083 1570 1134 1617 d'
1157 1565 1355 1614 moorsche
1379 1558 1552 1610 schepen
1576 1555 1650 1602 die
1673 1552 1724 1598 in
1747 1549 1969 1596 Bellesoor
1993 1547 2068 1593 wel
2092 1545 2166 1591 tot
2191 1544 2240 1590 11
2264 1543 2289 1589 a
2313 1542 2363 1588 12
2387 1540 2486 1587 str.
2509 1536 2707 1584 veerdigh
2729 1531 2930 1581 gemaeckt

913 1689 1062 1743 werden
1083 1678 1352 1733 verseeckert
1375 1673 1498 1723 soude
1521 1670 1644 1718 mogen
1667 1667 1910 1715 vertrecken
1934 1666 2008 1712 bij
2031 1661 2226 1711 provisie
2249 1658 2371 1705 hadde
2396 1656 2468 1703 den
2493 1652 2711 1701 seggedaer
2735 1652 2808 1697 van
2831 1645 3003 1697 pipelij

908 1807 1082 1857 wederom
1106 1801 1305 1851 licentie
1328 1794 1528 1846 gegeven,
1551 1790 1627 1838 dat
1650 1788 1701 1834 d'
1724 1783 1924 1833 dienaers
1948 1780 2146 1829 aerbeyts
2169 1772 2369 1825 luijden,
2392 1769 2492 1816 ende
2517 1768 2791 1815 Coopluijden

906 1932 962 1981 In
985 1924 1067 1975 des
1091 1909 1356 1967 Compagnies
1382 1905 1515 1953 logie
1538 1899 1725 1948 gelijck
1750 1893 1988 1943 voordesen
2014 1890 2147 1938 Comen
2172 1886 2331 1935 mogen,
2356 1881 2463 1930 ende
2489 1878 2647 1927 waeren
2671 1870 2832 1923 eenige

914 2032 1126 2084 grooten,
1152 2030 1206 2076 om
1230 2023 1497 2075 vermercken
1521 2019 1603 2068 dat
1628 2014 1762 2064 alles
1789 2008 2028 2059 Contrarie
2054 2007 2107 2053 d'
2132 1999 2319 2052 belofte
2346 1998 2426 2044 van
2450 1990 2718 2041 melckbeecq
2743 1988 2988 2036 uijtvaedt

909 2146 1016 2198 ende
1040 2143 1094 2190 d'
1120 2142 1172 2187 E.
1197 2133 1432 2186 Compagnie
1457 2130 1535 2177 soo
1561 2125 1848 2175 lichtelijck
1873 2123 1952 2170 tot
1977 2120 2108 2167 hunne
2130 2115 2341 2165 beheerte
2366 2114 2471 2160 niet
2497 2113 2550 2159 te
2575 2111 2757 2158 dwingen
2782 2109 2836 2156 Is
2860 2105 2888 2153 —

909 2260 1009 2312 maer
1031 2257 1129 2305 hier
1152 2253 1250 2301 door
1272 2250 1346 2298 wel
1369 2247 1514 2295 groote
1537 2241 1755 2291 onheijlen
1778 2240 1924 2286 souden
1947 2239 2091 2286 Cunnen
2115 2238 2260 2284 Eijsen
2282 2235 2404 2283 Jover
2427 2232 2621 2280 debselfs
2643 2229 2862 2276 proceuren
2880 2228 2910 2276 —

910 2387 990 2439 ten
1013 2377 1244 2430 hoochsten
1269 2367 1702 2422 gemiscontenteert,
1726 2362 1829 2410 ende
1852 2359 1905 2406 't
1929 2358 1981 2403 Ho
2006 2358 2082 2403 wel
2108 2353 2337 2403 apparent,
2360 2347 2540 2397 wanneer
2564 2344 2641 2391 den
2665 2338 2826 2389 prince

903 2503 985 2553 van
1010 2497 1144 2547 alles
1168 2493 1382 2542 volcomen
1408 2484 1780 2537 onderrichtinge
1806 2481 1939 2528 heeft
1965 2480 2151 2527 becomen
2176 2479 2231 2525 de
2255 2469 2495 2525 Compagnie
2519 2463 2654 2513 beter
2678 2454 2920 2507 tractamen

904 2619 1138 2670 erlangen,
1163 2616 1267 2663 ende
1293 2616 1345 2661 de
1369 2611 1552 2661 schande
1576 2610 1630 2656 en
1654 2606 1836 2654 schaede
1861 2603 1940 2651 tot
1965 2603 2096 2650 laste
2121 2602 2276 2648 vanden
2301 2594 2561 2646 Voorwinden
2586 2586 2877 2638 melcqbeecq—

879 2736 1173 2791 redunderen
1202 2734 1320 2783 sal,

893 2895 993 2945 Den
1025 2882 1424 2937 opvercoopman
1458 2881 1524 2927 s.
1557 2880 1591 2926 r
1623 2878 1823 2925 Thomas
1856 2878 1957 2923 van
1988 2869 2189 2921 Cuijck
2221 2866 2322 2914 was
2353 2862 2455 2910 den
2487 2859 2555 2906 7.
2586 2856 2621 2902 e
2653 2854 2889 2904 passado
2917 2858 2954 2906 —

921 2997 971 3042 in
995 2994 1171 3043 pipelij
1195 2993 1270 3039 van
1295 2988 1620 3038 Cassinabasaer
1643 2985 1744 3033 over
1769 2985 1844 3030 den
1868 2982 1969 3029 Wegh
1993 2979 2069 3027 Van
2093 2978 2244 3024 onglij
2268 2978 2343 3024 wel
2367 2975 2493 3022 comen
2517 2965 2817 3019 t'arriveren,
2840 2963 2867 3009 —

905 3106 1014 3153 ende
1040 3102 1202 3150 wierdt
1228 3100 1391 3147 aldaer
1417 3100 1445 3146 o
1469 3095 1633 3146 vorden
1659 3090 1929 3140 Gouverneur
1955 3083 2361 3134 Miersiametbeecq
2387 3081 2602 3129 eerlijck
2627 3067 2925 3126 getracteert

904 3213 1013 3263 ende
1039 3206 1201 3257 scheen
1228 3204 1336 3250 seer
1362 3201 1552 3249 genegen
1576 3200 1632 3247 te
1659 3199 1793 3245 wesen
1819 3198 1875 3244 om
1901 3199 1955 3245 d'
1981 3196 2224 3246 Compagnie
2250 3192 2359 3240 daer
2385 3190 2440 3236 te
2466 3185 2682 3235 trecken,
2706 3176 2843 3229 heeft

898 3321 982 3373 een
1008 3316 1144 3365 Couel
1170 3313 1361 3361 gelijck
1388 3310 1469 3358 dat
1495 3308 1658 3354 vanden
1684 3306 1820 3352 nabab
1848 3302 2091 3351 Lamaschan
2118 3295 2362 3346 verleendt
2388 3281 2686 3339 namentlijck
2711 3277 2794 3325 dat

902 3430 955 3476 in
980 3426 1139 3475 onglij
1163 3424 1244 3471 van
1270 3422 1376 3469 alle
1402 3413 1797 3467 Coopmanschappen
1822 3412 1902 3458 die
1927 3411 2007 3457 van
2033 3408 2165 3455 boven
2190 3403 2324 3451 Inden
2347 3395 2534 3446 Bandaer
2558 3389 2718 3439 Comen,
2742 3386 2797 3433 en
2821 3382 2970 3430 weder

900 3539 1011 3593 uijt
1036 3536 1091 3583 d'
1118 3533 1307 3581 bandaer
1332 3526 1684 3577 telandewaeres
1710 3521 1954 3571 Vervoerdt
1981 3518 2143 3566 werden
2168 3516 2197 3563 3
2222 3514 2277 3560 p.
2304 3514 2331 3559 r
2358 3514 2467 3560 C=to
2492 3509 2655 3557 vanden
2682 3504 2844 3555 Incoop
2867 3499 2898 3546 —

892 3658 1006 3708 ende
1032 3654 1117 3701 van
1143 3651 1255 3698 yder
1283 3648 1422 3696 schip
1449 3640 1782 3692 daersendende
1808 3635 1894 3685 350
1920 3632 2088 3678 ropias
2114 3628 2227 3677 eens
2253 3625 2309 3671 te
2336 3620 2587 3669 betaelen,
2609 3609 2837 3665 hebbende

891 3770 1000 3821 mede
1026 3768 1107 3814 soo
1132 3755 1452 3812 daerbegeerde
1477 3748 1744 3799 residentie
1770 3747 1824 3793 te
1850 3745 1983 3793 nemen
2010 3744 2090 3790 een
2116 3740 2329 3789 bequaeme
2355 3736 2515 3785 plaets
2541 3732 2648 3780 omme
2673 3730 2754 3776 een
2780 3723 2915 3774 logie

900 3889 956 3935 te
982 3884 1177 3934 maecken
1204 3878 1509 3929 aengewesen,
1537 3878 1593 3923 op
1617 3874 1676 3923 d'
1703 3869 1925 3919 Claghten
1952 3865 2091 3914 Wegen
2117 3863 2174 3909 't
2202 3859 2340 3907 quaet
2367 3855 2562 3904 onthael
2590 3854 2645 3900 in
2673 3852 2925 3900 rasmmahol

881 4008 1018 4060 hadde
1043 4002 1286 4053 genoemden
1311 3995 1554 4046 ametbeecq
1580 3993 1635 4039 in
1661 3989 1903 4037 presentie
1929 3985 2010 4033 Van
2036 3983 2091 4029 8.
2116 3981 2144 4027 n
2171 3976 2332 4026 Cuijck
2356 3972 2466 4020 veel
2492 3971 2546 4016 in
2572 3967 2734 4015 taveur
2757 3960 2896 4011 Vande

895 4128 1146 4184 Compagnie
1172 4121 1340 4172 aenden
1366 4120 1534 4167 Prince
1559 4112 1866 4163 geschreven,
1893 4107 2199 4156 namentlijck
2225 4103 2310 4151 dat
2335 4095 2586 4147 eerlijcke
2613 4089 2920 4140 Coopluyjden

119 782 180 829 Copie
189 785 215 832 d.
223 788 241 834 o

140 990 172 1035 en

1297 906 1328 952 -
