3567 4801
2776 523 2948 599 961

542 524 681 574 Mey
714 513 914 570 1646

967 692 1090 742 hadde
1114 690 1212 736 doen
1237 690 1481 737 doodtslaen
1505 690 1603 737 over
1627 690 1750 740 sulcx
1773 694 1970 744 Justrcie
1994 700 2068 747 aen
2091 703 2166 751 ons
2189 707 2264 756 was
2286 712 2555 762 versoecken,
2580 717 2654 763 soo
2676 716 2800 763 hebbe
2824 717 2947 763 goedt
2969 718 2999 766 —

967 803 1141 853 gedaght
1165 803 1238 849 hem
1263 802 1336 848 met
1361 801 1459 847 dese
1483 800 1654 847 regulen
1677 798 1874 845 houdende
1898 798 1948 844 op
1971 800 2046 848 uE:
2068 804 2118 850 te
2142 805 2338 854 versien,
2360 806 2534 853 daerbij
2557 809 2631 854 uE.
2655 810 2949 861 g'ordonneert

980 902 1111 953 werdt
1135 898 1216 947 soo
1241 896 1425 942 wanneer
1450 896 1608 943 ipelij
1634 896 1791 942 Compt,
1816 896 1922 944 naer
1947 899 2053 945 dese
2078 901 2236 948 saecke
2262 903 2524 954 ondersoecq
2548 908 2603 954 te
2628 910 2759 958 doen,
2784 913 2815 961 —

963 999 1070 1049 naer
1095 993 1441 1043 ondervindinge
1467 995 1547 1041 van
1573 996 1734 1046 saecke
1758 1003 1972 1051 Justitie
1996 1007 2421 1061 t'admenistreren,
2447 1017 2554 1064 naer
2579 1019 2686 1065 onse
2712 1020 2792 1067 wet
2818 1022 2872 1067 op
2897 1023 2977 1069 dat

958 1106 1084 1158 onsen
1107 1103 1208 1150 naem
1233 1100 1456 1147 dierwegen
1480 1100 1555 1146 van
1580 1100 2028 1151 onrechtveerdicheyt
2051 1107 2151 1153 niet
2175 1107 2498 1157 beschuldight,
2522 1112 2622 1159 ende
2647 1113 2820 1160 becladt
2845 1109 2977 1158 werde

957 1212 1012 1257 In
1034 1198 1307 1254 ragiemahol
1334 1197 1415 1242 den
1442 1195 1523 1242 25.
1549 1196 1577 1241 '
1603 1195 1738 1242 vande
1765 1195 1928 1242 maendt
1953 1198 2251 1248 Ispindiaer.
2277 1203 2359 1250 Int
2385 1206 2467 1251 18.
2492 1207 2520 1253 '
2546 1207 2655 1253 Jaer
2678 1206 2769 1255 der

980 1304 1248 1360 regeringe
1277 1299 1367 1348 van
1396 1297 1545 1343 onsen
1573 1295 1723 1341 vader
1750 1291 1962 1340 Chasjan

1209 1484 1371 1532 Volght
1396 1481 1452 1527 d'
1478 1476 1613 1526 Copia
1639 1474 1747 1520 uyjt
1772 1472 1855 1519 den
1877 1468 2042 1518 Eijsch
2069 1467 2149 1513 der
2176 1466 2337 1512 deeren
2364 1466 2418 1512 op
2444 1466 2498 1512 en
2525 1465 2686 1512 tegens
2712 1464 2767 1510 d'
2793 1456 2955 1508 Mooren
2978 1452 3009 1500 —

1221 1569 1350 1619 wegen
1373 1566 1426 1614 't
1450 1561 1554 1610 gene
1579 1556 1758 1605 volgens
1783 1556 1859 1602 hun
1885 1556 2115 1602 schrijven
2140 1556 2191 1601 en
2217 1555 2472 1602 diveersche
2496 1552 2651 1600 maelen
2675 1551 2727 1597 bi
2752 1549 2804 1595 de
2828 1545 2983 1593 nababs
3007 1546 3036 1592 —

1212 1661 1327 1715 ende
1351 1653 1517 1704 andere
1543 1651 1599 1697 in
1625 1646 1789 1696 oricpa
1816 1643 1871 1690 te
1897 1640 2007 1687 Cort
2034 1640 2253 1688 geconten
2275 1639 2415 1688 sijn,
2442 1637 2524 1684 als
2551 1637 2854 1687 namentlijck

981 1827 1134 1894 Inden
1162 1818 1310 1869 Jaere
1338 1815 1398 1861 a.
1426 1814 1456 1859 o
1485 1807 1603 1858 1625
1632 1801 1780 1852 wegen
1809 1799 1867 1844 't
1895 1797 2044 1844 schip
2073 1795 2279 1843 Supiter
2308 1794 2545 1840 genaempt
2573 1794 2661 1841 ten
2689 1788 2838 1839 tijde
2867 1785 2955 1832 den

966 1917 1180 1980 Koninck)
1206 1912 1418 1963 siangier
1442 1908 1577 1956 synde
1602 1906 1656 1952 in
1681 1903 1841 1951 Oricxa
1867 1901 2000 1948 Nabab
2026 1901 2317 1948 Bacherchan,
2344 1902 2477 1948 welcq
2502 1903 2635 1950 schip
2660 1902 2767 1949 door
2793 1901 2847 1947 's
2872 1900 2929 1946 In

953 2020 1176 2078 axprentie
1199 2014 1349 2064 houden
1372 2011 1448 2058 den
1471 2008 1670 2056 schipper
1694 2006 1768 2052 die
1793 2002 1967 2051 vermits
1991 2003 2065 2048 bij
2090 2001 2238 2048 Bacher
2262 2000 2361 2046 Chan
2385 1999 2609 2045 Voornomet
2632 1995 2782 2043 sonder
2805 1981 2955 2039 eenige

2904 2076 2971 2132 „

967 2115 1092 2165 reden
1113 2111 1166 2158 in
1189 2103 1463 2155 hechtenisse
1485 2099 1686 2148 gehouden
1711 2097 1885 2144 wierdt,
1909 2096 2009 2142 ende
2033 2096 2108 2141 aen
2132 2094 2282 2141 boordt
2306 2090 2406 2138 geen
2430 2090 2554 2136 ordre
2579 2089 2753 2136 stellen
2775 2083 2890 2134 cost

968 2209 1077 2261 door
1103 2200 1290 2253 onweder
1314 2194 1475 2244 Iegens
1501 2192 1555 2238 d'
1581 2187 1874 2236 walgerocht,
1898 2185 2033 2231 sulcx
2058 2183 2139 2228 van
2165 2182 2271 2228 alle
2298 2180 2404 2227 sijn
2430 2169 2802 2225 scheepsladinge
2827 2160 3042 2214 weijnich

961 2300 1088 2358 ofte
1116 2294 1241 2343 niet
1269 2283 1516 2337 geberght
1546 2281 1638 2327 so,
1668 2278 1883 2325 daerbij
1912 2271 2128 2322 sehoren
2156 2269 2341 2316 hebben
2370 2269 2403 2315 —
2432 2266 2464 2312 1
2491 2262 2525 2310 -
2552 2256 2587 2305 -
2609 2249 2646 2295 -
2676 2248 2738 2295 r.
2767 2249 2860 2302 /a„
2886 2244 3013 2298 150@

2705 2349 2770 2398 „
2832 2327 3020 2388 200

967 2388 1177 2443 gemelte
1205 2372 1594 2431 schiptstucken
1622 2366 1802 2416 seylen
1831 2362 1950 2410 touw
1979 2359 2099 2406 ende
2128 2352 2664 2404 anderegereedtschap

950 2486 1076 2538 synde
1099 2481 1174 2530 met
1196 2477 1247 2524 't
1270 2470 1395 2521 selve
1418 2467 1468 2513 45
1491 2460 1664 2511 d'eenen
1688 2451 1983 2504 verdroncken,
2006 2443 2253 2495 benefffens
2277 2440 2351 2487 des
2375 2431 2596 2484 schipvers
2619 2422 2769 2474 Jongen

963 2577 1044 2624 die
1068 2572 1150 2621 hem
1174 2565 1257 2615 met
1280 2555 1469 2609 gewelet
1494 2546 1736 2599 afgenomen
1762 2542 1922 2590 sonder
1949 2540 2003 2587 te
2027 2537 2162 2584 weten
2186 2532 2296 2582 waer
2320 2524 2562 2577 Vervaeren
2586 2514 2669 2568 Hs.
2691 2505 2801 2556 ende

961 2663 1125 2717 eenige
1150 2654 1312 2707 andere
1336 2645 1552 2698 kinderen
1576 2640 1659 2688 die
1685 2637 1793 2685 niet
1819 2635 2007 2682 geweldt
2031 2634 2168 2681 moors
2193 2630 2408 2678 gemaeckt
2432 2626 2542 2675 sijn
2567 2627 2600 2676 —

966 2766 1068 2818 Een
1098 2755 1264 2809 ander
1295 2748 1461 2799 schip
1493 2739 1724 2791 genaemt
1755 2735 1822 2783 d'
1854 2730 2183 2779 Nachtegael
2214 2723 2380 2774 inden
2411 2713 2577 2766 Jaere
2608 2709 2675 2757 A.
2706 2704 2742 2752 o

971 2856 1088 2909 1626
1112 2845 1228 2899 Inde
1255 2836 1511 2889 regeringe
1538 2834 1624 2881 van
1651 2829 1879 2878 gemelten
1905 2821 2133 2873 Coninck,
2159 2817 2274 2864 ende
2301 2808 2472 2861 Nabah,
2499 2799 2698 2852 Comende

968 2944 1174 2999 voornome
1197 2941 1225 2987 d
1247 2936 1377 2984 schip
1401 2931 1504 2980 voor
1529 2922 1834 2975 Bellesoorten
1860 2919 2013 2967 ancker
2036 2915 2165 2964 wiere
2190 2913 2242 2959 en
2265 2911 2369 2957 door
2393 2906 2521 2956 storm
2546 2898 2700 2950 Iegens

974 3049 1027 3096 d'
1050 3045 1129 3093 wal
1153 3035 1359 3089 gesmeten
1382 3028 1513 3080 sulcx
1538 3027 1590 3073 't
1614 3022 1744 3071 volcq
1767 3019 1820 3066 te
1845 3017 1974 3063 lande
1999 3016 2179 3062 Comende
2204 3015 2281 3061 van
2307 3012 2384 3060 des
2409 3000 2692 3057 gouverneurs

948 3147 1072 3197 volcq
1095 3139 1292 3191 omringht
1316 3138 1366 3184 In
1390 3128 1660 3182 hechtenisse
1684 3123 1881 3172 gesneten
1904 3121 1979 3168 die
2003 3117 2102 3165 alle
2125 3115 2200 3161 als
2223 3109 2371 3159 dieven
2394 3106 2445 3153 en
2468 3099 2665 3150 schelmen
2690 3097 2716 3144 —

959 3241 1185 3303 gebonden
1210 3234 1324 3284 ende
1350 3229 1435 3278 soo
1460 3224 1573 3272 byde
1600 3220 1740 3268 Nabab
1766 3215 2046 3265 Bacherchan
2072 3206 2296 3260 gevoerdt
2321 3192 2546 3249 wierden,
2570 3178 2741 3235 sitten

965 3340 1081 3390 daer
1106 3335 1194 3383 ter
1221 3332 1308 3380 tyt
1335 3328 1422 3377 met
1450 3323 1593 3372 goudt
1621 3319 1736 3368 ende
1763 3314 1992 3363 Juweelen
2020 3311 2135 3359 door
2162 3304 2335 3355 andere
2361 3288 2733 3348 dexemwarckers

954 3452 1033 3501 die
1056 3443 1162 3496 daer
1185 3436 1342 3486 quamen
1365 3426 1599 3480 beneffens
1624 3425 1675 3470 't
1700 3419 1830 3469 schip
1853 3413 1958 3462 (dat
1982 3409 2164 3457 wederom
2189 3406 2318 3453 vande
2343 3400 2498 3450 droogh
2521 3396 2575 3445 te
2599 3384 2806 3440 gechepen

2586 3492 2736 3544 N„
2809 3483 3035 3534 200

961 3550 1136 3606 hadde)
1161 3541 1335 3593 gelost
1361 3533 1563 3584 wierden
1589 3530 1649 3577 't
1676 3526 1821 3573 welcq
1847 3520 2020 3569 gekost
2047 3513 2191 3564 heeft
2218 3505 2391 3558 overde
2418 3504 2453 3553 —

947 3652 1011 3702 a.
1039 3649 1072 3695 o
1099 3641 1223 3692 1640
1252 3633 1405 3685 onder
1434 3630 1496 3677 d'
1524 3620 1799 3674 regeringe
1829 3615 2011 3663 vanden
2041 3604 2467 3659 Iegenwoordigen
2495 3594 2709 3648 Coninck

939 3745 1166 3808 saesjan,
1191 3735 1363 3790 sijnde
1389 3731 1447 3779 In
1472 3724 1643 3774 Oricpa
1670 3718 1811 3768 Nabab
1839 3706 2177 3762 Saneweschan,
2204 3702 2317 3749 Comt
2344 3700 2401 3746 't
2427 3693 2570 3743 schip
2595 3688 2654 3737 S.
2679 3683 2711 3732 t

955 3854 1100 3905 Jacob
1126 3843 1359 3898 genaempt
1386 3840 1474 3887 van
1502 3833 1762 3884 maccasser
1788 3822 2049 3876 vollaeden
2077 3821 2164 3867 met
2192 3814 2480 3866 alderhande
2507 3799 2798 3858 treffelijk

949 3945 1114 4000 waeren
1140 3944 1168 3989 t
1194 3943 1330 3989 welcq
1356 3941 1465 3988 door
1491 3938 1628 3985 belet
1654 3936 1736 3982 van
1760 3932 1898 3982 Bagie
1924 3929 2087 3976 geijas
2114 3925 2357 3974 gebleven,
2383 3922 2438 3969 en
2465 3921 2519 3967 d'
2545 3913 2769 3965 goederen

965 4048 1018 4096 't
1040 4040 1269 4091 merendeel
1295 4038 1496 4085 verkoren
1521 4037 1623 4083 sijn
1647 4036 1774 4081 sulcx
1798 4032 1951 4080 door't
1976 4023 2303 4076 verongeluck)n
2327 4020 2405 4068 van
2429 4014 2607 4064 gemerte
2628 4009 2760 4057 schip

958 4159 1331 4218 verloren
1375 4145 1655 4204 hebben
1696 4129 1986 4188 overde

969 4262 1107 4309 Item
1138 4259 1176 4307 t
1207 4252 1381 4301 schip
1415 4241 1691 4297 geschudt
1723 4231 1897 4284 seyl,
1929 4226 2068 4275 ende
2102 4219 2309 4271 andere
2341 4207 2755 4263 gereedtschap

967 4346 1118 4399 boven
1146 4340 1266 4390 dese
1296 4334 1503 4384 schaede
1532 4334 1622 4382 syn
1651 4336 1711 4383 16
1737 4327 1918 4380 deenen
1946 4323 2095 4371 vande
2124 4321 2303 4368 mooten
2331 4319 2421 4366 met
2451 4314 2659 4364 vergils

1462 4405 1521 4452 2

976 4415 1437 4478 omgebraght

2784 4085 3017 4153 1500

2798 4183 2993 4241 250

1678 4444 2426 4546 Transporteren

2520 4418 2701 4477 ^al

2710 4436 2979 4488 365

2572 4457 2678 4510 N=ta

0 750 112 796 en

0 1824 83 1869 en

0 2412 229 2460 nodijck

14 2507 154 2554 laet

16 2606 95 2651 ul

0 2968 69 3015 ten

0 3178 85 3225 teren

130 3178 147 3223 en

0 3762 33 3808 u
62 3763 190 3810 voer
222 3765 259 3810 d

0 4228 268 4275 derreden

0 4316 187 4377 dde

2435 4443 2457 4488 -

958 517 995 562 -
