3560 4937
1379 794 1555 845 Dagh
1598 795 1947 845 Register
1990 795 2253 844 wegens
2296 800 2384 847 't
2427 803 2907 851 gepasseerde

1298 1316 1735 1391 Deecker
1795 1314 2357 1366 querellen
2419 1320 2668 1367 ende
2730 1321 3172 1379 questie

1496 1439 1761 1487 ondert
1804 1440 2110 1487 scheeps
2153 1442 2372 1490 volck
2415 1444 2590 1490 hier
2633 1444 2765 1493 aen
2808 1448 2985 1499 Lant
3024 1455 3118 1504 in

1471 1568 1980 1617 dronckenschap
2019 1570 2332 1619 ontstaen
2371 1574 2489 1621 als
2528 1576 2725 1623 eenen
2762 1580 2920 1630 seer
2956 1586 3271 1644 gequetst

1477 1707 1633 1755 ende
1672 1707 1789 1752 een
1828 1707 2022 1753 ander
2059 1707 2139 1753 om
2177 1707 2450 1756 'tleven
2488 1709 2762 1759 geraect
2799 1716 3033 1773 sijnde
3071 1729 3266 1781 hebbe

1482 1850 1723 1897 alhier
1763 1848 1884 1895 nae
1923 1846 2446 1901 gelegentheijt
2485 1854 2607 1904 van
2646 1860 2809 1911 tijt
2847 1869 3249 1927 informatie

1484 1995 2056 2051 dienaengaende
2099 2001 2276 2051 doen
2319 2007 2582 2061 nemen,
2625 2013 2801 2060 ende
2845 2015 3247 2075 deqqueste

1500 2147 1737 2195 nevens
1777 2146 1856 2192 de
1896 2145 2173 2193 stucken
2212 2149 2331 2198 nae
2370 2152 2688 2202 Taijouan
2725 2158 3085 2215 gesonden,
3121 2172 3323 2227 alsoo

1500 2297 1583 2344 om
1623 2295 1748 2344 die
1789 2294 1955 2342 sake
1996 2297 2162 2343 hier
2203 2297 2370 2347 uijt
2410 2303 2494 2350 te
2531 2305 2783 2359 voeren
2824 2314 2990 2364 tijt
3029 2320 3196 2370 ende

1504 2456 2081 2512 gelegentheijt
2125 2458 2525 2510 ontbreect
2567 2467 2745 2519 hier
2790 2474 2969 2524 over
3010 2481 3322 2535 strafte

1498 2616 1584 2664 te
1625 2614 1836 2661 doen,
1877 2604 2131 2658 hebben
2173 2604 2257 2651 de
2299 2606 2764 2662 Gouverneurs
2804 2618 2975 2672 haer
3015 2630 3313 2687 soecken

1503 2767 1630 2813 aen
1671 2767 1756 2813 te
1798 2765 2094 2812 trecken
2132 2765 2304 2813 doch
2345 2764 2556 2819 weder
2598 2774 2809 2820 leijt
2851 2775 2980 2828 met
3019 2786 3271 2846 reden.

1497 2926 1640 2977 ons
1686 2925 1873 2973 daer
1919 2925 2107 2973 mede
2152 2926 2386 2974 laten
2431 2926 2818 2976 gewerden

1537 3172 1833 3230 Dansch
1878 3172 2178 3219 tegens
2225 3173 2423 3220 hove
2472 3173 2965 3221 verschijnt
3014 3174 3311 3228 alhier

1553 3304 1762 3357 19en.
1801 3297 2015 3349 deser
2055 3298 2140 3345 't
2181 3296 2433 3344 fluijt
2474 3298 2684 3349 schip
2726 3303 3105 3358 Overschie
3145 3315 3275 3369 met

1525 3440 1670 3490 een
1714 3435 2142 3486 Cargasoen
2188 3432 2663 3486 bedragende
2800 3459 3320 3538 27836:15:1:

1494 3589 1670 3637 waer
1711 3590 1844 3638 bij
1886 3586 2105 3634 onder
2148 3583 2409 3630 andren
2453 3585 2803 3637 vernemen
2844 3595 3151 3654 d'ordre
3192 3612 3282 3660 en

1528 3729 1781 3778 Eijsch
1821 3727 1949 3773 van
1988 3724 2242 3774 Coper,
2284 3723 2410 3770 die
2451 3725 2620 3773 niet
2661 3729 2872 3784 boven
2913 3740 3041 3790 250
3080 3747 3124 3795 O
3164 3752 3293 3800 lb.

1538 3879 1710 3936 comt
1751 3876 1836 3923 te
1872 3868 2257 3920 bedragen,
2299 3871 2468 3919 dooh
2509 3874 2762 3923 nadien
2804 3878 3100 3927 avreede
3141 3883 3314 3935 over

1522 4026 1616 4076 de
1660 4024 1842 4070 3000
1885 4020 2023 4069 pl.
2055 4013 2476 4066 ontfangen
2519 4022 2702 4071 noch
2745 4020 3245 4074 toesegginge

1541 4184 1808 4243 hadden
1850 4177 2159 4228 gedaen,
2203 4175 2335 4223 als
2379 4174 2688 4224 alreede
2729 4179 2864 4228 opt
2907 4184 3215 4232 Eijlant

1539 4338 1903 4397 gebracht,
1940 4329 2146 4382 slaet
2185 4329 2388 4376 ruijm
2426 4333 2589 4382 4000
2629 4330 2710 4379 p.
2749 4329 2791 4375 b
2830 4327 3195 4379 versonden
3234 4336 3316 4382 te

1494 4487 1799 4539 worden,
1842 4479 2235 4531 bestaende
2277 4478 2365 4525 in
2408 4479 2627 4530 plaet
2669 4486 2801 4534 als
2843 4488 3236 4542 slaefkens

689 279 906 339 Julio
947 277 1077 324 ao.
1118 277 1291 327 1646

1962 577 2188 628 pie

1915 446 2366 502 Tonckem

2919 453 3179 502 1646

1024 3444 1304 3492 Ehin
