3642 4883
1351 697 1479 743 somme
1504 696 1809 743 alsdabandaen
1835 696 1886 742 te
1911 696 2218 743 gouverneren)
2242 699 2497 747 aengecomen
2522 702 2726 752 weorerop
2751 707 2802 753 d'
2827 707 3083 755 portugesen
3108 710 3210 757 raet
3235 713 3444 770 gehouden

1338 805 1569 855 hebbende,
1593 801 1748 850 hebben
1773 797 1979 845 Chinanna
2004 798 2107 845 ende
2132 801 2183 846 in
2208 801 2311 847 sijn
2336 803 2491 854 plaets
2515 808 2694 855 Tiagapa
2720 808 2797 853 als
2821 805 3054 852 sabandaer
3078 806 3206 852 (niet
3231 807 3437 854 cunnende

1339 912 1415 958 des
1438 905 1616 955 Conincx
1640 902 1817 951 mandaet
1842 901 2094 947 verwerpen)
2118 903 2446 954 g'accepteert,
2470 909 2522 955 In
2546 911 2597 958 s'
2621 910 2798 957 Conincx
2823 911 2949 956 brief
2973 912 3100 957 weres
3124 911 3200 956 den
3224 910 3327 958 Cap.
3347 912 3377 959 n

1336 1018 1529 1069 generael
1552 1017 1600 1063 op
1624 1016 1672 1062 't
1695 1013 1910 1061 serieuste
1934 1011 2245 1058 aengeschreven
2267 1013 2435 1061 geenige
2458 1015 2720 1061 vaertuijgen
2743 1014 2816 1060 met
2839 1014 2982 1059 eenige
3006 1012 3197 1059 goederen
3220 1009 3317 1056 ofte

1339 1127 1529 1176 provesie
1551 1125 1648 1172 naer
1671 1122 1932 1170 palliacatta
1954 1121 2003 1167 te
2025 1119 2239 1165 largeren,
2263 1119 2358 1165 Item
2381 1120 2476 1165 alle
2500 1120 2547 1165 d'
2571 1120 2760 1165 goederen
2783 1117 2878 1164 ende
2901 1114 3091 1162 effecten
3114 1113 3186 1159 der
3207 1110 3448 1158 hollanders

1336 1240 1435 1287 daer
1459 1236 1607 1284 sijnde
1631 1235 1656 1280 e
1681 1233 1829 1280 handen
1853 1233 1927 1279 van
1951 1232 2149 1278 Chinamna
2172 1231 2222 1276 t'
2246 1229 2519 1276 Intregeren,
2542 1229 2641 1275 ende
2666 1228 2740 1274 oue
2764 1226 2838 1272 dit
2863 1225 2912 1271 te
2936 1222 3060 1269 beter
3084 1220 3134 1266 te
3158 1220 3257 1265 doen
3281 1218 3431 1266 effect

1327 1352 1542 1401 sorteren
1568 1351 1623 1397 &e
1649 1350 1836 1397 Tiagapa
1863 1349 2077 1395 dagelicx
2104 1348 2265 1394 besigh
2291 1348 2372 1394 soo
2398 1347 2479 1393 bij
2506 1343 2827 1392 particuliere
2853 1342 2934 1388 als
2960 1342 3014 1387 d'
3041 1340 3202 1387 padres
3227 1338 3310 1384 ome
3334 1339 3362 1385 —

1326 1476 1375 1524 d'
1396 1471 1513 1520 selve
1536 1470 1606 1516 1.'
1628 1467 1861 1514 Indiceren,
1883 1464 2069 1512 omtrendt
2090 1462 2162 1509 den
2185 1462 2278 1508 Cap.
2300 1462 2327 1509 n
2345 1463 2532 1511 generael
2554 1461 2625 1507 soo
2647 1459 2741 1506 veel
2763 1457 2810 1503 te
2832 1455 2926 1502 wege
2948 1454 2995 1500 te
3018 1449 3181 1498 brengen
3203 1448 3250 1493 't
3273 1448 3392 1497 bevel

1326 1588 1404 1638 des
1425 1583 1603 1631 Conincx
1628 1582 1729 1628 mach
1753 1581 1804 1626 in
1828 1580 2004 1626 weerden
2029 1580 2355 1628 achtervolght,
2379 1583 2480 1630 doch
2505 1584 2605 1630 door
2629 1583 2705 1629 dit
2729 1579 2856 1628 alles
2880 1578 2931 1624 en
2954 1575 3081 1622 heeft
3105 1574 3182 1619 den
3206 1574 3331 1622 Cap=a

1328 1704 1533 1753 Generael
1559 1703 1636 1749 nie
1662 1701 1816 1748 willen
1841 1699 2073 1746 Verstaen,
2095 1697 2278 1745 hieraen
2303 1697 2380 1743 hyn
2406 1698 2637 1744 Wederolen
2663 1699 2741 1744 soo
2765 1696 2920 1745 Vanden
2944 1693 3125 1741 Coninck
3150 1691 3433 1738 Nareijnepan

1334 1816 1415 1865 als
1439 1812 1652 1861 Chinamua
1678 1810 1889 1856 gecomen,
1915 1809 2021 1855 alle
2047 1809 2126 1855 van
2153 1810 2285 1856 eenen
2311 1812 2495 1859 teneur,
2521 1811 2627 1858 ende
2653 1811 2732 1857 ten
2756 1809 2891 1857 sijne
2916 1807 2996 1853 als
3022 1806 3180 1852 Voren,
3206 1805 3391 1852 gelijck

1313 1930 1488 1982 sasadre
1512 1928 1613 1974 uijt
1637 1924 1911 1973 madhespatam
1936 1923 2135 1969 dagelicx
2160 1923 2210 1968 op
2234 1922 2535 1968 diergelijcke
2559 1923 2683 1968 wijse
2708 1921 2808 1968 niet
2833 1921 2883 1966 en
2907 1919 3107 1967 faljeert
3130 1917 3181 1964 te
3206 1917 3434 1966 schrijven

1311 2052 1438 2106 sulcx
1462 2043 1733 2096 eijndelijck
1757 2039 1832 2087 den
1854 2034 1955 2083 Cap.
1978 2033 2028 2079 tn
2053 2031 2250 2078 generael
2274 2031 2373 2078 haer
2397 2034 2520 2079 aller
2545 2033 2717 2079 brieven
2742 2030 3111 2078 beandswoordende
3136 2030 3235 2076 seyt
3258 2029 3437 2078 'tselve

1331 2170 1386 2218 te
1410 2164 1518 2213 doen
1543 2161 1597 2208 in
1621 2157 1728 2205 sijn
1754 2156 1965 2202 vermogen
1991 2155 2097 2201 niet
2123 2154 2176 2199 te
2202 2154 2361 2201 wesen,
2387 2155 2519 2200 alsoo
2544 2153 2624 2200 den
2650 2151 2835 2198 Coninck
2861 2150 2940 2195 van
2967 2147 3204 2195 Portugael
3230 2147 3311 2195 met
3333 2149 3363 2196 —

1320 2288 1373 2335 d'
1396 2276 1656 2331 Hollanders
1682 2276 1734 2322 in
1759 2272 2146 2321 Verbondtwaeren,
2171 2270 2275 2316 ende
2301 2271 2378 2317 den
2403 2270 2611 2317 Vicereij
2636 2269 2714 2315 hem
2739 2269 2869 2316 hadde
2894 2269 3232 2316 aengeschreven
3255 2272 3284 2319 —

1324 2403 1373 2450 't
1391 2397 1516 2447 selve
1539 2395 1873 2442 s'onderhouden,
1894 2393 2016 2440 conde
2040 2390 2255 2438 derhalven
2278 2390 2326 2435 d'
2350 2390 2588 2435 hollanders
2612 2387 2708 2435 niet
2731 2386 2947 2432 verbieden
2970 2384 3089 2433 dater
3112 2383 3160 2428 te
3184 2383 3305 2429 comen
3326 2385 3355 2433 —

1318 2511 1525 2563 handelen
1551 2511 1653 2556 ofte
1678 2509 1961 2556 verversinge
1987 2509 2167 2554 loopen,
2191 2508 2347 2554 daerop
2372 2509 2423 2554 d'
2448 2505 2757 2553 gemachtichde
2782 2504 2860 2550 van
2884 2498 3091 2549 Chinanna
3114 2489 3399 2542 Andtwoorden

1318 2630 1370 2676 't
1395 2627 1447 2674 so
1471 2625 1548 2671 wel
1573 2624 1650 2670 wij
1674 2623 1828 2669 sullen
1853 2624 1929 2670 die
1954 2624 2031 2670 van
2055 2623 2336 2670 palliacatta
2361 2625 2489 2671 Inden
2513 2625 2615 2671 Wegh
2641 2626 2718 2672 wel
2742 2626 2997 2673 aenvatten,
3022 2626 3124 2671 doet
3149 2623 3251 2671 ghij
3276 2621 3380 2668 maer

1312 2744 1387 2792 soo
1410 2741 1510 2788 veel
1535 2741 1585 2786 te
1609 2740 1831 2787 verbieden
1856 2742 2029 2789 geenich
2054 2744 2128 2790 van
2152 2744 2177 2789 u
2202 2742 2326 2789 Volck
2350 2743 2449 2788 ofte
2474 2742 2721 2789 vaertuijch
2744 2741 2943 2788 derwaerd
2967 2741 3017 2787 ts
3041 2740 3165 2786 gaet,
3189 2733 3388 2784 waernaer

1309 2858 1394 2904 den
1421 2858 1560 2905 Capn.
1587 2856 1810 2903 Generael
1836 2853 2143 2900 miethorende
2169 2851 2309 2898 heeft
2336 2850 2475 2897 heden
2503 2851 2614 2897 dese
2641 2847 2809 2895 thonij
2834 2843 3003 2893 (alhoe
3029 2841 3114 2887 Wel
3141 2842 3363 2891 syluyden

1316 2972 1490 3021 daerop
1516 2967 1576 3015 d'
1605 2966 1808 3012 Conincx
1836 2964 2010 3011 arrest
2039 2966 2184 3012 deden
2211 2965 2328 3011 naer
2357 2966 2531 3013 Costij
2559 2961 2849 3013 gelargeert

1313 3161 1573 3230 Sinarna
1607 3149 1792 3204 heeft
1825 3141 1974 3193 dese
2010 3137 2266 3186 plaetse
2300 3134 2411 3181 oue
2448 3134 2558 3180 gen
2592 3133 2776 3180 ander
2813 3132 2995 3179 heden
3031 3131 3105 3177 in
3139 3126 3339 3176 pacht

1317 3271 1565 3319 aengenomen
1589 3269 1665 3316 dan
1689 3267 1789 3314 omue
1812 3264 1863 3311 te
1887 3263 2086 3310 beleften
2111 3263 2185 3308 die
2210 3262 2285 3308 van
2309 3262 2582 3309 valliccatta
2607 3259 2707 3307 geen
2730 3252 2905 3304 toevoer
2929 3249 3004 3295 van
3028 3248 3128 3294 hier
3152 3243 3277 3292 soude

1315 3388 1606 3443 geschieden,
1632 3386 1816 3433 gelijck
1841 3383 2025 3432 Tiagapa
2051 3381 2156 3427 niet
2182 3380 2235 3426 en
2261 3377 2471 3425 faljeert
2496 3374 2602 3421 Ider
2627 3372 2707 3419 int
2732 3366 3021 3417 particulier
3046 3363 3152 3411 (met
3177 3358 3309 3408 grote

1306 3499 1644 3552 dreygementen
1672 3499 1757 3545 van
1784 3497 2010 3544 qualijck
2038 3495 2208 3541 vaert)
2235 3494 2292 3540 't
2320 3489 2630 3538 verschreven
2657 3486 2715 3533 te
2741 3482 2855 3530 wege
2883 3481 2940 3527 te
2967 3478 3198 3529 brengen,

1312 3614 1408 3660 aen
1437 3609 1504 3658 te
1535 3606 1698 3656 raden

1202 3741 1378 3789 Nieuws
1405 3737 1525 3785 uijt
1552 3737 1612 3783 't
1641 3736 1787 3782 rijck
1816 3736 1874 3782 Is
1903 3736 1991 3783 ul.
2019 3737 2079 3783 te
2107 3735 2283 3783 vooren
2312 3732 2663 3780 g'adviseert,
2690 3725 3071 3776 tegenwoordich
3099 3721 3280 3769 become

1289 3841 1473 3890 verder
1503 3837 1718 3886 tidingh
1747 3836 1841 3882 dat
1871 3836 1932 3882 't
1962 3834 2116 3881 volcq
2146 3834 2240 3882 van
2267 3835 2545 3883 Tansjouer
2572 3828 2728 3877 onder
2757 3815 3188 3873 samantaneijcke

1296 3939 1565 3989 adewenij,
1595 3937 1895 3985 Courasion,
1924 3935 2045 3981 ende
2074 3934 2314 3981 Tapacule
2344 3934 2554 3982 Rangepa
2583 3931 2703 3978 ende
2733 3930 2823 3976 dat
2852 3928 2943 3975 Van
2971 3923 3123 3972 maere
3152 3923 3302 3972 onder

1276 4040 1709 4097 Samanteneijcke
1738 4041 1953 4087 t'samen
1983 4039 2076 4086 400
2106 4036 2291 4083 mannen
2321 4038 2413 4083 tot
2444 4037 2505 4083 in
2536 4037 2720 4083 sinner
2750 4035 2873 4083 sijn
2902 4029 3150 4079 gecomen,
3179 4022 3399 4072 maecken

1298 4157 1391 4204 met
1421 4155 1515 4203 het
1544 4152 1886 4199 sentiersche
1916 4148 2071 4196 Volcq
2102 4147 2319 4192 t'samen
2349 4146 2412 4191 70
2442 4147 2473 4192 O
2502 4145 2689 4192 Mannen
2720 4144 2844 4190 ende
2875 4137 3123 4189 gelegert
3153 4135 3247 4182 int

2933 4223 3243 4271 ven
