3567 4801
2693 519 2884 589 969

805 566 971 619 July
1008 546 1177 608 1646

921 748 1128 809 vrunden
1155 746 1271 792 naer
1300 745 1444 791 Boort
1472 741 1933 790 g'accompagneert,
1961 740 2135 786 alwaer
2162 741 2365 788 gecomen
2392 744 2594 791 sijnde)
2623 745 2825 795 Vierden

935 843 1111 895 d'selve
1133 839 1235 886 naer
1257 835 1335 884 een
1359 831 1561 879 weijnich
1585 831 1861 877 vertoehtens
1885 829 1986 875 haer
2010 829 2211 875 afscheyt
2235 830 2436 877 gegeven,
2461 830 2511 876 en
2535 825 2736 874 vermidts
2761 823 2836 870 den

931 943 1064 994 windt
1087 927 1515 987 favorabelhadden,
1540 925 1621 972 den
1648 922 1860 970 schipper
1887 922 2046 969 belast
2072 921 2338 968 onderseijl
2365 920 2551 966 tegaen,
2576 917 2763 964 'twelcq
2786 912 2869 962 soo
2891 908 2923 957 —

936 1041 1182 1091 geschiede
1206 1033 1346 1085 synde
1371 1031 1455 1077 met
1481 1027 1564 1075 een
1590 1022 1864 1071 Continuele
1891 1017 2055 1066 coette

747 1158 805 1204 Aj
829 1149 916 1200 ud.
939 1143 972 1191 e
996 1137 1082 1186 des
1108 1128 1334 1182 smergens
1361 1125 1445 1171 ter
1472 1122 1612 1170 rhede
1640 1117 1947 1167 masulipatam
1974 1114 2284 1162 aengelandt,
2307 1113 2590 1162 Bevindende
2617 1113 2673 1158 't
2701 1110 2841 1157 schip
2867 1106 2956 1155 den

915 1223 1158 1284 salmander
1184 1219 1345 1267 aldaer
1371 1218 1505 1264 onder
1531 1215 1719 1263 anderen
1745 1214 1826 1260 ten
1851 1211 2013 1258 ancker
2039 1209 2226 1256 leggen,
2251 1206 2333 1253 dat
2360 1205 2440 1251 ten
2466 1198 2734 1249 meerendeel
2759 1194 2947 1242 Vollade

943 1321 1047 1369 was,
1073 1318 1177 1366 omme
1202 1316 1306 1363 naer
1331 1314 1616 1360 palliacatta
1641 1312 1694 1358 te
1718 1306 2029 1357 retourneren,
2055 1305 2133 1351 als
2158 1299 2340 1350 wanneer
2365 1296 2468 1343 oock
2493 1294 2598 1341 sijn
2623 1292 2676 1339 E.
2701 1289 2988 1338 resolveerde

940 1423 1014 1468 met
1038 1420 1089 1467 d'
1112 1416 1237 1464 boodt
1261 1413 1361 1461 naer
1385 1414 1435 1459 't
1459 1412 1584 1459 landt
1607 1410 1807 1457 tevaeren
1831 1412 1881 1458 op
1905 1413 1980 1459 den
2003 1411 2128 1459 wegen
2152 1408 2376 1456 sodanigen
2399 1402 2747 1452 ongestuijmicht
2771 1395 2921 1446 bedder

936 1521 1041 1574 ende
1067 1518 1220 1566 contra
1244 1516 1374 1563 Vindt
1398 1513 1757 1562 rencontreerde,
1782 1513 1859 1559 dat
1884 1505 2217 1557 genoodtsaeckt
2242 1503 2396 1550 waeren
2421 1502 2498 1547 ons
2523 1499 2601 1546 met
2624 1495 2703 1543 den
2727 1491 2908 1539 anderen

935 1619 1015 1666 aen
1040 1616 1229 1665 seecker
1254 1616 1389 1662 moors
1416 1614 1683 1661 vaertuijch
1708 1614 1763 1661 te
1789 1608 2003 1659 begeven,
2029 1603 2136 1652 Ende
2162 1599 2297 1647 tegen
2322 1597 2403 1643 den
2430 1596 2590 1642 avonds
2617 1595 2966 1643 tregenachtich

935 1725 1069 1775 weder
1094 1721 1176 1769 wat
1201 1720 1308 1766 over
1335 1718 1495 1765 echter
1520 1715 1628 1762 geen
1651 1707 2000 1760 gelegentheijt
2027 1707 2080 1752 om
2104 1704 2213 1752 naer
2239 1700 2373 1748 landt
2399 1697 2612 1743 tevaeren
2638 1697 2825 1744 sijnde)
2850 1698 2984 1746 weder

928 1834 1030 1884 naer
1053 1831 1105 1878 't
1128 1826 1255 1876 schip
1279 1820 1481 1871 schiedam
1505 1818 1556 1864 te
1581 1816 1757 1863 keeren,
1778 1813 1808 1861 —

781 1975 857 2025 Den
873 1967 929 2015 12
952 1965 1002 2011 d.
1026 1962 1052 2009 o
1072 1956 1125 2005 Hb
1149 1954 1198 1999 d'
1222 1952 1272 1999 E.
1295 1950 1345 1996 H.
1368 1948 1394 1993 r
1418 1944 1664 1992 Gouverneur
1688 1944 1787 1992 p.:r
1810 1944 1960 1991 Thonij
1983 1946 2204 1993 naerlamst
2229 1945 2450 1993 gevaeren,
2473 1942 2621 1989 alwaer
2646 1938 2818 1987 gecomen
2839 1932 2999 1984 sijnde

936 2044 1135 2096 bevonden
1157 2040 1209 2088 d'
1232 2028 1629 2084 oppercoopluijden
1654 2029 1704 2074 W.
1728 2030 1754 2075 r
1778 2028 1927 2076 Pieter
1950 2028 2076 2074 sijme
2098 2027 2150 2074 en
2174 2025 2298 2072 Iacob
2323 2024 2448 2070 Iunus
2471 2025 2546 2071 met
2570 2016 2843 2070 pallenckins
2868 2015 2918 2061 en
2941 2015 2971 2063 —

925 2137 1106 2192 paerden
1129 2132 1232 2181 sijn
1257 2130 1308 2176 E.
1332 2127 1486 2175 wooren
1510 2122 1765 2171 Wachtende,
1790 2120 1892 2166 ende
1916 2118 2095 2165 naerdat
2118 2116 2196 2162 den
2221 2113 2399 2160 anderen
2423 2105 2754 2157 Verwillecompt
2777 2093 2958 2149 hadden,

943 2235 1068 2287 sijn
1097 2221 1494 2278 gesamentlijck
1524 2220 1707 2266 naers'
1736 2217 2042 2264 Compagnies
2069 2211 2225 2262 logie
2254 2201 2529 2255 getrocken

784 2389 865 2445 Aen
881 2380 938 2429 13
956 2370 1037 2423 end
1061 2366 1112 2414 14
1134 2363 1162 2409 d
1184 2360 1212 2406 o
1234 2357 1311 2403 iet
1335 2348 1635 2401 sonderlinghs
1659 2343 1961 2393 voorgevallen

774 2539 826 2588 An
841 2524 922 2582 15.
940 2515 994 2565 en
1015 2512 1042 2559 d
1064 2509 1091 2556 o
1110 2496 1381 2551 verschijnen
1403 2490 1550 2540 alhier
1573 2489 1647 2535 ten
1670 2486 1890 2534 Comptoire
1912 2483 1962 2530 s'
1986 2480 2204 2528 Compagnie
2228 2477 2471 2527 residenten
2495 2474 2568 2521 van
2590 2470 2641 2517 'd
2664 2466 2884 2514 onluiggen

928 2596 1225 2665 Comptoiren
1251 2591 1342 2640 als
1371 2580 1695 2635 Namentlijck
1723 2576 1813 2624 den
1842 2572 2048 2620 Coopman
2077 2572 2255 2618 Gerrit
2283 2571 2401 2619 Caef
2431 2570 2519 2616 van
2546 2563 2872 2615 Petapoulij,

923 2715 1011 2764 den
1037 2700 1241 2758 Coopman
1267 2689 1471 2743 Ioannes
1496 2684 1557 2733 d'
1585 2675 1758 2726 Hercke
1785 2672 1873 2720 van
1899 2667 2103 2716 Palicol
2131 2666 2247 2712 ende
2274 2662 2362 2710 den
2390 2653 2737 2707 ondercoopman
2764 2648 2938 2696 Paulus

918 2802 1124 2858 Janssen
1153 2799 1240 2847 van
1269 2789 1561 2844 daescheron
1589 2784 1677 2832 ten
1705 2772 2085 2828 principaelen,
2112 2767 2230 2816 omme
2259 2765 2318 2811 d'
2342 2759 2434 2809 E:.
2462 2756 2521 2803 H.
2550 2756 2580 2801 r
2608 2753 2901 2803 Gouverneur

941 2909 1088 2958 wegen
1114 2905 1176 2953 d'
1204 2894 1499 2948 Compagnies
1528 2890 1734 2938 negotie
1762 2888 1822 2935 vj
1849 2885 1940 2933 der
1966 2881 2057 2930 van
2086 2880 2145 2925 't
2174 2874 2322 2924 sijne
2349 2858 2644 2918 mondelingh
2674 2857 2880 2907 rapport

914 3025 982 3071 te
1015 3013 1187 3068 doen.

769 3154 829 3207 An
851 3146 909 3196 20
932 3142 962 3189 d
985 3138 1015 3185 o
1037 3124 1202 3181 become
1227 3121 1309 3168 de.
1335 3122 1363 3168 e
1385 3114 1683 3170 Pietersiyne
1709 3112 1817 3159 ende
1842 3107 1977 3156 Iacob
2002 3104 2137 3151 Simus
2164 3101 2245 3149 p:r
2269 3096 2405 3144 terne
2430 3092 2592 3140 missie
2617 3090 2699 3136 ene
2724 3079 2887 3134 andere

918 3223 1192 3288 doccumeaten
1214 3215 1364 3266 vanden
1387 3213 1462 3260 H:r
1486 3209 1707 3258 directeur
1731 3208 1854 3254 Arent
1878 3204 2099 3252 Barentsen
2123 3203 2173 3249 dn
2197 3202 2295 3249 dato
2319 3197 2443 3246 19.:'
2465 3195 2590 3241 Junij
2613 3192 2663 3239 a.
2687 3191 2712 3236 o
2736 3189 2835 3236 1646
2858 3181 2958 3233 uijt

888 3335 1085 3390 Souratta
1107 3329 1182 3377 aen
1205 3325 1255 3372 d.
1277 3322 1304 3369 o
1326 3321 1377 3366 W.
1399 3318 1450 3366 es
1472 3309 1743 3362 geschreven,
1767 3308 1939 3354 daerbij
1962 3307 2036 3354 als
2060 3305 2158 3351 uijt
2181 3299 2378 3349 seeckere
2400 3298 2427 3344 3
2449 3291 2672 3341 distincte
2694 3291 2842 3338 Copien
2864 3289 2890 3335 —

922 3429 1130 3486 missiven
1154 3423 1259 3473 door
1284 3419 1389 3468 sijn
1413 3417 1466 3463 E.
1490 3413 1570 3462 aen
1593 3406 1699 3457 Haer
1724 3404 1804 3450 Ed.
1827 3406 1880 3455 ts
1905 3405 2165 3454 gecarteert
2189 3401 2320 3450 onder
2345 3395 2527 3446 anderen
2551 3389 2760 3439 vernemen
2785 3385 2941 3433 hoedat

917 3537 947 3584 1
971 3527 1114 3581 Jacht
1140 3515 1503 3571 valcquenburch
1530 3512 1614 3558 met
1641 3510 1725 3557 een
1753 3507 2031 3555 Cargorsoen
2059 3506 2310 3554 monterene
2336 3497 2644 3550 ƒ110681„7„7
2670 3493 2754 3540 den
2782 3491 2896 3540 3=en

891 3631 1005 3683 Meer
1031 3627 1117 3674 van
1143 3623 1257 3671 daer
1285 3617 1397 3668 naer
1425 3615 1566 3662 Bat=a
1593 3612 1901 3663 vertrocken,
1929 3612 1985 3657 en
2012 3611 2041 3657 5
2069 3605 2209 3655 dagen
2235 3604 2293 3649 te
2321 3603 2461 3649 voren
2488 3601 2545 3647 't
2572 3593 2742 3645 engels
2767 3589 2909 3636 Iacht
2936 3589 2965 3634 —

909 3728 967 3779 d'
992 3721 1183 3771 francis
1209 3718 1291 3765 met
1317 3716 1480 3763 vraght
1506 3712 1723 3760 goederen
1748 3708 1858 3756 naer
1884 3706 2128 3753 swaeckijn
2154 3706 2397 3756 (leggende
2424 3705 2505 3751 aen
2531 3700 2829 3750 Athropische
2856 3701 2888 3749 —

920 3830 1021 3878 cust
1043 3825 1171 3873 tegen
1194 3819 1447 3869 oversjessa
1470 3818 1497 3864 )
1521 3815 1623 3862 door
1647 3810 1949 3859 d'engelschep
1973 3806 2200 3855 residenst
2225 3802 2576 3852 afgeveerdight,
2600 3796 2702 3846 ende
2725 3783 2930 3840 daermede

903 3931 991 3977 den
1017 3923 1254 3976 Marchant
1281 3916 1458 3967 george
1486 3915 1604 3960 voor
1631 3910 1750 3959 uijt
1778 3908 1896 3955 naer
1925 3907 2071 3953 Mocha
2099 3898 2334 3951 gesonden
2362 3892 2480 3941 was,
2507 3888 2596 3936 tot
2623 3883 2742 3933 geen
2768 3877 2919 3928 ander

890 4031 1134 4087 Intentie
1164 4025 1256 4075 als
1284 4022 1348 4068 om
1376 4016 1592 4065 partije
1621 4013 1775 4060 Cauwa
1804 4011 1866 4058 te
1897 4002 2233 4056 negotieren,
2262 3989 2538 4044 oversulcx
2567 3986 2659 4033 den
2689 3979 2970 4030 directeur

904 4143 1043 4196 Arent
1068 4133 1286 4186 Barentsz
1312 4125 1558 4178 voornomdt
1583 4122 1639 4169 te
1665 4118 1856 4166 meerder
1882 4117 1964 4163 met
1989 4114 2045 4161 't
2071 4112 2235 4159 loeden
2262 4111 2344 4157 van
2368 4103 2696 4156 Valckenburch
2721 4097 2994 4147 gespoeijt,

909 4249 1019 4298 ende
1044 4240 1181 4293 lasen
1205 4233 1370 4283 volgen
1395 4230 1532 4277 heeft
1559 4226 1668 4274 omme
1693 4224 1777 4270 den
1803 4221 2047 4270 Engelsman
2073 4221 2128 4266 in
2155 4218 2290 4266 sijne
2317 4217 2453 4263 Cauwa
2479 4214 2670 4262 procure
2696 4210 2995 4260 huiderlijck

68 645 220 700 herticht.

101 933 185 979 Boven

0 1043 19 1089 52

0 2483 233 2538 Beschermen

909 4361 984 4410 te
1020 4349 1165 4404 sijn
