3567 4801
2729 546 2910 615 902

533 536 820 591 rovenbr.
853 540 960 587 Ao.
994 531 1137 585 1645

1360 1051 1985 1106 December
2062 1046 2376 1100 Anno
2451 1029 2766 1085 1645

1971 1240 2017 1286 20

2000 1349 2058 1397 d.
2085 1347 2115 1393 o
2141 1342 2311 1390 become
2338 1340 2423 1386 een
2451 1338 2592 1385 Cleen
2619 1331 2845 1381 Bhiefken

1171 1455 1324 1507 vanden
1348 1447 1551 1499 Cpoopman
1574 1444 1627 1491 s.
1650 1442 1677 1488 r
1702 1439 1905 1487 Crackouw
1928 1439 2157 1485 gedateert
2181 1438 2258 1485 16.
2283 1438 2308 1483 e
2333 1437 2535 1484 November
2560 1432 2737 1481 daerbij
2761 1428 2997 1477 aeviseert

901 1557 982 1606 dat
1004 1549 1218 1601 verstaen
1243 1543 1402 1594 haefde
1427 1538 1560 1587 Comp.
1585 1536 1612 1582 s
1639 1533 1797 1582 thonij
1822 1532 1902 1581 den
1927 1536 2009 1583 16.
2033 1540 2060 1586 e
2086 1539 2270 1586 october
2296 1537 2376 1583 met
2402 1534 2560 1582 eenige
2586 1526 2828 1579 Contanten

918 1648 1041 1703 ende
1069 1643 1311 1692 weijnige
1340 1636 1791 1687 Coopmanschappen
1819 1632 2001 1680 binnen
2031 1631 2151 1677 door
2180 1630 2301 1676 naer
2330 1627 2601 1677 Caylpatan
2629 1603 3021 1671 gedispacheert

927 1748 1072 1802 (:god
1099 1744 1214 1792 lof)
1241 1739 1387 1789 salvo
1414 1731 1731 1783 g'arriveert
1759 1729 1874 1777 was,
1902 1728 1988 1774 van
2017 1728 2103 1774 s.r
2131 1725 2304 1773 Aermen
2332 1724 2505 1770 Vander
2533 1721 2705 1769 Meyder
2733 1711 2963 1766 vertreck

906 1849 994 1898 van
1023 1841 1197 1892 Ceylon
1225 1835 1371 1886 hadde
1399 1836 1515 1881 noch
1542 1833 1660 1880 geen
1689 1829 1920 1878 bescheyt
1949 1825 2182 1875 becomen,

730 2014 766 2063 2
790 2004 854 2055 en
880 2000 943 2046 3.
972 1995 1033 2044 d.
1059 1990 1092 2036 o
1118 1983 1240 2032 niet
1269 1980 1627 2027 remarcqurers
1655 1977 2044 2025 voorgevallen,
2071 1972 2252 2021 hebben
2280 1972 2580 2020 diveersche
2609 1971 2788 2017 maelen
2816 1967 2908 2015 van

910 2084 993 2134 des
1018 2079 1233 2128 Casteels
1259 2075 1447 2123 prngten
1472 2073 1634 2120 eenige
1660 2071 1848 2118 schoten
1875 2070 1982 2117 naer
2009 2070 2089 2117 den
2115 2069 2330 2116 Wijniets
2356 2069 2490 2115 wercq
2517 2066 2704 2114 gedaen,
2730 2064 2785 2111 en
2810 2061 2918 2108 soo—

898 2181 1001 2232 voor
1025 2175 1203 2225 seecker
1227 2170 1431 2219 vernemen
1455 2169 1608 2215 groote
1632 2169 1835 2215 operatie
1860 2170 2090 2217 gemaeckt,
2110 2171 2214 2219 ende
2238 2171 2266 2217 2
2289 2168 2517 2218 persoonen
2541 2166 2643 2212 soot
2666 2160 2896 2211 gebleven,

908 2285 1022 2334 ende
1048 2282 1220 2329 eenige
1248 2280 1532 2328 swaerlijck
1560 2272 1788 2325 gequetst

792 2436 851 2486 Dn
875 2431 906 2478 4
930 2427 988 2475 d.
1012 2422 1043 2470 o
1070 2419 1208 2465 werst
1236 2419 1319 2465 ons
1346 2419 1622 2466 aengeseght
1648 2420 1732 2466 dat
1759 2419 1953 2465 seecker
1980 2418 2201 2464 afgesant
2228 2416 2394 2462 vanden
2421 2416 2615 2462 Coninck
2642 2416 2725 2461 van
2752 2412 3003 2461 Carnatica

914 2517 1144 2566 omtrendt
1172 2514 1488 2562 palliccatta
1517 2514 1603 2559 Int
1631 2514 1746 2559 dorp
1774 2513 1947 2559 auwoer
1975 2513 2061 2558 met
2089 2512 2177 2558 een
2204 2511 2405 2558 oleofte
2434 2511 2577 2556 brief
2606 2505 2921 2556 mitsgaders—

905 2620 1063 2676 eenige
1089 2617 1321 2665 Commissie
1346 2616 1475 2663 vande
1501 2616 1630 2663 mais.
1654 2616 1732 2662 ts.
1758 2617 2068 2663 aengelanght,
2092 2614 2197 2662 ende
2221 2611 2558 2662 Instantelijck
2578 2608 2839 2659 versoecken
2865 2608 2917 2653 Is
2940 2605 2994 2651 1.

910 2732 1043 2780 byden
1068 2726 1335 2777 Gouverneur
1360 2722 1520 2770 Arnold
1547 2721 1732 2768 Heussen
1759 2721 1812 2766 te
1839 2720 1971 2766 mogen
1997 2719 2316 2767 verschijnen,
2341 2715 2449 2763 omme
2473 2712 2581 2760 sijn
2608 2708 2714 2757 last
2740 2701 2926 2752 (daerom
2952 2700 2983 2747 —

907 2844 988 2892 dat
1013 2839 1202 2891 gecomen
1228 2838 1335 2884 was)
1362 2838 1415 2884 t'
1442 2835 1736 2884 openbaeren,
1762 2834 1869 2880 ende
1896 2834 1976 2879 det
2003 2833 2190 2879 Conincx
2216 2831 2350 2878 brief
2377 2831 2431 2877 t'
2456 2817 2805 2875 overhandigen,
2829 2814 2911 2860 ten

939 2947 1133 2997 welcken
1160 2944 1382 2992 respecte
1410 2942 1632 2989 gemelten
1659 2940 1853 2987 afgesam
1880 2937 2047 2984 binnen
2074 2936 2130 2982 't
2157 2934 2351 2982 Casteel
2379 2932 2435 2979 te
2461 2929 2601 2976 comen
2627 2922 3017 2972 gelicentieert,

901 3059 979 3110 met
1002 3055 1054 3102 d'
1079 3048 1379 3099 behoorlijcke
1403 3045 1704 3092 eerbiedich:t
1729 3043 1829 3089 ende
1854 3039 2104 3088 Courtoisie
2130 3034 2380 3084 ontfangen,
2405 3034 2505 3079 ende
2528 3031 2605 3077 bij
2629 3028 2705 3075 den
2729 3022 2980 3072 gouverneur

889 3165 1102 3221 Voornomt
1127 3157 1341 3208 gebraght
1367 3155 1527 3205 sinde,
1553 3153 1713 3200 stelde
1737 3150 1845 3197 sijn
1871 3149 1925 3195 E.
1951 3150 2058 3196 naer
2082 3146 2243 3194 eenige
2268 3139 2562 3190 discoursen,
2588 3136 2695 3185 ende
2719 3124 3040 3179 Complementos

900 3283 987 3334 der
1011 3271 1154 3325 mais.
1178 3266 1237 3313 ts
1264 3263 1405 3311 Brief
1433 3258 1714 3308 terhanden,
1741 3258 1826 3304 den
1854 3256 2050 3302 welcken
2075 3253 2190 3301 naer
2218 3249 2414 3298 lecture
2441 3248 2526 3293 van
2553 3247 2638 3293 soo
2665 3241 2924 3292 slordigen

906 3386 1007 3436 ende
1029 3377 1396 3431 sinisterlijcken
1420 3374 1591 3422 Inhoude
1615 3371 1908 3420 sconcerneren
1932 3371 1981 3416 d'
2005 3366 2200 3415 geroofde
2223 3359 2420 3411 goederen
2442 3356 2541 3403 door
2566 3354 2737 3401 Maleije
2759 3346 2884 3398 Vouwe

916 3501 943 3546 E
966 3498 999 3546 .
1025 3488 1299 3539 Compagnie)
1326 3483 1546 3533 bevonsen
1573 3480 1765 3527 wierdt,
1792 3479 1875 3525 dat
1901 3477 2011 3523 niet
2036 3474 2094 3522 en
2120 3469 2395 3519 meriteerde
2421 3464 2532 3514 vets
2559 3458 2888 3509 sonderlinghs
2915 3456 2943 3502 —

906 3608 1075 3665 daerop
1100 3604 1184 3652 tot
1210 3599 1458 3649 andtwoort
1483 3595 1540 3644 te
1565 3590 1759 3639 dienen,
1785 3589 1868 3635 als
1894 3578 2197 3634 betuijgende
2223 3576 2278 3622 d'
2306 3569 2472 3622 Maijs.
2496 3569 2607 3617 dacr
2633 3567 2716 3614 bij
2742 3560 3022 3611 gewughsaem

901 3719 1067 3777 selver
1093 3717 1174 3763 een
1200 3710 1495 3761 voorstander
1521 3708 1603 3755 van
1627 3704 1737 3753 alle
1763 3701 2219 3750 ongerechticheijt,
2244 3690 2593 3746 strooverijen,
2618 3688 2674 3735 en
2700 3687 2928 3734 gewelden

912 3852 973 3904 te
996 3842 1137 3894 sijn,
1162 3838 1247 3885 als
1273 3832 1385 3883 uijt
1411 3825 1689 3876 tkoenslaet
1715 3823 1772 3869 in
1798 3822 1937 3869 desen
1965 3815 2268 3869 g'Incereert
2294 3803 2682 3859 geremarcqueert
2709 3802 2792 3848 kan
2820 3799 2991 3847 werden

882 3981 1197 4044 Gemelten
1235 3965 1666 4024 Ambassadeur
1703 3957 2095 4008 Verclaerde
2134 3956 2291 4002 doch
2330 3955 2447 4002 met
2486 3955 2603 4001 Wat
2642 3954 2877 4009 schijn

916 4083 971 4130 Is
998 4082 1108 4130 uijt
1133 4078 1190 4126 't
1216 4068 1519 4122 voorstaende
1545 4058 1848 4112 lichtelijck
1875 4058 1930 4103 af
1957 4057 2012 4102 te
2039 4053 2204 4102 meten)
2231 4050 2314 4096 den
2339 4046 2533 4094 Coninck
2559 4043 2862 4090 Babelechan,
2888 4042 2945 4088 en

894 4185 988 4238 hij
1017 4172 1412 4230 Insonderheijt
1441 4169 1532 4216 een
1563 4168 1684 4214 beer
1714 4163 1896 4211 goedeg
1925 4154 2290 4208 enegentheijt
2319 4152 2411 4198 tot
2441 4148 2813 4197 d'Hollanders

908 4288 1082 4337 hadde,
1110 4286 1169 4332 en
1197 4280 1371 4330 doord'
1399 4273 1544 4324 majs.
1573 4273 1603 4319 s
1628 4272 1746 4320 niet
1774 4263 2122 4317 dalleenlijck
2150 4260 2324 4309 expres
2352 4251 2641 4304 gemandeert
2669 4244 2930 4296 geworden,
2956 4240 3045 4287 was

0 703 107 753 e

0 796 213 844 opden

0 887 262 935 bestaen

81 1084 231 1132 daer

146 1185 246 1234 niet

162 1297 244 1343 an

123 1406 257 1452 waren

110 2829 232 2876 que

114 4179 207 4225 de
