3567 4801
2747 498 2915 549 851

984 915 1319 968 Pieter
1373 901 1875 957 nieuwdorp
1912 892 2097 943 van
2153 892 2434 945 dusse
2484 886 2765 949 Edorp
2818 876 2931 922 in

861 1063 1145 1116 jndia
1198 1054 1596 1108 gecomen
1651 1044 1877 1101 anno
1932 1040 2158 1088 1642
2209 1029 2383 1085 Met
2438 1034 2495 1080 t
2551 1023 2833 1080 schip

854 1206 1141 1260 nieuw
1186 1185 1716 1249 Rotterdam
1771 1176 1888 1226 in
1940 1162 2577 1218 qualiteijdt
2632 1153 2807 1205 van
2863 1152 2925 1199 —

865 1329 1619 1392 opperchirugijn
1671 1325 1834 1373 met
1885 1323 2157 1370 gagie
2197 1322 2372 1369 van
2425 1316 2535 1368 54
2583 1301 2692 1350 gl
2745 1297 2907 1348 p=r

760 1493 1153 1551 maendt,
1202 1485 1488 1535 werdt
1540 1480 1656 1530 op
1709 1468 1936 1523 sijn
1988 1462 2384 1513 Billick
2439 1456 2892 1506 Versoeck

836 1641 1056 1701 mits
1107 1622 1594 1685 experatie
1647 1615 1971 1665 sijnes
2021 1611 2456 1662 verbandt
2509 1607 2671 1657 Bij
2724 1601 2994 1650 desen

843 1791 936 1842 d'
980 1784 1160 1835 novo
1200 1775 1294 1828 jn
1336 1761 1652 1819 deselve
1696 1753 2145 1805 qualiteijt
2188 1752 2323 1805 van
2367 1743 2996 1806 opperchirugijn

850 1929 1049 1984 voor
1095 1920 1245 1972 den
1294 1916 1492 1964 tijt
1537 1908 1689 1960 van
1735 1899 1985 1952 drije
2034 1891 2331 1944 achter
2379 1887 2527 1933 een
2575 1869 2973 1932 volgende

852 2063 1182 2127 jaeren
1236 2043 1839 2107 aengenomen,
1891 2036 2112 2085 ende
2166 2033 2331 2079 een
2385 2018 2988 2078 tracktement

870 2203 1016 2250 van
1052 2188 1453 2246 tsestich
1500 2178 1841 2235 guldens
1889 2173 2181 2222 nevens
2229 2172 2278 2218 t
2325 2159 2715 2216 coopmans
2758 2156 3008 2204 rant„

790 2351 1067 2412 „soon
1119 2330 1780 2392 toegevoucht,
1830 2318 2219 2375 tnieuwe
2274 2311 2714 2363 verbandt
2768 2309 2989 2357 ende

911 2491 1014 2539 de
1064 2472 1682 2537 verbeteringe
1733 2471 1888 2519 van
1939 2469 2198 2515 gagie
2244 2470 2403 2517 den
2448 2465 2557 2514 15
2582 2447 2872 2505 junij

926 2631 1301 2695 Passado
1351 2623 1513 2674 als
1560 2607 1936 2667 wanneer
1987 2598 2201 2651 sijn
2252 2585 2843 2643 verplichten

833 2793 1062 2845 tijt
1118 2774 1573 2835 volcomen
1628 2758 2254 2816 g'expireert
2309 2755 2481 2803 was
2538 2751 3004 2799 aenvanck

858 2904 1270 2971 nemende
1326 2898 1387 2946 t

823 3062 1093 3125 Aldus
1145 3053 1470 3106 gedaen
1515 3030 2169 3099 geresolveert
2215 3030 2329 3075 en
2383 3021 3033 3075 g'arresteert

832 3187 1045 3249 jnt
1112 3160 1601 3229 Casteel
1667 3143 2157 3207 Goldria
2226 3137 2366 3187 op
2404 3121 2572 3173 d'
2640 3118 2920 3172 Cust

850 3290 1540 3374 hhoromande
1608 3280 1952 3331 datum
2020 3276 2158 3324 ut
2226 3271 2571 3321 supra
2639 3267 2715 3317 —

2021 3435 2671 3502 Onderstondt
2729 3441 2965 3493 ende

1978 3550 2176 3598 was
2241 3542 2901 3595 geteeckent

1521 3775 2910 3874 Masnoldseussen

1805 4008 2479 4058 Lauwerens
2546 4015 2928 4074 Pitte

0 1601 206 1649 ren
