3642 4883
990 667 1518 743 January
1588 637 2041 705 Ao1646

1286 1266 1425 1315 den
1468 1267 1930 1323 Gouverneur
1967 1267 2252 1319 Arnold
2295 1260 2617 1316 Heussen
2661 1250 2893 1304 sendt
2938 1239 3169 1295 sijne

1320 1381 1479 1431 groete
1505 1385 1584 1431 aen
1611 1380 1901 1431 serangereij
1927 1380 1954 1426 E
1977 1375 2243 1426 d'oprechte
2269 1374 2375 1420 ende
2400 1369 2612 1418 seeckere
2637 1363 2875 1414 Waerheijt
2901 1359 2980 1407 van
3007 1356 3113 1404 alle
3138 1350 3403 1400 passerende

1330 1489 1488 1539 dingen
1514 1486 1698 1534 alhier,
1723 1484 1855 1531 hebbe
1881 1484 1986 1529 niet
2011 1472 2510 1528 sonderlingebiedinge
2536 1470 2667 1517 sijne
2691 1466 2850 1515 mags:s
2876 1462 3086 1512 dickwils
3110 1450 3401 1505 aengeschrij

1326 1598 1435 1651 ende
1459 1592 1594 1641 weten
1619 1589 1779 1636 laten,
1805 1589 1885 1634 tot
1911 1587 2018 1633 noch
2042 1585 2123 1633 toe
2149 1580 2309 1630 selcke
2334 1579 2495 1627 reijse
2519 1576 2653 1625 heeft
2678 1573 2733 1620 d'
2759 1569 2891 1619 mags.
2917 1567 2945 1613 t
2969 1561 3077 1611 ende
3102 1560 3156 1606 d'
3182 1556 3315 1604 sijne

1341 1704 1446 1753 niet
1471 1703 1629 1748 anders
1655 1698 1915 1748 geschreven
1940 1696 2019 1742 als
2045 1696 2123 1741 dat
2149 1696 2202 1741 't
2227 1693 2332 1740 gene
2357 1692 2489 1738 onsen
2512 1687 2697 1738 vijandt
2721 1684 2801 1731 met
2825 1673 3009 1728 woorden
3033 1665 3218 1717 belooft

1329 1814 1423 1864 wij
1452 1813 1603 1860 aende
1633 1811 1754 1858 mags
1784 1810 1814 1855 t
1843 1806 2055 1855 moesten
2084 1802 2357 1851 betaelen,
2386 1800 2508 1847 ende
2537 1796 2689 1844 alsoo
2717 1792 2779 1840 d'
2807 1786 2959 1836 mags.
2987 1784 3020 1831 s
3048 1777 3170 1827 hart
3199 1771 3381 1820 winnen

1341 1931 1451 1981 ende
1476 1926 1559 1975 dat
1585 1924 1668 1970 als
1694 1922 1776 1968 dan
1802 1916 2074 1967 onsedingen
2099 1912 2291 1961 welgaen
2317 1910 2481 1957 souden
2508 1910 2563 1955 d'
2590 1902 2725 1955 mais.
2752 1900 2779 1946 t
2806 1897 2888 1945 met
2912 1891 3051 1941 sulck
3076 1888 3188 1935 doen

1336 2042 1422 2093 van
1446 2033 1753 2086 Coopluijden
1779 2029 1891 2077 jets
1916 2021 2221 2073 buytenreden
2249 2021 2304 2066 af
2332 2019 2387 2066 s'
2414 2013 2663 2063 eysschen,
2689 2011 2746 2057 en
2771 2001 2966 2054 thoondt
2993 1996 3104 2045 geen
3130 1992 3270 2040 Wercq

1341 2152 1426 2205 van
1451 2143 1614 2196 liefde
1639 2138 1749 2187 ofte
1775 2130 2180 2182 oprechticheijt,
2206 2129 2341 2175 maert
2365 2124 2584 2174 gelijckt
2610 2120 2745 2169 force

1334 2285 1446 2337 Wij
1479 2271 1702 2327 hebben
1737 2267 1884 2315 geen
1919 2264 2104 2312 landt
2140 2261 2323 2309 vande
2358 2253 2543 2306 mais.
2577 2247 2653 2295 ts
2687 2241 2835 2291 omme
2871 2237 3018 2285 daer
3054 2234 3274 2282 dienst

1347 2398 1445 2449 voor
1468 2395 1518 2441 te
1539 2388 1662 2438 doen,
1684 2383 1783 2432 ende
1806 2379 1952 2427 daerin
1975 2376 2170 2423 faljeren
2193 2373 2266 2420 ons
2290 2370 2411 2417 geldt
2434 2367 2484 2414 af
2507 2366 2556 2412 t'
2580 2363 2798 2410 eijsschen
2819 2358 2919 2407 oocq
2941 2356 2991 2402 en
3014 2346 3281 2401 gouverneren
3305 2340 3427 2390 niets

1346 2506 1458 2560 daer
1483 2501 1592 2550 geen
1617 2494 1780 2546 rechte
1806 2485 2129 2538 reeckenschap
2155 2483 2236 2530 van
2262 2481 2344 2528 doe
2370 2478 2478 2526 oock
2503 2476 2558 2523 en
2584 2473 2719 2520 nemen
2745 2469 2853 2517 geen
2880 2466 3041 2514 landen
3067 2463 3176 2511 niet
3201 2458 3391 2506 gewerdt

1332 2625 1421 2678 van
1448 2619 1534 2666 100
1557 2615 1591 2663 @
1616 2608 1761 2658 vande
1787 2599 1988 2651 groote,
2015 2596 2102 2643 die
2128 2593 2243 2640 niet
2271 2582 2613 2637 gehoorsamen,
2640 2579 2755 2627 Item
2783 2577 2869 2624 van
2897 2572 3124 2621 niemandt
3151 2570 3209 2617 en
3235 2562 3409 2615 hebben

1343 2734 1503 2790 buyten
1526 2725 1659 2777 reden
1682 2718 1788 2769 deto
1813 2711 2021 2761 genomen,
2046 2707 2151 2755 ofte
2176 2703 2489 2751 ontweldicht,
2513 2700 2567 2748 om
2591 2698 2670 2744 wat
2696 2694 2826 2743 reden
2852 2692 2956 2738 daen
2980 2687 3138 2736 souden
3162 2684 3375 2732 gehouden

1348 2840 1487 2892 wesen
1512 2834 1652 2883 geldt
1677 2831 1734 2878 te
1760 2826 1899 2875 geven
1924 2823 1981 2870 in
2008 2822 2064 2867 40
2090 2818 2256 2866 Jaeren
2282 2815 2366 2862 tot
2393 2813 2449 2859 nu
2476 2811 2559 2858 toe
2584 2808 2669 2855 dat
2695 2805 2751 2852 d'
2777 2802 2888 2849 onse
2915 2796 3219 2847 hiergeweest
3244 2789 3384 2840 sijn

1346 2952 1405 3003 en
1431 2946 1597 2996 hebben
1622 2944 1707 2990 aen
1733 2940 1954 2989 geenigen
1979 2930 2310 2983 Conincktegen
2338 2926 2448 2975 sijn
2474 2923 2612 2971 Bevel
2639 2919 2750 2967 ofte
2775 2917 2860 2963 aen
2886 2913 2997 2961 haer
3024 2908 3189 2957 nochte
3213 2895 3412 2952 geenige

1356 3075 1414 3121 H.
1440 3071 1472 3119 r
1492 3060 1613 3110 ofte
1639 3052 1898 3103 Inwoonder
1927 3049 2127 3097 onrecht
2155 3046 2356 3093 gedaen,
2381 3042 2499 3091 maer
2527 3041 2584 3087 d'
2612 3036 2842 3087 Coningen
2870 3031 3214 3081 gehoorsaemt,
3240 3019 3357 3074 ende

1345 3179 1443 3232 ten
1473 3167 1694 3220 dienste
1723 3162 1977 3211 geweest,
2008 3157 2198 3207 haeren
2226 3155 2293 3201 d'
2323 3155 2638 3203 Inwoonders
2670 3150 2890 3200 proffyt
2920 3142 3306 3194 aengebraght,

1332 3305 1396 3357 Ja
1423 3297 1515 3348 ten
1544 3291 1692 3341 tijde
1721 3287 1869 3335 vande
1899 3282 2078 3332 maijs.
2105 3284 2136 3330 t
2165 3281 2255 3328 soo
2282 3280 2403 3325 veel
2431 3278 2581 3325 meer,
2610 3276 2699 3322 als
2728 3272 2906 3321 hebben
2935 3269 3054 3316 doen
3084 3268 3143 3314 d'
3173 3267 3358 3315 mooren

1339 3417 1476 3473 hier
1508 3408 1709 3460 waeren
1741 3405 1843 3452 ons
1875 3401 2076 3449 leven,
2109 3397 2243 3445 ende
2276 3395 2444 3442 goedt
2475 3393 2577 3441 ten
2610 3393 2845 3440 dienste
2877 3391 2978 3439 van
3009 3381 3178 3436 mags.
3207 3377 3248 3426 t

1349 3535 1682 3591 gerisiqueert,
1705 3531 1758 3579 d'
1782 3523 2089 3575 verscheijden
2114 3520 2294 3568 brieven
2317 3518 2396 3565 die
2420 3517 2472 3563 d'
2498 3511 2626 3562 mags.
2650 3512 2676 3557 t
2699 3508 2778 3557 tot
2803 3502 2982 3552 teecken
3006 3498 3084 3546 van
3108 3484 3417 3543 danckbaerh.r

1347 3665 1429 3714 als
1454 3659 1563 3709 doen
1588 3655 1670 3703 aen
1694 3651 1776 3698 ons
1802 3646 1936 3695 heeft
1962 3633 2229 3689 geschreven
2256 3626 2469 3677 bewaeren
2494 3624 2576 3670 Wij
2602 3623 2710 3669 seer
2735 3618 2816 3667 wel
2841 3615 2923 3662 dan
2949 3614 3003 3660 d'
3029 3607 3163 3658 mags.
3189 3606 3216 3651 t
3242 3600 3377 3650 heeft

1352 3783 1442 3831 dat
1468 3776 1531 3826 nu
1559 3773 1619 3820 al
1648 3766 1886 3817 vergeten
1913 3760 2123 3811 jadoort
2151 3756 2330 3804 seggen
2358 3753 2449 3801 van
2477 3748 2656 3797 andere
2684 3732 3040 3792 beschuldight
3067 3728 3129 3777 d'
3156 3719 3278 3772 mays
3304 3715 3337 3762 t

1354 3901 1444 3954 ons
1471 3888 1704 3944 meerder,
1731 3885 1819 3932 dit
1846 3882 1905 3928 Is
1934 3878 2079 3927 alsoo
2106 3875 2223 3922 onse
2250 3871 2425 3919 quaede
2454 3867 2714 3916 avonture,
2742 3863 2858 3911 ende
2886 3860 2945 3907 en
2973 3854 3147 3905 connen
3174 3845 3292 3897 daer

1354 4013 1472 4059 niet
1502 4009 1650 4058 tegen
1678 4001 1886 4053 seggen,
1913 3992 2151 4045 eenlijck
2180 3987 2417 4036 ontdecke
2444 3983 2564 4030 mijn
2592 3979 2771 4027 macht,
2798 3974 2948 4023 aende
2976 3969 3096 4019 Mags
3124 3967 3183 4013 t,
3210 3960 3302 4013 dat
3329 3957 3421 4006 Is,

1349 4131 1438 4182 dat
1465 4126 1552 4174 een
1580 4119 1782 4170 dienaer
1809 4116 1897 4163 van
1924 4114 2040 4161 onse
2068 4106 2414 4159 principaelen
2442 4101 2558 4150 ben,
2586 4098 2701 4146 ende
2729 4094 2903 4142 daerom
2930 4089 3046 4138 mijn
3074 4087 3251 4138 eijgen

3335 4084 3377 4131 -

1358 4239 1619 4299 believen
1649 4231 1781 4282 niet
1812 4224 1943 4275 doen
1974 4222 2105 4271 kan,
2135 4219 2234 4266 wan
2266 4217 2364 4263 ben
2396 4217 2526 4263 hier
2558 4215 2656 4263 als
2687 4207 2850 4259 hooft
2882 4201 3141 4251 gesteldt
3172 4196 3303 4246 omme

1803 910 1996 962 Volght
2026 905 2124 954 een
2154 896 2571 949 naderbriefken
2601 889 2731 940 door
2762 887 2826 933 d'
2858 886 2922 931 H.
2951 881 3018 931 r.
3048 865 3374 925 Gouverneur

1869 1006 2077 1056 arnoed
2110 994 2353 1049 Heussen
2386 985 2595 1037 aenden
2629 979 2872 1030 Coninck
2904 975 3010 1023 Van
3042 964 3357 1019 Carnatica

1870 1105 1928 1153 In
1955 1098 2068 1149 dato
2095 1095 2152 1142 4.
2177 1092 2208 1139 e
2233 1083 2459 1135 Januarij
2485 1080 2543 1128 a.
2569 1076 2599 1123 o
2626 1072 2739 1120 1646
2766 1065 3074 1116 geschreven,

3042 4285 3272 4345 met
