3478 4985
742 352 771 398 5
798 353 912 400 stux
940 353 1141 406 brillen
1166 363 1366 416 grooter
1393 372 1478 417 als
1506 372 1762 422 ordinarie
1790 377 1847 422 op
1875 378 1932 423 de
1959 378 2300 431 Portugijsche
2328 384 2470 431 wijse
2498 384 2584 430 van
2611 384 2697 430 50.
2725 384 2810 430 60.
2839 385 2868 430 a
2895 386 2953 432 10
2980 388 3124 437 jaren

965 420 1091 469 voor
1120 425 1465 486 Matsendeiro
1494 442 1776 489 Insosamma
1806 445 1839 491 2
1868 448 1964 497 der
1993 454 2181 504 selver
2211 460 2305 506 (de
2336 461 2524 508 randen
2554 463 2648 509 van
2678 463 2866 509 zilver
2897 464 3334 523 extraordinarij

949 491 1063 539 van
1099 495 1289 546 geas.

750 554 780 599 5
809 554 928 603 stux
957 558 1343 617 verrekijckers
1371 573 1491 620 daer
1519 576 1609 624 van
1638 580 1669 626 2
1696 583 1817 632 voor
1844 588 2113 643 Jnsosamma
2140 600 2200 645 op
2230 600 2289 646 de
2318 601 2526 648 gemeene
2555 603 2733 651 wwijse
2762 606 2823 653 en
2851 609 3030 655 groote
3058 611 3150 664 van

953 633 1382 687 Extraordinarij
1412 642 1540 693 glas

727 684 783 732 10
805 689 1017 745 gantingh
1040 702 1224 755 schoone
1249 710 1485 760 hollandse
1509 716 1641 765 boter

760 754 789 801 5
815 753 895 799 stx
919 755 1158 811 soedemeer
1182 767 1315 817 casen
1340 773 1473 820 tegen
1498 776 1552 824 't
1577 780 1684 829 jaer
1708 786 1841 835 1646.

762 813 788 859 2
813 814 917 861 stux
940 818 1069 868 witte
1093 824 1171 871 off
1195 827 1349 878 swarte
1374 833 1783 889 Rinoceroshoorns.
1807 845 1859 891 na
1884 846 1937 893 't
1960 849 2318 904 contrefeijtsel
2343 860 2522 906 voorden
2547 859 2728 906 kaiser.

772 879 800 925 1
824 877 951 926 stuck
975 882 1028 929 d.
1050 886 1077 932 o
1100 888 1202 938 voor
1226 893 1554 946 rickingodonne
1579 900 1734 947 selffs

778 930 806 976 1
828 933 930 982 Tail
953 938 1129 992 swaerte
1152 948 1304 1001 purper
1327 957 1428 1006 verw
1452 962 1653 1013 oprecht,
1676 969 1753 1017 die
1776 973 1852 1019 van
1876 975 1977 1024 twee
2000 980 2103 1028 jaer
2125 985 2326 1035 verleden
2349 990 2400 1035 is
2425 990 2475 1036 te
2499 990 2649 1036 slecht
2674 990 2849 1037 geweest

772 993 801 1040 1
824 996 1104 1052 hemelschoot
1129 1007 1283 1059 daerin
1307 1015 1385 1064 van
1409 1020 1563 1072 binnen
1587 1028 1894 1081 instrumenten
1917 1037 2046 1086 waren
2070 1042 2148 1089 met
2172 1045 2225 1092 de
2248 1048 2402 1097 welcke
2426 1052 2504 1100 men
2529 1055 2657 1101 conde
2681 1056 2783 1102 doen
2809 1057 3039 1104 omdraijen
3063 1060 3140 1107 een
3165 1063 3249 1114 son

835 1060 888 1108 en
910 1064 987 1111 een
1010 1067 1112 1116 maen
1135 1072 1211 1118 die
1235 1074 1336 1122 daer
1359 1078 1486 1128 boven
1510 1084 1761 1137 opgemaeckt
1784 1093 1911 1141 waren
1934 1097 1986 1145 om
2009 1101 2060 1147 te
2084 1103 2185 1152 sien
2209 1108 2285 1156 den
2309 1112 2434 1159 stant
2458 1114 2534 1160 van
2558 1115 2734 1163 deselve
2758 1117 2884 1164 naden
2908 1119 3009 1165 tijt
3033 1120 3109 1167 des
3133 1123 3258 1170 jaers

835 1124 986 1174 gel.jk
1008 1130 1184 1185 sommige
1206 1141 1480 1195 uijrwercken
1503 1150 1604 1197 sijn
1627 1153 1777 1202 daerin
1800 1158 1876 1205 dat
1899 1161 1949 1206 de
1973 1162 2172 1214 gestalte
2196 1170 2271 1217 des
2295 1172 2419 1220 maens
2443 1175 2592 1224 gesien
2616 1180 2715 1226 werd
2740 1181 2815 1228 hoe
2839 1183 2913 1229 out
2938 1184 3012 1229 off
3036 1183 3112 1229 van
3136 1182 3211 1229 hoe

836 1181 933 1232 veel
954 1188 1074 1239 dagen
1096 1195 1170 1244 die
1191 1200 1266 1248 hij

761 1247 787 1293 3
810 1249 1010 1300 gantingh
1034 1255 1260 1307 gepekelde
1283 1263 1460 1319 olijven
1481 1276 1606 1325 1645.

767 1306 799 1353 5
825 1309 1057 1361 gantingh
1083 1318 1315 1373 rasijnen
1342 1329 1457 1377 idem

733 1371 781 1418 10
801 1372 873 1419 six
896 1372 1109 1423 glaesjens
1130 1379 1226 1428 daer
1247 1385 1319 1431 bij
1340 1387 1412 1435 men
1434 1391 1505 1437 can
1528 1392 1739 1442 bespeuren
1762 1398 1810 1444 de
1832 1400 2020 1450 gestalte
2042 1405 2114 1453 des
2136 1409 2278 1458 cuchts
2300 1414 2371 1460 van
2393 1414 2487 1460 kout
2510 1414 2557 1459 en
2580 1414 2721 1460 hitte,
2744 1415 2838 1462 zijn
2861 1416 2955 1462 twee
2978 1416 3096 1463 lange
3118 1419 3330 1468 glaesjens

900 1436 1041 1486 aenden
1062 1442 1227 1495 anderen
1249 1451 1343 1500 vast
1365 1455 1507 1504 daerin
1528 1460 1739 1512 (weijnich
1762 1467 1880 1514 water
1901 1470 1972 1516 dat
1995 1472 2066 1519 off
2088 1475 2135 1521 in
2158 1476 2205 1523 d'
2228 1479 2298 1525 een
2321 1480 2391 1526 off
2414 1481 2461 1527 in
2484 1482 2647 1527 d'ander
2671 1482 2788 1529 zijde
2810 1484 2998 1532 (streckt
3020 1487 3067 1533 na
3090 1487 3161 1532 dat
3183 1488 3233 1536 de

902 1505 1051 1555 conde
1079 1511 1172 1562 off
1197 1520 1348 1572 hitte
1375 1528 1465 1576 dan
1493 1533 1850 1585 praedomineer

773 1572 828 1620 Te
851 1577 1010 1630 vragen
1033 1587 1087 1633 na
1111 1590 1191 1638 een
1215 1595 1295 1643 man
1319 1599 1398 1648 die
1423 1604 1451 1650 t
1475 1607 1607 1656 boter
1630 1612 1684 1659 en
1708 1615 1814 1665 caes
1838 1622 1916 1668 cay
1942 1623 2126 1675 maecken

759 1655 787 1701 5
811 1653 887 1699 sir
912 1654 1139 1705 cancetten
1163 1661 1289 1711 van't
1313 1666 1416 1714 eene
1439 1671 1616 1723 monster
1640 1679 1691 1725 en
1715 1680 1816 1728 noch

767 1713 794 1759 5
817 1714 894 1760 stx
918 1715 1046 1765 ditos
1069 1721 1146 1768 van
1170 1724 1247 1771 het
1271 1727 1398 1778 ander
1421 1734 1548 1784 model

766 1772 790 1817 4
814 1772 913 1820 stux
935 1776 1058 1826 lopen
1080 1782 1154 1830 van
1177 1785 1373 1837 pistolen
1394 1794 1517 1844 offte
1540 1800 1759 1851 carabijns
1782 1807 1855 1854 als
1879 1809 1928 1855 de
1951 1811 2150 1863 monsters

806 1836 1059 1893 allerhande
1082 1850 1334 1905 kinderspel
1357 1861 1434 1910 van
1457 1866 1684 1919 glaswerck
1707 1874 1786 1923 als
1808 1880 1960 1931 anders
1982 1888 2085 1936 voor
2108 1892 2283 1941 princen
2308 1896 2359 1942 en
2384 1897 2584 1943 Coningen
2609 1898 2835 1945 kinderen,
2859 1899 3036 1949 voorden
3059 1902 3213 1949 Prince

737 1901 785 1947 50
808 1902 904 1953 stux
926 1909 1284 1969 schildpatshoorn
1305 1925 1449 1979 schoon
1471 1935 1685 1987 gemarmert
1708 1942 1804 1992 niet
1826 1948 1923 1997 alle
1944 1953 2017 2002 van
2039 1958 2112 2006 een
2134 1962 2419 2014 erleijcoleur

735 1961 781 2007 10
802 1962 894 2009 stux
914 1965 1006 2014 rino
1026 1971 1140 2022 feros
1161 1978 1341 2032 luijden,
1363 1988 1543 2041 hoeduker
1565 1997 1635 2045 hoe
1655 2001 1792 2053 beter,
1811 2010 1882 2059 die
1901 2016 1970 2063 van
1991 2019 2060 2067 een
2081 2023 2262 2074 manneken
2283 2030 2374 2077 word
2395 2032 2553 2079 gelooft
2575 2035 2710 2082 dicker
2732 2038 2778 2084 te
2799 2039 2889 2085 sijn
2912 2040 2957 2085 en
2979 2037 3114 2084 herder

889 2023 959 2071 als
979 2028 1049 2076 van
1070 2032 1141 2081 een
1161 2037 1345 2092 wijfjes,
1365 2049 1480 2099 dient
1501 2055 1547 2101 te
1569 2057 1662 2105 zijn
1682 2062 1707 2108 6
1728 2064 1890 2117 spannen
1909 2074 2024 2122 langh
2045 2078 2093 2125 en
2113 2081 2206 2131 vier
2227 2087 2364 2135 breet,
2386 2091 2432 2137 om
2454 2092 2637 2140 rondelen
2658 2095 2705 2142 en
2727 2098 2909 2147 schilden
2931 2103 2999 2149 aff
3021 2103 3068 2149 te
3090 2104 3273 2162 maecken,

888 2085 1158 2141 schootvrij
1182 2098 1266 2148 soo
1289 2105 1345 2153 se
1369 2110 1559 2165 meijnen
1583 2121 1692 2169 voor
1717 2125 1799 2171 een
1824 2127 2172 2192 musquetscogel

734 2145 782 2193 10
802 2149 872 2197 stx
893 2153 985 2203 dito
1005 2159 1030 2206 s
1050 2162 1121 2211 als
1140 2167 1279 2222 booven
1298 2179 1369 2229 ses
1388 2186 1526 2238 voeten
1546 2195 1661 2246 langh
1682 2202 1729 2249 en
1749 2205 1842 2254 even
1862 2210 1932 2258 soo
1953 2214 2045 2261 veel
2066 2216 2179 2263 breet

739 2201 793 2248 10
819 2204 901 2251 stx
926 2208 1167 2266 Rinoceros
1192 2222 1354 2273 landen

755 2255 789 2302 5
817 2260 911 2309 sir
939 2266 1156 2320 Clauwen
1185 2276 1342 2330 vande
1370 2287 1587 2336 Rinocer

726 2306 778 2355 20
799 2312 849 2359 ot
871 2316 923 2365 30
943 2323 1017 2370 str
1040 2326 1258 2380 kockingos
1281 2336 1402 2386 bijde
1426 2342 1668 2398 portugesen
1691 2354 1837 2404 bekent
1859 2360 1982 2412 vande
2004 2369 2150 2416 groote
2173 2372 2247 2419 als
2269 2375 2342 2422 een
2366 2377 2584 2429 castanie,
2607 2383 2704 2430 geen
2728 2383 2994 2429 Maldixische
3018 2383 3147 2433 Noten

922 2388 1032 2437 maer
1057 2394 1221 2448 werden
1246 2404 1437 2456 gelooft
1462 2412 1518 2459 op
1543 2415 1734 2467 Malacca
1760 2424 1843 2472 wel
1868 2428 2063 2487 tesijn.

796 2457 929 2508 kurck
953 2464 1060 2515 ofte
1084 2472 1216 2523 ander
1241 2479 1452 2531 culthout
1477 2487 1556 2535 dat
1582 2491 1793 2544 bequamer
1817 2500 1923 2547 mogh
1948 2503 2001 2550 te
2026 2506 2133 2554 sijn
2157 2511 2211 2556 om
2236 2512 2315 2559 een
2341 2515 2525 2566 rondeel
2550 2522 2681 2570 offte
2707 2525 2865 2572 schild
2890 2528 2969 2575 alf
2995 2530 3048 2575 te
3074 2531 3218 2581 maken

892 2523 967 2570 dat
989 2526 1065 2575 soo
1086 2532 1186 2583 voos
1208 2539 1258 2585 is
1281 2541 1356 2589 als
1379 2545 1503 2595 kurck
1525 2551 1625 2602 daer
1647 2558 1722 2606 een
1744 2562 1868 2613 degen
1890 2569 2110 2621 incomende
2134 2577 2233 2625 niet
2256 2581 2354 2627 door
2378 2583 2427 2629 en
2451 2583 2525 2631 can

799 2579 873 2631 pau
895 2587 946 2635 de
967 2592 1111 2645 Cobre,
1134 2601 1232 2653 ofte
1253 2609 1399 2665 vidara
1420 2622 1541 2672 pote,
1563 2628 1732 2681 gelott,
1754 2637 1923 2690 slangen
1945 2646 2067 2696 hout,
2089 2652 2162 2698 een
2185 2654 2258 2702 off
2280 2658 2378 2706 twee
2400 2662 2544 2711 cattij
2567 2666 2663 2713 werd
2687 2668 2855 2714 gelofft
2878 2669 2974 2715 mede
2997 2669 3046 2714 op
3070 2669 3240 2717 Malacca

876 2648 990 2703 wel
1024 2660 1285 2722 tesijn.

720 2716 778 2763 10
802 2721 969 2775 cattij
995 2731 1107 2784 rood
1131 2741 1272 2793 aerd'
1296 2749 1353 2795 om
1379 2751 1491 2803 mede
1516 2760 1574 2807 te
1599 2764 1848 2821 schrijven
1874 2777 2040 2827 voorde
2067 2783 2288 2837 Bonghois
2314 2793 2452 2843 vande
2479 2798 2617 2844 Gouv.
2643 2798 2672 2844 r

780 2797 931 2847 Biltei
953 2803 1054 2852 goet
1077 2808 1153 2857 dat
1176 2813 1302 2865 inder
1324 2822 1401 2870 zee
1424 2827 1500 2876 hij
1523 2832 1698 2885 Malacca
1721 2841 1922 2895 gecregen
1944 2852 2045 2899 wert
2068 2855 2119 2901 is
2143 2856 2292 2906 bitter
2316 2862 2367 2908 en
2390 2864 2663 2913 soutachtich
2688 2868 2789 2915 seer
2812 2871 3060 2926 medicinael

784 2867 838 2917 de
862 2873 1020 2928 manier
1043 2885 1097 2933 om
1120 2889 1200 2939 toe
1224 2895 1278 2942 te
1301 2898 1485 2952 maecken
1508 2909 1666 2962 eenige
1689 2918 1821 2971 kalck
1845 2928 2053 2983 waermede
2078 2939 2157 2988 men
2181 2944 2234 2990 de
2259 2946 2390 2996 steen
2414 2952 2493 2999 van
2518 2955 2725 3004 hooffden
2751 2958 2803 3004 in
2829 2959 2933 3006 zee,
2958 2962 3063 3010 daer
3087 2966 3197 3017 geen

790 2945 959 2996 bequame
981 2952 1126 3003 baijen
1149 2959 1221 3007 off
1245 2962 1414 3013 havenen
1436 2970 1487 3018 en
1508 2975 1629 3026 zijn,
1651 2983 1772 3033 allte
1794 2989 1869 3039 van
1890 2995 2012 3046 steen
2033 3003 2084 3050 op
2105 3007 2178 3055 den
2201 3010 2370 3063 anderen
2393 3018 2561 3066 gehoopt
2584 3022 2633 3068 en
2656 3023 2848 3074 gemaeckt
2872 3029 2992 3078 zijn,
3015 3031 3184 3079 deselve

793 3011 964 3061 steenen
986 3018 1085 3066 doet
1106 3023 1205 3072 siij
1226 3028 1276 3075 en
1298 3031 1445 3084 aenden
1467 3040 1613 3094 andere
1635 3050 1902 3109 vastbacken,
1923 3066 1973 3113 en
1995 3068 2046 3116 t'
2068 3072 2190 3123 samen
2212 3079 2430 3131 groeijen,
2453 3086 2670 3137 hoodanich
2694 3092 2766 3138 als
2790 3093 2910 3138 offte
2934 3093 3007 3138 een
3031 3092 3156 3139 klip

800 3075 932 3124 offte
956 3080 1089 3132 steen
1113 3089 1219 3138 uijt
1243 3095 1297 3143 de
1321 3099 1480 3152 nature
1503 3108 1610 3159 was,
1634 3115 1715 3165 een
1738 3121 1844 3172 vond
1868 3128 1948 3177 der
1973 3133 2235 3188 portugijse
2259 3144 2314 3192 en
2338 3149 2600 3203 Italiaense
2624 3158 2756 3205 papen
2782 3159 2834 3205 in
2860 3159 2965 3205 Jede
2990 3159 3231 3221 gevangen,

788 3135 928 3184 alste
953 3141 1065 3192 sulx
1089 3149 1147 3200 op
1171 3157 1365 3211 Batavia
1391 3167 1503 3218 niet
1527 3174 1585 3223 en
1609 3179 1748 3231 weten
1774 3187 1913 3239 dient
1938 3196 2050 3245 daer
2075 3201 2131 3248 om
2157 3203 2215 3251 na
2240 3208 2432 3261 hollant
2458 3217 2570 3267 ges.
2596 3223 2652 3269 te
2678 3225 2870 3277 werden.

759 3220 816 3268 de
841 3224 1007 3277 manier
1032 3233 1089 3281 om
1114 3237 1226 3287 caes
1250 3244 1307 3292 en
1332 3248 1497 3301 booter
1522 3258 1580 3307 te
1604 3264 1745 3317 maken

708 3295 739 3342 2
766 3292 850 3338 off
877 3293 905 3339 3
932 3294 1101 3347 cattij
1126 3304 1403 3361 wormcruijt

777 3350 861 3396 een
886 3352 1078 3406 eenhoom
1102 3362 1186 3410 tot
1211 3367 1510 3421 schenckagie
1536 3376 1728 3432 voorden
1752 3388 1917 3440 kaiser

778 3411 942 3461 eenige
967 3417 1131 3470 bessar
1156 3426 1348 3480 steenen

777 3476 826 3522 de
849 3477 947 3525 gall
970 3481 1045 3528 van
1066 3484 1141 3531 een
1163 3487 1310 3537 ijsere
1332 3493 1505 3548 vercken

728 3546 779 3592 10
803 3548 879 3594 stx
903 3550 1180 3605 parcamenten
1203 3562 1280 3610 wat
1303 3566 1480 3619 grooter
1503 3575 1580 3623 als
1603 3579 1805 3630 verleden
1828 3586 1954 3634 jaer,
1978 3589 2054 3637 hoe
2078 3592 2230 3641 groter
2253 3597 2330 3644 hoe
2354 3600 2505 3650 beter.

701 3601 756 3652 20
781 3608 861 3655 six
887 3611 1233 3669 schaepsvellen
1258 3624 1445 3675 bereijt

1349 3706 1645 3764 voorde
1692 3720 1939 3767 heere
1987 3722 2136 3771 van
2183 3728 2432 3777 Arima

699 3768 759 3813 50
788 3768 938 3816 boeck
967 3772 1206 3826 hollands
1234 3782 1414 3837 papier
1442 3793 1711 3848 ordinaris

751 3827 779 3872 1
806 3827 947 3878 boeck
973 3834 1031 3882 d.
1056 3838 1087 3885 o
1112 3842 1198 3891 van
1224 3847 1503 3899 selffduijm
1530 3855 1670 3904 offte
1697 3860 1782 3907 een
1808 3863 1920 3910 voet
1947 3865 2087 3911 langh
2114 3865 2171 3910 en
2198 3866 2339 3913 breet
2365 3870 2393 3915 3
2421 3870 2588 3915 voeten
2616 3869 2727 3915 vier
2755 3869 2894 3917 duijm

745 3895 774 3941 1
799 3893 930 3943 boeck
954 3899 1009 3949 d.
1032 3905 1060 3951 o
1085 3908 1164 3955 van
1189 3911 1269 3959 een
1293 3915 1399 3963 voet
1423 3919 1477 3966 en
1501 3922 1608 3971 vier
1631 3928 1762 3979 duijm
1787 3935 1918 3982 langh
1943 3936 1997 3982 en
2021 3937 2154 3983 breet
2178 3939 2283 3986 vier
2308 3941 2414 3990 voet
2438 3946 2491 3992 en
2516 3947 2647 3993 vijff
2672 3947 2803 3997 duijm

684 3973 740 4021 10
765 3972 793 4017 a
819 3972 873 4018 12
899 3972 1115 4020 schotels
1139 3976 1355 4030 hollands
1379 3987 1515 4040 aend'
1539 3996 1677 4051 werck

1676 4006 1756 4056 van
1781 4011 2095 4064 verscheijden
2119 4020 2278 4069 groten
2302 4025 2356 4072 en
2380 4028 2512 4078 fijne
2536 4034 2824 4084 hollandsche
2849 4033 3006 4080 aerde,
3030 4030 3084 4077 de
3109 4020 3241 4074 gront

872 4043 950 4090 wit
974 4045 1025 4091 en
1050 4047 1101 4093 de
1125 4048 1430 4103 schilderijen
1453 4059 1731 4119 alderhande.

748 4101 806 4151 't
833 4107 947 4157 loop
973 4113 1061 4164 van
1086 4120 1172 4170 een
1199 4126 1398 4181 musquet
1424 4138 1567 4189 langh
1593 4145 1707 4195 vier
1734 4151 1848 4198 voet
1874 4153 1960 4199 min
1988 4155 2072 4202 een
2100 4157 2270 4205 duijm,
2298 4161 2664 4215 welverstaende
2692 4169 2862 4215 voeten
2889 4165 2974 4213 van
3001 4161 3115 4209 elff
3143 4158 3285 4206 duijm

809 4169 891 4220 die
914 4177 1150 4234 ongeboort
1174 4190 1254 4239 is,
1278 4195 1384 4245 (als
1408 4201 1515 4252 maer
1538 4209 1592 4256 de
1616 4212 1723 4261 loop
1747 4218 1801 4265 is
1825 4221 1930 4268 uijt
1956 4223 2060 4268 sijn
2086 4223 2374 4274 platteforme
2399 4230 2452 4276 om
2477 4231 2557 4280 het
2581 4236 2713 4283 rondt
2738 4239 2868 4285 model
2894 4236 3103 4284 geslagen

804 4250 989 4300 d'atter
1014 4256 1173 4308 binnen
1198 4264 1279 4312 een
1302 4269 1410 4319 holl
1434 4276 1515 4325 zij
1539 4281 1593 4329 om
1617 4285 1698 4334 dan
1722 4290 1829 4340 daer
1854 4296 1908 4341 na
1933 4297 1986 4342 in
2012 4297 2143 4344 Japan
2169 4299 2355 4349 geboort
2380 4305 2459 4351 off
2485 4306 2643 4354 schoon
2669 4309 2879 4354 gemaeckt
2905 4309 2958 4354 te
2984 4306 3142 4354 werden

811 4325 866 4371 de
892 4327 1002 4375 loop
1026 4332 1189 4384 diende
1215 4339 1271 4386 te
1296 4343 1405 4394 sijn
1431 4350 1486 4396 om
1512 4352 1595 4400 met
1619 4357 1701 4405 een
1727 4360 1864 4408 halve
1889 4364 2025 4412 reael
2051 4368 2241 4418 swaerte
2267 4374 2429 4424 cruijt
2456 4379 2699 4427 geschoten
2725 4382 2780 4428 te
2806 4383 2942 4430 mogen
2968 4385 3131 4435 werden

2797 4498 2902 4546 10
2953 4493 3109 4545 str
