3580 4883
1338 937 1399 984 d'
1427 920 1733 982 Masuliatp:
1763 917 1885 964 Nag.
1911 914 1945 961 a
1976 914 2068 960 tot
2097 915 2128 960 ƒ
2158 915 2250 962 54.
2279 916 2402 962 Ider
2432 916 2554 962 (dat
2584 914 2706 961 naer
2736 915 2827 961 den
2856 911 3010 960 Cours
3039 908 3131 955 van
3161 905 3350 953 andere

1378 1012 1563 1065 munten
1593 1011 1835 1058 valeren)
1866 1011 1957 1056 off
1986 1008 2078 1056 ten
2108 1006 2320 1052 minsten
2350 1007 2442 1055 tot
2471 1009 2502 1054 ƒ
2532 1008 2563 1054 4
2592 1004 2714 1053 1/3.
2743 999 2957 1049 mochten
2985 991 3322 1044 gereduceert

1375 1106 1593 1156 werden,
1622 1107 1716 1154 bij
1745 1109 1959 1156 gevolgh
1989 1108 2081 1154 van
2111 1106 2265 1153 welcq
2295 1107 2357 1153 't
2385 1102 2601 1151 verlies
2629 1098 2692 1146 op
2723 1097 2784 1143 't
2813 1094 2998 1141 Silver
3029 1093 3151 1138 ende
3181 1089 3366 1138 andere

1374 1209 1603 1261 munten,
1636 1209 1798 1254 comen
1830 1208 1994 1254 onder
2026 1209 2255 1257 anderen
2287 1211 2352 1256 d'
2385 1210 2581 1257 Pald:r
2611 1203 2743 1253 vag.
2774 1200 3004 1249 naerden
3036 1195 3353 1244 ordinaren

1370 1325 1527 1374 Cours
1556 1323 1621 1369 In
1651 1320 1996 1369 Masulipath,
2027 1320 2122 1365 met
2152 1321 2215 1366 d'
2246 1321 2371 1367 Pag.
2402 1321 2434 1366 a
2465 1318 2653 1367 aldaer
2682 1316 2747 1364 16
2777 1310 2903 1360 2/3.
2932 1304 3059 1353 ende
3089 1302 3216 1349 naer
3245 1301 3372 1347 onse

1374 1428 1611 1482 reductie
1640 1428 1757 1474 niet
1786 1429 1991 1475 meerder
2020 1430 2108 1476 als
2137 1431 2167 1477 7
2195 1432 2312 1479 1/16
2341 1430 2488 1477 p=rto
2513 1426 2575 1472 te
2602 1416 2925 1472 differeren,
2954 1411 3393 1460 verdraeghlijcke

1381 1537 1565 1585 wesen,
1593 1540 1654 1587 d'
1685 1542 1898 1588 Winsten
1928 1543 1989 1588 op
2019 1542 2081 1588 d'
2110 1542 2384 1589 Coopmansz
2414 1539 2627 1589 grotel.
2656 1538 2688 1586 k
2717 1530 3113 1585 vermeerderen:
3143 1529 3266 1575 ende
3295 1529 3391 1577 die

1371 1655 1436 1702 op
1467 1654 1531 1700 d'
1562 1650 1818 1698 Retouren
1848 1651 2103 1698 weijnich
2135 1653 2263 1700 ofte
2291 1652 2423 1700 niet
2453 1653 2612 1701 (daer
2641 1649 2708 1697 op
2739 1643 2898 1692 inden
2929 1640 3152 1688 vercoop
3184 1639 3345 1687 staet

1365 1765 1647 1820 gemaeckt
1680 1765 1928 1811 werden)
1961 1764 2347 1814 verminderen
2381 1764 2592 1811 soude.
2625 1762 2697 1810 d'
2731 1756 2976 1807 Advijso
3010 1751 3082 1800 /.

1140 1934 1256 1988 Den
1290 1922 1554 1977 Aensien
1590 1921 2152 1970 d'veroorsaeckte
2190 1918 2640 1968 ontstuigend,
2671 1919 2825 1966 ende
2863 1912 3162 1964 Enlusten
3198 1907 3353 1957 door

1336 2036 1484 2083 Carel
1512 2036 1572 2083 de
1599 2035 1807 2083 Ladosse
1835 2035 2012 2081 (onder
2040 2033 2363 2081 d'gemeente,
2392 2032 2480 2078 end
2508 2028 2715 2077 anderen
2744 2026 2949 2072 alhier,
2977 2025 3066 2070 ten
3094 2024 3362 2071 overstaen

1350 2148 1488 2198 ende
1522 2148 1691 2193 door/
1723 2139 2098 2193 Intercessie
2131 2136 2335 2184 vanden
2366 2133 2775 2182 Eerwaerdigen
2808 2129 3113 2177 Predicant
3147 2123 3385 2174 Abraham

1381 2255 1616 2307 fierens
1649 2251 2079 2301 g'assopieert,
2113 2251 2179 2296 en
2212 2249 2477 2296 versoent
2509 2246 2709 2294 waren,
2741 2243 2941 2290 hebben
2973 2243 3074 2290 die
3106 2243 3305 2291 saecke

1368 2374 1502 2421 niet
1533 2374 1733 2420 verder
1765 2365 2162 2418 gepoucheert,
2193 2363 2327 2409 maer
2360 2364 2492 2409 daer
2525 2362 2624 2408 bij
2658 2359 2757 2407 soo
2789 2354 2988 2404 voorts
3021 2350 3187 2398 laten

1370 2490 1673 2536 berusten,
1705 2488 1773 2536 't
1805 2485 1873 2532 Is
1906 2480 2007 2529 wel
2038 2477 2208 2525 sulcx
2241 2477 2341 2522 den
2374 2467 2744 2522 Oppercoop:l
2773 2458 2875 2505 S:r
2909 2460 3143 2507 Laurens
3174 2449 3311 2505 Pith

1367 2601 1488 2649 voor
1517 2599 1668 2645 dato,
1694 2599 1757 2646 en
1785 2597 1877 2644 ten
1905 2593 2056 2640 tijde
2085 2590 2175 2636 tot
2205 2584 2654 2635 verantwoordinge
2683 2580 2804 2629 ende
2833 2580 3013 2625 bewijs
3043 2580 3133 2626 van
3163 2578 3285 2628 noch

1378 2715 1610 2762 eenige
1649 2713 2075 2760 voorgegeven
2113 2712 2384 2760 faneten
2422 2711 2539 2757 tot
2578 2706 2772 2757 laste
2808 2700 2926 2750 van
2963 2694 3274 2745 genoemen

1366 2837 1629 2884 Ladosse,
1660 2832 1893 2880 buijten
1923 2835 2384 2885 d'ouergesonden
2416 2836 2679 2886 Stucken,
2711 2830 2843 2880 ende
2874 2819 3205 2875 munimenten
3237 2813 3337 2862 aen

1342 2951 1400 2998 V.
1427 2949 1515 2997 Ed:
1543 2948 1631 2997 h„r
1657 2951 1861 2998 'tJacht
1889 2954 2062 3002 Zillo,
2090 2955 2149 3001 op
2176 2953 2436 2999 ontboden,
2465 2954 2580 3002 ende
2609 2957 2667 3003 in
2696 2952 2897 3003 Persoon
2925 2948 3070 2996 costi
3098 2945 3389 2993 vereijscht

1370 3062 1606 3110 wierde,
1638 3065 1840 3113 eenige
1874 3068 2277 3115 Attestatien,
2311 3068 2445 3114 ende
2479 3060 3017 3113 Interrogatories,
3048 3057 3185 3105 niet
3218 3057 3320 3104 ons

1357 3176 1653 3224 voorweten
1684 3176 1784 3222 pro
1815 3174 1980 3221 forma
2012 3174 2144 3221 doen
2176 3173 2503 3220 Instellen,
2536 3173 2667 3219 doch
2699 3170 2863 3217 corts
2896 3169 3027 3215 daer
3060 3168 3125 3213 na
3158 3166 3289 3213 sijn

1366 3292 1722 3345 Continuatie
1754 3289 1948 3337 alhier
1979 3287 2077 3334 bij
2109 3284 2271 3331 uEEd:
2303 3283 2464 3329 weder
2497 3283 2820 3330 toegestaen
2851 3279 3079 3328 zijnde,
3110 3280 3175 3325 d'
3207 3279 3393 3325 zelve

1369 3397 1498 3444 niet
1528 3398 1656 3444 doen
1687 3396 2005 3443 verlijden,
2036 3395 2163 3441 noch
2195 3394 2671 3442 onderteeckenen,
2703 3395 2830 3442 veel
2860 3390 2957 3438 min
2988 3390 3083 3436 dan
3115 3391 3243 3438 daer
3273 3394 3339 3442 op

1359 3503 1498 3553 naer
1532 3503 1669 3549 dato
1703 3503 1875 3548 vande
1908 3502 2321 3550 versoeninge,
2354 3506 2629 3552 achtinge
2662 3508 2903 3554 genomen
2936 3510 3142 3557 heeft,
3176 3510 3382 3558 sijnde

1364 3608 1791 3656 middelerwijle
1824 3609 1988 3655 d'eej
2021 3610 2087 3656 en
2120 3610 2186 3656 d'
2218 3611 2383 3658 ander
2416 3614 2515 3661 der
2547 3616 2975 3663 gerequireerde
3007 3619 3303 3670 getuijgen

1365 3725 1532 3776 comen
1564 3724 1630 3770 te
1663 3723 2026 3772 vertrecken,
2057 3725 2125 3770 en
2157 3726 2421 3775 mitsdien
2453 3729 2553 3775 der
2585 3727 2783 3774 zelver
2814 3725 3211 3772 verclaringen
3243 3728 3383 3776 niet

1357 3835 1567 3887 cunnen
1601 3836 1913 3883 gevordert
1946 3839 2189 3886 werden,
2223 3841 2292 3888 nu
2326 3843 2533 3894 echter
2568 3848 2775 3894 siende
2809 3847 2878 3892 d'
2913 3847 3121 3894 saecke
3154 3849 3368 3899 anders

1351 3949 1740 4001 vereijschen
1774 3949 1881 3996 is,
1915 3951 2056 3997 ende
2090 3952 2197 3999 ome
2231 3955 2372 4003 uEd:
2407 3959 2583 4007 ordre
2617 3962 2758 4009 naer
2793 3963 3074 4010 vermogen
3109 3963 3326 4014 Prompt

1357 4056 1429 4102 te
1464 4057 1747 4105 voldoen,
1782 4056 1959 4103 hebbe
1994 4047 2208 4102 gem=te
2241 4051 2352 4101 S=r
2382 4060 2491 4112 Pit
2523 4069 2596 4117 d'
2630 4074 2913 4120 Aroforma
2948 4074 3339 4124 Ingestelde,

3047 342 3252 395 1646

1876 449 2018 501 Coper
2046 445 2242 493 mitsive
2270 443 2383 490 door
2410 443 2494 489 den
2521 441 2803 487 Gouverneur
2830 443 2999 491 Arnold
3026 446 3223 493 Heussen

1874 548 1926 593 In
1945 539 2051 589 dato
2074 534 2178 584 ult.
2201 532 2229 578 o
2253 533 2380 579 febr:
2405 533 2456 578 p.
2481 533 2506 578 r
2530 531 2582 578 't
2607 530 2633 575 '
2658 530 2760 576 acht
2784 531 2861 576 lis
2886 531 2962 576 aen
2986 529 3089 576 haer
3113 527 3246 575 Ed=ns

1865 332 2338 392 Coromandel

2925 4222 3067 4272 ende
3101 4228 3211 4279 ten

832 238 922 284 ao
966 237 1191 284 16445
