3567 4801
2749 505 2922 562 903

403 519 880 587 Decembr.
934 514 1175 571 Anno
1233 503 1471 555 1645

918 707 1058 756 (niet
1086 704 1198 751 eens
1225 702 1283 749 op
1308 699 1366 745 't
1393 694 1591 743 verdert
1617 691 1786 740 sijner
1814 688 1983 736 landen
2010 689 2291 736 gedencken,
2318 688 2683 735 gelicentieert
2710 684 2851 732 hadde

891 823 986 877 den
1013 807 1227 865 Oorlogh
1254 795 1438 849 tegens
1466 792 1529 840 d'
1558 783 1862 837 holleniers
1890 781 1953 827 op
1981 778 2316 824 Palliacatta
2346 777 2407 822 te
2436 776 2588 822 mogen
2618 770 2892 821 aenvangen

896 931 959 980 te
984 919 1106 973 meer
1135 914 1226 963 tot
1254 899 1554 958 recompente
1582 894 1673 943 van
1702 889 1822 938 dien
1851 885 2001 933 obich
2030 881 2150 929 voor
2179 880 2269 926 een
2299 877 2508 924 notabil
2536 871 2687 920 somme
2716 864 2925 916 geldts—

890 1023 1247 1089 verobligeerde
1271 1018 1355 1066 aen
1381 1013 1464 1061 hem
1490 1005 1682 1057 Coninck
1709 1003 1764 1049 te
1789 991 2144 1047 Contribueren,
2172 989 2280 1036 doch
2306 986 2390 1034 soo
2416 980 2607 1031 wanneer
2634 977 2689 1024 d'
2713 963 2989 1021 Hollanders

878 1142 1027 1200 sulcx
1051 1132 1169 1185 mede
1195 1121 1369 1175 lieten
1396 1109 1626 1164 Blijcken
1653 1103 1797 1152 soude
1824 1094 2054 1146 maleijer
2081 1090 2225 1138 leger
2253 1088 2339 1135 van
2367 1079 2682 1132 Palliacatta
2711 1075 2825 1123 ende
2853 1074 2882 1120 —

900 1243 1074 1302 andere
1100 1230 1331 1286 plaetsen
1357 1223 1475 1275 doen
1502 1208 1818 1266 opbreecken,
1845 1203 2019 1252 ternet
2046 1201 2134 1247 als
2161 1195 2420 1245 voordesen
2448 1190 2563 1239 open
2590 1183 2821 1233 stellen,

895 1355 1006 1409 ende
1028 1338 1273 1398 d'negotie
1298 1330 1434 1381 laten
1458 1317 1729 1375 Voortganck
1754 1312 1917 1362 nemen,
1942 1310 2051 1356 ende
2077 1308 2158 1354 ome
2184 1306 2239 1352 te
2263 1302 2373 1351 sien
2399 1299 2480 1346 Wat
2506 1293 2668 1343 daerin
2693 1284 2856 1337 gedaen
2881 1283 2909 1328 —

905 1461 1037 1518 Conde
1061 1451 1240 1505 werden,
1263 1436 1569 1494 resolveerden
1595 1430 1747 1481 metten
1771 1425 1950 1475 anderen
1974 1421 2052 1470 tot
2076 1417 2179 1465 dien
2203 1409 2357 1461 eijnde
2381 1407 2458 1453 den
2481 1403 2560 1452 als
2585 1401 2636 1447 nu
2659 1388 2893 1444 gecomene—

911 1565 1102 1622 gesandt
1124 1549 1397 1609 herwaerets
1421 1544 1478 1593 af
1504 1543 1559 1589 te
1582 1536 1774 1589 senden,
1800 1533 1855 1580 op
1881 1532 1963 1578 dat
1986 1529 2097 1578 haer
2123 1523 2340 1574 versoucq
2366 1519 2448 1567 der
2474 1517 2528 1562 te
2554 1504 2906 1561 betergevolgh—

911 1679 1057 1731 nemen
1083 1666 1259 1723 soude,
1285 1655 1519 1709 seggende
1546 1650 1663 1699 ende
1690 1643 1894 1694 radende
1923 1641 2010 1688 ons
2038 1632 2385 1685 meergemelten
2413 1625 2587 1676 gesant
2616 1623 2704 1670 wij
2730 1618 2790 1666 op
2818 1614 2906 1663 dit
2934 1613 2964 1659 —

888 1790 1107 1848 Voorstel
1132 1782 1244 1833 acht
1270 1774 1436 1826 nemen,
1459 1768 1600 1818 sulcx
1626 1762 1710 1811 Int
1735 1758 1929 1806 t'Vercq
1954 1750 2176 1803 stellen,
2201 1747 2258 1793 en
2284 1736 2504 1791 daerdeur
2530 1733 2641 1780 niet
2667 1728 2833 1777 alleen
2860 1727 2917 1773 d'
2941 1728 2970 1774 E

912 1898 1197 1966 Compagnie
1226 1888 1416 1940 groote
1445 1874 1761 1931 prevelegie
1790 1864 2137 1918 geschieden,
2166 1858 2294 1908 maer
2323 1854 2388 1902 te
2418 1840 2764 1898 wegebrengen
2794 1827 2984 1884 soude,

908 2021 994 2069 dat
1019 2011 1192 2064 Maleye
1218 2005 1306 2054 die
1332 1991 1704 2049 Iegenwoordigh
1732 1986 1874 2035 aende
1902 1981 2073 2030 voeten
2101 1979 2187 2025 des
2214 1972 2414 2023 Conincx
2441 1966 2556 2016 sal,
2582 1958 2699 2010 ende
2725 1953 2812 2001 ons
2839 1946 2985 1997 d'een

915 2129 1025 2180 ooge
1048 2122 1188 2172 soght
1212 2115 1325 2165 uijt
1348 2109 1406 2158 te
1432 2100 1679 2152 steecken,
1705 2094 1870 2144 selver
1896 2091 1979 2138 van
2005 2083 2224 2135 beijded'
2252 2078 2388 2128 sijne
2415 2070 2634 2122 berooft,
2660 2064 2771 2114 ende
2796 2061 2879 2108 wij
2907 2061 2934 2106 —

914 2245 1093 2303 alsdan
1119 2239 1181 2289 d'
1209 2226 1388 2283 gunste
1414 2218 1506 2269 des
1532 2213 1742 2262 Conincx
1771 2206 1979 2257 hebben,
2007 2202 2156 2250 sijne
2184 2195 2333 2245 macht
2362 2193 2422 2239 te
2451 2187 2599 2237 niete
2628 2182 2777 2232 boude
2805 2180 2955 2232 sijn,

894 2352 1253 2426 Presenterende
1277 2335 1605 2395 daerbenevens
1631 2332 1687 2379 d'
1713 2323 1959 2377 gestolene
1984 2313 2203 2367 goederen
2228 2305 2366 2356 weder
2391 2302 2447 2348 te
2472 2298 2719 2346 largeren,
2745 2289 2858 2342 ende

918 2467 1145 2525 alvorens
1172 2463 1230 2511 d'
1254 2448 1539 2506 Betaelinge
1565 2445 1651 2492 der
1678 2436 1961 2489 g'eijschte
1987 2426 2242 2481 penningen
2268 2419 2355 2469 aen
2382 2409 2579 2462 Coninck
2605 2395 2860 2452 geschiede

927 2590 996 2638 't
1026 2580 1197 2632 landt
1228 2574 1297 2622 en
1328 2564 1498 2618 bynen
1531 2557 1766 2608 vorigen
1799 2551 1967 2600 stant
1999 2534 2403 2596 openstellen,
2435 2528 2570 2577 ende
2598 2506 2872 2570 d'legers

914 2701 1021 2760 van
1052 2691 1189 2744 alle
1221 2680 1426 2735 canten
1456 2674 1527 2722 te
1559 2668 1696 2717 doen
1728 2645 2066 2710 vertrecken

867 2828 1118 2891 Waerop
1156 2820 1283 2870 den
1324 2798 1742 2863 Gouverneur
1782 2782 2325 2841 andtwoordende
2366 2779 2451 2826 't
2490 2756 2833 2821 volgende

914 2946 978 2998 In
1002 2924 1302 2987 supstantie
1328 2913 1509 2967 seijde
1537 2909 1627 2957 dat
1655 2905 1746 2952 wij
1775 2900 1953 2950 alhier
1981 2897 2042 2945 in
2070 2884 2397 2941 palliacatta
2425 2880 2515 2928 van
2542 2874 2663 2924 over
2690 2864 2841 2918 lange
2868 2856 2988 2907 saeh

927 3027 1257 3085 geresideert,
1282 3020 1394 3071 ende
1419 3016 1504 3064 ons
1529 3010 1641 3060 niet
1666 3006 1750 3054 met
1777 3001 1998 3051 geweldt,
2023 2996 2135 3045 maer
2161 2993 2245 3040 met
2270 2985 2492 3037 volcomen
2518 2971 2849 3029 Contentement

932 3143 1044 3194 ende
1070 3132 1292 3186 licentie
1318 3126 1457 3176 vande
1482 3119 1650 3169 Vorige
1676 3109 1898 3163 Coningen
1923 3099 2201 3153 gevesticht
2226 3089 2421 3143 hebben,
2447 3085 2558 3132 omme
2583 3080 2696 3129 onse
2722 3077 2917 3124 regotie

921 3251 1035 3306 uijt
1060 3246 1118 3295 te
1143 3235 1366 3288 breijden
1391 3227 1533 3280 veele
1559 3215 1865 3271 armeluijden
1892 3207 2142 3259 schilders
2169 3198 2336 3251 wevers
2361 3194 2419 3242 Eh
2446 3192 2530 3238 Int
2554 3183 2696 3234 wercq
2722 3171 2975 3227 t'houden,

926 3367 985 3417 d'
1009 3348 1289 3409 aencomende
1314 3331 1732 3391 Coopmanschappen
1757 3328 1814 3375 te
1840 3315 2202 3373 beneficieren,
2228 3311 2341 3359 onse
2367 3298 2618 3354 contanten
2644 3291 2784 3341 weder
2808 3286 2866 3333 te

917 3464 1157 3528 besteden,
1179 3456 1288 3509 ende
1311 3439 1628 3499 dienvolgende
1653 3435 1733 3483 als
1758 3428 1995 3478 eerlijcke
2019 3424 2100 3472 ten
2125 3417 2336 3469 getrouwe
2361 3404 2651 3461 coopluijden
2674 3397 2756 3448 met
2780 3394 2895 3443 dees

934 3566 1250 3625 Jnlandtsche
1275 3556 1420 3609 natie
1447 3541 1763 3599 vreedsamigh
1791 3540 1848 3586 t'
1877 3534 2134 3585 handelen,
2161 3521 2420 3578 gelijcker
2448 3516 2563 3564 wijs
2588 3508 2677 3560 tot
2703 3498 2820 3550 noch
2847 3492 2966 3541 toe,

928 3686 1087 3740 sonder
1111 3680 1192 3730 aen
1215 3669 1402 3723 iemandt
1426 3661 1586 3712 eenigh
1610 3651 1796 3705 geweldt
1821 3647 1927 3695 ofte
1952 3638 2164 3691 overlast
2187 3628 2374 3683 buijten
2397 3619 2532 3672 heden
2556 3616 2610 3663 te
2635 3610 2873 3660 bewijsen,

932 3797 1102 3861 gedaen
1126 3784 1320 3840 hebben,
1344 3775 1457 3828 waer
1482 3766 1648 3819 doord'
1674 3758 1840 3810 alhier
1866 3747 2086 3802 omliggen
2112 3740 2278 3791 landen
2303 3735 2387 3784 van
2413 3730 2497 3778 tyt
2521 3724 2606 3773 tot
2631 3718 2715 3767 tit
2742 3709 2962 3762 sodanich

939 3917 1054 3973 sijn
1074 3898 1219 3957 Comen
1243 3891 1302 3941 te
1326 3876 1579 3933 floreren,
1603 3869 1690 3919 dat
1716 3865 1801 3913 den
1828 3856 2051 3909 gemeenen
2077 3852 2163 3900 man
2188 3848 2301 3896 daer
2327 3845 2413 3892 bij
2439 3841 2552 3889 Veel
2577 3832 2969 3885 geconquesteert

944 4028 1062 4085 ende
1088 4000 1461 4071 mercquelijcke
1488 3981 1747 4043 penningen
1774 3978 1861 4024 soo
1888 3975 1975 4022 van
2002 3972 2060 4019 s'
2089 3963 2347 4017 Joucannes
2374 3960 2461 4006 als
2488 3955 2661 4003 anders
2689 3952 2833 4000 aende

944 4140 1269 4210 Gouverneurs
1296 4132 1415 4183 ende
1441 4124 1619 4175 andere
1647 4115 1825 4168 rooten
1850 4100 2146 4159 opgebraght
2174 4096 2352 4144 heeft,
2378 4090 2498 4139 Item
2526 4088 2615 4134 dan
2643 4084 2732 4132 Wij
2761 4079 2880 4127 bij—

949 4273 1066 4325 syde
1091 4263 1240 4315 vanse
1268 4252 1444 4306 Dorige
1472 4244 1705 4295 Coningen
1734 4239 1880 4288 onsen
1909 4231 2084 4283 handel
2112 4226 2288 4276 alomme
2316 4216 2637 4271 onbecomment
2666 4209 2841 4259 hebben

0 1544 31 1590 be

168 1545 228 1590 teme
