3642 4883
1283 749 1511 811 Jnde
1563 733 1841 789 selve
1894 717 2449 776 qualiteijt
2502 718 2669 765 van
2724 715 3388 769 Oppercoopman

1269 864 1463 913 met
1525 855 1720 908 een
1783 844 2427 897 maentlijck
2490 841 3262 894 tracktemende

1279 985 1445 1041 van
1499 977 1881 1031 hondert
1934 968 2319 1022 guldens
2369 969 2482 1016 (:
2536 969 2646 1015 om
2698 964 2919 1015 sijn
2973 952 3301 1007 dienst

1276 1116 1488 1169 waer
1541 1114 1700 1160 die
1752 1104 2017 1157 soude
2068 1095 2334 1147 mogen
2385 1091 2650 1139 comen
2702 1083 3388 1143 t'vereijschen

1269 1247 1531 1298 waer
1594 1238 1725 1289 te
1788 1229 2180 1280 nemen)
2243 1225 2958 1281 aengenomen,
3022 1220 3153 1267 de

1273 1366 2052 1440 verbederinghe
2109 1360 2290 1415 van
2349 1354 2649 1405 gagie
2708 1349 2948 1398 ende
3005 1338 3433 1392 tnieuwe

1270 1512 1756 1581 verbandt
1815 1502 2057 1555 dato
2105 1487 2419 1544 deses
2477 1478 2660 1530 als
2718 1460 3144 1520 wanneer

1264 1641 1499 1705 sijn
1554 1612 2188 1684 verplichten
2242 1601 2476 1655 tijt
2533 1590 2763 1644 uijt
2819 1575 3282 1632 geweest;
3332 1552 3392 1601 s

1282 1744 1945 1810 aenvanck
2026 1724 2606 1785 nemende

1236 2046 1622 2112 overt
1695 2036 2315 2108 Crackouw
2391 2034 2623 2085 van
2699 2022 3395 2083 Rotterdam

1277 2169 1387 2221 jn
1434 2153 1706 2212 jndia
1756 2140 2130 2201 gecomen
2183 2136 2396 2183 medt
2449 2128 2715 2181 schip
2765 2118 3300 2173 maestricht

1290 2265 1485 2322 voor
1527 2258 1678 2308 als
1726 2257 1775 2303 ƒ
1819 2252 1969 2301 20.
2013 2242 2163 2295 ter
2210 2236 2454 2285 maent
2501 2223 2938 2282 naderhant
2983 2207 3423 2268 gevordert

1263 2381 1440 2436 tot
1497 2348 2201 2421 ondercoopman
2253 2349 2435 2398 met
2491 2350 2669 2400 ƒ36
2726 2323 3313 2391 mitsgaders

1262 2482 1657 2536 coopman
1713 2480 1770 2526 â
1825 2478 1996 2526 260
2049 2469 2164 2520 jn
2220 2462 2671 2512 welckers
2726 2433 3292 2508 qualiteijt

1257 2612 1352 2662 d'
1397 2608 1446 2655 E
1492 2599 1774 2651 comp„e
1819 2598 1915 2646 nu
1962 2593 2150 2642 over
2195 2588 2291 2636 d'
2337 2583 2526 2631 Elll
2572 2582 2854 2632 achter
2895 2574 3042 2625 een
3085 2561 3371 2617 volgen

1253 2722 1558 2776 jaeren
1609 2719 1762 2767 soo
1812 2713 1916 2763 op
1965 2698 2526 2754 palliacatta
2577 2696 2731 2743 als
2777 2693 2883 2742 om
2933 2691 3035 2737 d'
3084 2682 3341 2736 suijt

1228 2850 1407 2903 tot
1462 2831 1937 2893 volcomen
1995 2817 2763 2876 consentemendt
2821 2809 2999 2860 van
3057 2798 3298 2853 sijn

1272 2955 1654 3016 meerder
1707 2942 2087 2999 gedient
2140 2935 2357 2986 ende
2411 2931 2682 2980 goede
2735 2910 3307 2975 expirentie

1257 3081 1647 3145 Becomen
1701 3057 2147 3123 hebbende
2190 3046 2480 3101 werdt
2535 3044 2646 3089 op
2691 3035 2924 3089 sijn
2978 3024 3369 3078 Billick

1255 3202 1759 3276 versoeck
1820 3189 2134 3243 midts
2195 3177 2573 3231 ruijme
2632 3148 3199 3220 expiratie

1255 3332 1578 3392 sijnes
1629 3308 2006 3370 jongste
2058 3290 2595 3351 verboondt,
2647 3282 2863 3334 ende
2914 3257 3398 3323 genegenth

1255 3462 1324 3516 d
1383 3449 1508 3498 E.
1567 3424 2127 3492 compagnie
2182 3410 2437 3467 noch
2490 3396 2933 3455 langher
2993 3386 3305 3439 onder

1252 3565 1465 3622 een
1532 3537 2094 3608 eerlijck
2162 3505 3004 3581 trackjemende
3072 3501 3284 3549 van

1256 3659 1784 3730 qualiteijt
1833 3652 2048 3703 ende
2099 3644 2364 3696 gagie
2416 3643 2522 3689 te
2574 3637 2891 3685 dienen
2943 3635 3102 3682 Bij
3152 3622 3424 3679 desen

1266 3792 1578 3848 d'novo
1629 3782 1838 3836 voor
1889 3769 2149 3824 drije
2201 3760 2565 3814 jaeren,
2615 3754 2722 3805 in
2773 3730 3295 3797 qualiteijt

1258 3917 1474 3973 van
1540 3882 2413 3960 oppercoopman
2483 3863 3207 3924 aengenomen

1262 4046 1465 4102 ende
1511 4032 1665 4087 een
1715 4014 2168 4076 Beloningh
2218 4006 2370 4057 van
2419 3997 2672 4048 vijff
2719 3994 2822 4044 en
2871 3969 3275 4038 tachtich

1254 4165 1410 4226 gue
1449 4155 1606 4208 ter
1654 4141 1956 4197 maendt
2003 4135 2156 4186 toe
2199 4128 2605 4180 geleijde
2644 4123 3054 4176 verbandt
3093 4100 3304 4168 ende

2415 4208 2512 4259 eee

1233 4267 1778 4353 verbeteringe
1822 4261 1959 4312 van
2003 4252 2228 4305 gagie
2268 4246 2451 4304 p„mo
2494 4251 2721 4303 junij
2762 4247 2856 4295 ao
2899 4232 3080 4290 1646
3124 4224 3259 4273 als

1242 4399 1634 4470 wanneer
1682 4386 1913 4442 sijn
1968 4369 2525 4429 verplugten
2580 4356 2803 4414 tijt
2856 4346 3081 4398 uijt
3125 4338 3251 4390 is

1239 4527 1850 4608 aenvanck
1925 4502 2466 4567 nemende

1414 1920 1531 1973 e
