3478 5230
975 518 1047 567 t'
1080 521 1219 568 gene
1250 520 1357 568 mij
1391 518 1461 565 nu
1495 519 1634 564 door
1668 520 1772 565 den
1807 520 2222 568 ondercoopman

2238 516 2724 572 Robbert

979 644 1119 694 uijt
1154 644 1258 690 ava
1292 638 1674 689 g'adviseert
1708 637 1881 683 wert,
1916 637 2194 687 gelieven
2227 643 2262 689 u
2296 643 2401 690 Ed:
2434 644 2505 690 by
2539 643 2610 691 d'
2642 647 2852 695 Nevens
2885 651 3197 704 gevouchde
3230 657 3270 706 —

976 769 1209 829 Copijes
1240 766 1308 814 te
1340 761 1606 809 beoogen,
1639 761 1772 807 daer
1805 762 1905 808 toe
1937 763 2037 808 my,
2070 764 2202 810 omme
2235 765 2302 810 in
2335 766 2501 812 desen
2533 767 2767 817 redyten
2799 773 2866 819 te
2897 774 3233 826 vermijden,

925 892 1196 954 voorts
1240 884 1601 936 referere

2948 527 3306 579 Bruij

801 1104 960 1158 Uijt
996 1102 1113 1151 wat
1150 1106 1609 1157 Consideratie
1647 1112 1800 1157 ende
1838 1112 1953 1160 tot
1987 1114 2259 1164 welcken
2296 1120 2488 1169 eynde
2525 1123 2564 1169 t
2601 1122 2795 1171 fluyt
2831 1128 3023 1181 schip
3060 1136 3331 1183 'twolff

971 1235 1068 1282 Van
1100 1234 1327 1280 malacca
1358 1235 1682 1283 herwaerts,
1714 1237 1844 1287 ende
1876 1241 2069 1289 voorts
2101 1241 2232 1287 naer
2263 1244 2329 1291 d'
2360 1247 2524 1295 Custe
2553 1252 2653 1299 van
2683 1256 2847 1306 Jndia
2877 1263 2942 1309 te
2974 1265 3330 1324 verseyjlen,

982 1351 1472 1405 geprojecteert
1508 1353 1621 1400 is,
1656 1352 1998 1402 vertrouwe
2034 1358 2074 1405 u
2105 1358 2223 1406 Ed:
2260 1360 2412 1413 door
2447 1370 2561 1419 den
2598 1374 2937 1428 president
2974 1384 3204 1439 Arnold

963 1479 1330 1527 d'Vlamingh
1367 1479 1477 1525 van
1513 1479 1846 1529 Outshoorn
1881 1486 2064 1531 lange
2101 1486 2249 1534 voor
2284 1489 2468 1538 desen
2505 1493 2985 1551 aengecundgcht
3018 1510 3129 1559 sal
3165 1514 3315 1565 sijn

1005 1624 1197 1673 Echter
1228 1620 1419 1668 hebben
1449 1617 1577 1663 niet
1608 1614 1799 1661 willen
1831 1614 2149 1660 naerlaten,
2179 1615 2243 1661 d'
2274 1616 2624 1668 geschriften
2655 1623 2719 1668 my
2751 1623 2879 1670 dien
2909 1627 3036 1673 ende
3067 1628 3258 1676 anders

981 1739 1292 1794 aengaende
1325 1733 1839 1783 gecommuniceert,
1874 1733 1976 1779 bij
2010 1734 2182 1780 desen
2215 1735 2285 1781 te
2318 1737 2558 1786 vougen,
2592 1741 2730 1789 doch
2763 1745 2901 1792 door
2934 1748 3003 1795 't
3037 1750 3208 1796 spade

1222 1860 1538 1911 Aenlanden
1571 1860 1679 1907 van
1713 1857 1993 1906 Genoemde
2028 1857 2239 1906 fluijt
2272 1862 2448 1914 schip
2483 1866 2728 1914 alhier,
2762 1864 2938 1909 sinde
2972 1862 3044 1909 't
3078 1864 3324 1917 Noorder

1040 1874 1088 1921 E

979 1991 1233 2041 mousson
1269 1988 1450 2036 onder
1485 1987 1559 2033 d'
1595 1988 1704 2034 wal
1739 1987 1958 2034 lange,
1993 1988 2138 2033 ende
2175 1988 2247 2034 in
2283 1989 2393 2034 Zee
2428 1988 2537 2035 ten
2573 1989 2936 2035 meerendeel
2971 1991 3297 2054 verlopen,

979 2117 1044 2163 in
1075 2114 1236 2161 allen
1267 2113 1523 2160 gevallen
1554 2113 1682 2159 geen
1713 2114 1905 2159 larger
1937 2111 2097 2158 tijt,
2128 2109 2224 2155 als
2255 2108 2352 2154 tot
2384 2109 2449 2155 't
2479 2111 2639 2159 begin
2671 2113 2767 2159 van
2798 2114 2958 2164 meij,
2989 2119 3087 2165 als
3117 2122 3350 2175 wanneer

947 2237 1096 2286 „men
1132 2230 1576 2282 genootsaeckt
1612 2231 1760 2276 wert
1796 2231 1944 2277 door
1980 2230 2055 2276 d'
2091 2229 2460 2275 aencomende
2497 2230 2941 2281 hardestormen
2976 2237 3051 2286 d'
3087 2240 3273 2293 Custe

995 2358 1104 2406 van
1139 2357 1321 2403 Jndia
1356 2354 1429 2400 te
1465 2355 1790 2405 verlaten,
1825 2353 2116 2402 overich,
2149 2356 2330 2403 heeft
2364 2356 2438 2402 d'
2474 2355 2943 2403 gedestineerde
2978 2358 3160 2412 reise
3195 2366 3231 2413 —

970 2486 1310 2536 derwaerts
1346 2488 1497 2536 geen
1534 2488 1910 2535 voortgangh
1947 2488 2173 2536 gunnen
2210 2490 2436 2538 nemen,
2473 2494 2623 2540 daer
2661 2495 2812 2541 mede
2849 2497 3000 2544 (ons
3036 2499 3339 2556 oordeels

954 2619 1261 2671 weyjnich,
1294 2620 1396 2666 ten
1429 2616 1667 2665 aensien
1701 2615 1837 2661 eens
1871 2615 2041 2661 deels
2073 2615 2177 2661 den
2210 2616 2618 2663 oppercoopman
2651 2617 2721 2663 S.
2753 2619 2787 2664 r
2821 2617 2992 2664 Corn:
3024 2619 3129 2666 van
3160 2623 3334 2677 sanen

983 2757 1135 2807 tot
1184 2743 1844 2800 t'affhandelen
1893 2740 2147 2788 vande
2197 2738 2806 2793 differentien
2856 2745 3313 2797 raeckende

987 2871 1345 2927 d'Malacxr
1384 2866 1623 2915 tollen
1662 2865 1743 2913 &n
1781 2856 2339 2908 gerechticheden
2378 2856 2499 2903 met
2537 2859 2658 2907 den
2697 2863 3016 2912 Vice-rey
3054 2867 3134 2915 in
3171 2865 3333 2913 Goa,

965 3000 1041 3046 by
1077 2994 1228 3042 uEd:
1263 2989 1827 3039 g'authoriseert,
1864 2984 1940 3033 't
1977 2977 2277 3025 gedoente
2314 2977 2427 3024 der
2464 2979 2839 3028 portugesen
2876 2983 3140 3035 alhier,
3176 2991 3215 3037 —

1016 3093 1056 3140 e
1087 3103 1241 3167 Jnde
1276 3120 1662 3168 quartiere,
1696 3115 1854 3165 daer
1890 3112 2199 3159 ontrent,
2236 3112 2391 3159 uEd:
2429 3111 2544 3157 ten
2582 3111 2967 3158 principale
3004 3113 3287 3163 bekent)

996 3137 1105 3193 ende

1006 3259 1331 3316 Gewerden,
1367 3254 1512 3303 ende
1544 3245 1655 3296 wij
1691 3242 1799 3288 tot
1831 3236 2087 3287 verdere
2122 3233 2447 3279 enquesten
2483 3233 2807 3279 dagelijcx
2843 3233 3059 3279 doende
3095 3233 3203 3278 syn

3226 3234 3268 3279 -„

1007 3394 1124 3441 ten
1160 3382 1432 3436 anderen
1470 3379 1548 3426 d'
1586 3378 1741 3423 mede
1779 3373 2051 3423 gegeven
2089 3360 2438 3418 coopmans.
2472 3353 2628 3412 Door
2665 3366 2782 3412 ons
2821 3363 3053 3411 metter
3091 3362 3246 3409 tijt

1022 3506 1403 3587 Verhandelt
1440 3504 1595 3551 ende
1632 3500 2132 3551 gebeneficeert
2170 3499 2401 3546 sullen
2439 3500 2669 3545 cunnen
2703 3497 2977 3545 werden,
3014 3499 3053 3545 &
3086 3487 3322 3542 suijmt

1002 3645 1106 3696 sal
1138 3635 1309 3689 sijn,
1341 3627 1748 3678 dienvolgende
1782 3622 2053 3672 geseijde
2086 3621 2391 3671 Coopmans.
2423 3625 2458 3671 r
2492 3621 2797 3670 behouden,
2829 3617 2967 3666 ende
2999 3616 3307 3668 daervoren

1008 3771 1051 3818 t
1089 3755 1410 3814 Comptoir
1448 3740 1689 3798 Gener.
1729 3738 1770 3784 l
1809 3739 1929 3785 van
1966 3733 2209 3784 India,
2246 3731 2369 3778 ter
2408 3730 2609 3778 somme
2646 3735 2769 3783 van
2808 3740 2848 3785 f
2888 3739 3329 3788 26065/19//1

1004 3878 1341 3937 bestaende
1377 3870 1527 3921 uijt
1562 3861 1750 3914 sulcx
1781 3853 1899 3905 als
1935 3852 1973 3899 u
2009 3850 2122 3898 Ed:
2159 3848 2234 3895 by
2270 3846 2345 3893 d'
2378 3842 2717 3893 Ingeleyde
2753 3841 3016 3889 memorie
3052 3846 3283 3899 sullen

995 4004 1298 4064 gelieven
1335 4002 1411 4048 te
1447 3990 1751 4046 beoogen,
1785 3974 2240 4032 gecrediteert
2278 3970 2543 4019 hebben,
2579 3966 3033 4017 meergenoemde
3070 3962 3298 4011 d'wolf

1001 4123 1198 4185 staet
1231 4118 1313 4167 in
1349 4110 1620 4161 weynich
1657 4103 1889 4154 dagen,
1926 4096 2081 4146 omme
2118 4091 2196 4140 t'
2233 4090 2388 4137 gene
2427 4091 2580 4137 noch
2618 4084 3118 4136 middelerwijle
3157 4084 3278 4132 tot

983 4219 1287 4294 supp=tmt
1324 4216 1435 4276 van
1469 4222 1772 4274 malaccas
1809 4214 1997 4265 eysch
2034 4209 2147 4258 soo
2184 4206 2260 4253 na
2296 4202 2598 4251 doenlijk
2633 4199 2710 4245 te
2747 4192 3048 4241 becomen,
3084 4191 3160 4238 by
3195 4184 3311 4235 den

996 4349 1257 4405 anderen
1292 4343 1368 4392 te
1402 4331 1811 4387 versamelen,
1848 4328 1996 4377 ende
2032 4321 2255 4371 gereet
2291 4322 2365 4367 te
2401 4319 2698 4366 maecken,
2731 4315 2883 4363 over
2919 4316 3179 4364 masulip
3215 4318 3326 4364 ver

2550 4660 3095 4733 Malacca

2783 522 2937 571 G
