3355 5203
871 471 980 519 van
1016 471 1234 521 eenige
1269 477 1668 530 oliphanten,
1700 484 1921 532 welcke
1952 485 2030 533 in
2064 487 2173 533 die
2209 489 2534 544 quartiere
2570 499 2787 547 Voele,
2823 499 2896 545 es
2931 494 3078 541 noyt

874 597 1030 645 voor
1069 597 1263 645 desen
1301 599 1380 645 by
1418 601 1535 649 den
1574 604 1886 653 Coninck,
1923 610 2040 658 als
2077 614 2158 666 nu
2194 622 2272 668 A.
2307 624 2350 673 o
2387 629 2661 675 Passado
2698 628 2815 677 aen
2853 623 3053 672 eenen

870 728 1253 782 Mierchalie
1290 728 1557 774 Moorsch
1595 729 1862 776 coopman
1899 729 2015 778 tot
2051 734 2129 783 3.
2166 740 2281 787 stx
2318 743 2702 798 toegestaen
2737 751 2928 800 sijn,
2965 747 3005 795 —

870 853 1347 909 gelicentreert
1383 851 1642 900 sijnde,
1677 856 1751 903 't
1786 860 2045 911 provenu
2079 869 2191 917 der
2226 873 2739 931 gebeneficeerde
2774 882 3142 938 coopmansz,

867 983 978 1032 die
1015 981 1346 1028 doorgaens
1382 980 1531 1026 noch
1566 981 1751 1027 goede
1786 984 2046 1035 advance
2080 992 2411 1047 renderen,
2446 1002 2631 1051 meest
2668 1006 2815 1055 alle
2846 1007 3035 1056 Jaren

861 1108 1161 1161 d'retour
1193 1102 1648 1153 overgemaeckt
1684 1103 1909 1149 souden
1946 1104 2172 1157 cunnen
2208 1114 2470 1170 werden,
2507 1125 2657 1171 daer
2693 1125 2769 1172 t'
2806 1128 2919 1176 ine
2955 1130 3182 1182 contra

860 1233 1032 1286 door
1073 1227 1542 1276 mancquement
1584 1228 1712 1274 van
1750 1228 2010 1275 andere
2052 1231 2478 1295 vereyschte
2519 1251 2859 1301 retouren

869 1371 1020 1421 ende
1058 1371 1359 1417 weijnich
1396 1371 1473 1418 op
1509 1374 1810 1421 responde
1848 1375 2112 1422 begeert
2148 1378 2374 1427 werdt,
2412 1380 2864 1435 genootsaeckt
2899 1390 3018 1443 syn

872 1505 990 1551 ten
1029 1502 1422 1550 meerendeel
1461 1502 1579 1549 tot
1618 1505 1971 1554 excessive
2007 1507 2405 1560 Jnteresten
2441 1517 2560 1568 van
2598 1524 2680 1573 d'
2715 1532 2797 1585 E:
2832 1542 3031 1591 comp.
3068 1548 3110 1595 e

3065 1492 3111 1537 d

873 1638 1020 1694 Voor
1054 1634 1382 1682 restanten
1417 1632 1744 1679 derwaerts
1779 1631 2035 1678 telaten
2069 1635 2107 1681 )
2141 1637 2397 1684 buijten
2431 1640 2577 1688 dien
2612 1644 2830 1697 eenige
2866 1651 2903 1698 —

2947 1651 2977 1696 -

3017 1650 3054 1695 -

854 1765 1274 1815 merckel.jk
1316 1766 1821 1815 veranderinge
1862 1766 1989 1813 ten
2031 1765 2242 1812 goede
2283 1765 2368 1814 t'
2409 1770 2746 1823 Erlangen
2786 1779 2914 1827 is,
2956 1781 3040 1828 nu
3081 1778 3124 1824 —

976 1886 1218 1942 Echter,
1250 1893 1357 1940 ten
1390 1896 1632 1942 aensien
1666 1896 1772 1944 ons
1802 1899 2011 1946 nieuwe
2045 1901 2183 1952 Hope
2218 1907 2494 1958 gegeven,
2528 1911 2667 1958 door
2701 1912 2806 1963 den
2838 1920 3013 1971 Mayj.
3042 1925 3080 1973 t

858 2037 1107 2087 meerder
1136 2029 1533 2084 liberteijt,
1568 2029 1675 2075 als
1710 2030 1816 2076 wel
1852 2031 2029 2078 naest
2064 2033 2102 2080 3
2135 2036 2174 2082 a
2206 2040 2278 2085 4.
2313 2041 2491 2090 jaren
2526 2045 2846 2093 geschiet,
2881 2047 3168 2104 geheven.

859 2173 1021 2230 ende
1060 2171 1218 2217 door
1258 2171 1337 2219 D'
1376 2167 1652 2220 Engels.
1691 2171 1772 2217 e,
1809 2175 2046 2221 Mooren
2085 2176 2204 2222 als
2242 2175 2520 2222 anderen
2559 2176 2915 2224 doorgaens
2953 2174 2994 2222 —

868 2306 1030 2356 noch
1069 2302 1313 2349 sterck
1353 2305 1717 2353 derwaerts
1757 2303 2205 2351 g'equipeert
2242 2309 2445 2357 wert,
2484 2311 2890 2365 oversulcx,
2929 2319 3093 2368 omme

867 2448 1008 2496 dien
1041 2442 1255 2492 handel
1291 2441 1432 2487 niet
1467 2440 1539 2485 't
1573 2441 1856 2492 Enemael,
1890 2448 1997 2496 end
2032 2449 2103 2495 op
2138 2448 2280 2494 eene
2314 2447 2492 2495 stont
2526 2450 3021 2515 t'abandoneren,
3056 2470 3095 2518 —

856 2581 1009 2636 maer
1044 2579 1120 2625 op
1156 2576 1232 2622 d'
1268 2573 1531 2621 verdere
1566 2575 1827 2622 gegeven
1864 2576 2014 2622 hove
2050 2578 2162 2625 een
2199 2581 2386 2626 nader
2422 2582 2646 2632 preuve
2682 2587 2758 2633 te
2793 2588 2980 2639 nemen

3002 2594 3027 2640 ƒ

865 2722 1012 2776 ende
1047 2717 1229 2764 alsoo
1264 2716 1411 2763 onse
1446 2717 1918 2765 Competiteurs,
1954 2719 2062 2765 soo
2097 2717 2244 2765 veel
2279 2720 2571 2770 mogelijk
2605 2727 2643 2773 t
2678 2729 3076 2794 Jnfesteren,

882 2850 1116 2900 blyven
1154 2849 1234 2895 in
1272 2848 1624 2896 voornemen
1662 2851 1703 2898 (
1740 2849 1859 2899 ter
1897 2849 2055 2896 ware
2093 2852 2134 2897 u
2171 2854 2289 2900 Ed:
2328 2853 2563 2900 anders
2601 2855 2954 2903 geliefden

874 2984 952 3031 't
990 2979 1417 3030 ordonneren,
1452 2972 1805 3023 andermael
1843 2972 2232 3020 besendinge
2269 2972 2387 3020 met
2424 2976 2541 3025 een
2580 2979 2814 3032 matich
2852 2988 3163 3040 Capitael

876 3115 952 3163 in
989 3107 1326 3159 september
1363 3103 1775 3152 aenstaende,
1812 3099 1999 3149 alsoo
2037 3096 2261 3143 daerop
2297 3096 2373 3142 te
2410 3096 2598 3144 voren
2635 3100 2935 3147 weyjnich
2970 3097 3159 3145 staet

866 3248 941 3293 te
978 3242 1240 3292 maecken
1276 3239 1576 3289 geweest,
1611 3236 1650 3282 â
1685 3231 1948 3281 present
1983 3226 2172 3276 niets
2210 3224 2284 3271 in
2321 3219 2658 3270 voorraet,
2692 3217 2844 3263 ende
2881 3215 2998 3264 tot

864 3364 941 3410 't
978 3356 1318 3410 opmaecken
1356 3353 1545 3401 vande
1582 3349 1961 3398 vereyschte
1997 3349 2263 3397 cleden,
2301 3348 2377 3397 en
2411 3342 2566 3390 root
2603 3339 2905 3388 Cattoene
2942 3339 3133 3387 garen

878 3494 1024 3544 geen
1055 3481 1277 3537 minder
1312 3475 1458 3525 tijt
1494 3473 1603 3519 van
1639 3472 1857 3517 nooden
1893 3472 2002 3518 is,
2038 3472 2111 3517 te
2146 3472 2328 3520 doen,
2365 3472 2437 3519 d'
2473 3471 2764 3517 suijvere
2799 3469 3091 3519 advancen

883 3621 956 3667 t'
992 3615 1213 3667 sedert
1249 3611 1433 3660 primo
1469 3604 1799 3655 februarij
1835 3602 1946 3648 des
1981 3599 2203 3646 voorl:
2238 3599 2349 3645 tot
2384 3594 2532 3645 ul=o
2567 3587 2861 3639 Januarij
2898 3587 3081 3636 deser

907 3758 1138 3818 Jaers,
1174 3747 1634 3801 affgetrocken
1671 3736 2093 3792 d'oncosten,
2131 3732 2399 3782 buijten
2437 3729 2935 3778 t'verstreckte
2972 3734 3126 3780 aent

814 3909 1094 3963 Hoogdie
1132 3903 1373 3952 volck,
1412 3899 1573 3947 ende
1610 3890 1692 3941 t'
1732 3886 1932 3935 Jacht
1971 3876 2451 3931 Drypskercke,
2490 3868 2850 3920 bedragen,
2887 3862 3176 3913 volgens

877 4054 965 4101 d'
1007 4035 1356 4099 Gesloten
1396 4014 1965 4078 negotieboucq:
2007 4014 2051 4060 ƒ
2094 4012 2573 4060 10334„7„14.
2605 4003 2790 4056 daer
2834 3998 3097 4048 tegens

877 4171 1318 4234 d'restanten
1354 4160 1557 4215 zynde
1595 4148 1797 4203 meest
1834 4134 2195 4189 contanten
2234 4134 2275 4180 &
2312 4126 2753 4181 uijtstaende
2791 4121 3156 4175 schulden.

868 4302 1166 4367 (waervan
1199 4286 1537 4346 ontreneld
1572 4283 1611 4330 ƒ
1646 4277 1870 4327 12000:
1899 4272 1981 4322 —.
2016 4268 2055 4315 —
2091 4258 2240 4311 meer
2275 4254 2314 4301 t
2350 4249 2684 4299 desperaer
2721 4241 2981 4294 ƒ50957„
3018 4236 3130 4287 16„
3165 4238 3207 4287 5
