3567 4801
2771 543 2958 593 882

920 705 1090 759 Jan
1143 691 1481 747 leroij
1536 682 1705 733 van
1759 679 2097 727 Touaen
2152 678 2265 724 jn
2318 672 2601 724 jndia
2655 671 2939 722 gecom

856 820 971 869 ao
1028 808 1258 861 1641
1314 800 1545 852 medt
1593 784 1946 844 tschip
2003 779 2291 828 nieuw
2346 779 2865 827 amsterdam

847 929 1053 980 voor
1103 911 1565 971 adelborst
1615 910 1667 956 a
1717 908 1770 955 ƒ
1821 905 1924 951 10
1972 904 2129 952 ter
2178 901 2488 949 maendt
2538 898 2795 946 werdt
2847 898 2979 945 op

843 1040 1039 1102 sijn
1082 1028 1471 1083 vertoogh
1518 1022 1710 1070 ende
1756 1010 2335 1066 bequaemheijt
2381 1013 2526 1060 als
2573 1007 2961 1057 genegens

810 1168 1043 1230 heijt
1089 1162 1182 1211 de
1226 1153 1320 1204 E.
1363 1142 1642 1194 Comp„e
1687 1135 1872 1187 noch
1917 1122 2195 1179 eenige
2239 1113 2517 1165 jaeren
2563 1114 2657 1162 te
2695 1112 2980 1164 dienen

826 1309 981 1366 Bij
1027 1290 1283 1350 desen
1331 1281 1585 1333 midts
1635 1262 2089 1326 Expiratie
2139 1258 2291 1305 des
2341 1252 2594 1301 tijts
2644 1248 2745 1296 de
2795 1240 2999 1292 novo

861 1393 1392 1466 aengenomen
1443 1388 1551 1436 en
1599 1381 1869 1432 onder
1921 1371 2187 1425 drije
2237 1360 2557 1412 jaeren
2610 1353 2983 1405 verbant

851 1542 1037 1594 voor
1078 1533 1175 1585 de
1221 1519 1452 1576 selve
1496 1494 1959 1561 qualiteijt
2006 1493 2144 1539 van
2190 1487 2606 1537 adelborst
2652 1487 3025 1540 derthien

856 1647 1207 1704 guldens
1224 1636 1456 1688 (ter
1500 1625 1805 1678 maendt
1839 1622 2005 1668 toe
2041 1610 2454 1665 geleijdt
2503 1603 3004 1653 innegaende

855 1773 1238 1833 tnieuwe
1292 1763 1730 1818 verbandt
1782 1756 1894 1806 en
1946 1732 2658 1798 verbeteringhe
2712 1726 2878 1775 van

854 1899 1158 1956 Gagie
1216 1889 1461 1941 dato
1519 1866 1824 1931 deses

881 2134 1443 2201 Cornelis
1513 2112 2212 2177 adriaensen
2279 2086 2846 2155 Dromondt

870 2258 1022 2313 van
1062 2239 1621 2299 palliacatta
1662 2238 1770 2284 ao
1796 2234 2020 2282 1643
2064 2225 2269 2277 voor
2316 2211 2668 2268 Boosman
2717 2205 2869 2255 met

829 2394 934 2443 78
985 2384 1144 2439 ter
1193 2364 1509 2426 maendt
1558 2339 2083 2407 aengenomen
2134 2328 2606 2383 desselffs
2655 2315 2919 2371 tijdt

865 2486 1524 2560 jegenwoordich
1572 2453 2131 2527 g'Expireert
2179 2440 2485 2496 sijnde
2535 2438 2789 2485 werdt
2838 2435 2944 2482 op

848 2616 1038 2678 sijn
1081 2592 1458 2657 vertoogh
1503 2585 1598 2635 en
1642 2563 2205 2627 bequaemheijt
2251 2554 2393 2607 als
2438 2538 3000 2598 genegenheijt

1097 2717 1401 2777 Comp„e
1438 2710 1650 2761 noch
1682 2692 1997 2752 langer
2046 2684 2146 2733 te
2193 2671 2494 2729 dienen
2543 2667 2693 2715 Bij
2739 2664 2992 2712 desen

988 2740 1085 2792 E.

810 2772 919 2820 £

858 2866 960 2916 de
1008 2857 1211 2911 novo
1258 2845 1462 2901 voor
1511 2834 1713 2888 drij
1762 2824 2015 2876 naest
2064 2808 2467 2866 volgende
2516 2797 2820 2852 jaeren
2866 2784 2976 2832 in

865 2961 1391 3034 qualiteijt
1438 2954 1600 3007 van
1646 2934 2019 2999 soldaet
2069 2913 2597 2978 aengenomen
2647 2898 2858 2954 ende

864 3088 1041 3146 een
1098 3055 1683 3131 Belooningh
1739 3044 1916 3099 van
1973 3032 2208 3086 elff
2257 3017 2674 3072 guldens
2731 3012 2908 3061 ter

854 3197 1213 3255 maende
1269 3156 1929 3238 toegeleijdt
1984 3120 2585 3199 jnnegaende
2642 3118 3004 3165 tnieuw

866 3299 1270 3363 verbandt
1318 3291 1421 3341 en
1470 3266 2128 3334 verbeteringhe
2175 3253 2329 3308 van
2377 3232 2631 3294 gagie
2679 3220 2884 3276 dato

890 3401 1344 3475 deses

791 3612 999 3666 Jan
1065 3592 1684 3651 Pietersen
1750 3574 2094 3632 adiex
2160 3564 2368 3619 van
2435 3549 2710 3604 Edam
2774 3540 2915 3590 in

880 3721 1093 3781 jndia
1133 3705 1428 3763 gecomen
1469 3701 1596 3749 met
1637 3694 1848 3746 schip
1889 3690 2016 3738 den
2057 3676 2687 3733 wittenelijxhant
2728 3674 2771 3720 a
2812 3673 2984 3723 1643

856 3841 1053 3901 voor
1091 3824 1391 3883 Boss„r
1438 3818 1488 3865 a
1535 3813 1682 3862 511
1729 3803 1875 3855 ter
1923 3794 2214 3845 maendt
2261 3787 2505 3838 werdt
2551 3785 2650 3832 op
2698 3776 2892 3827 sijn

880 3948 1278 4016 vertoogh
1319 3934 1524 3988 ende
1571 3912 2165 3977 bequaemheijt
2214 3908 2412 3956 mits
2457 3888 2905 3952 Expiratie

876 4089 1007 4140 des
1047 4081 1263 4134 tijts
1302 4069 1476 4124 ende
1512 4046 2071 4112 genegentheijt
2111 4044 2199 4090 d'
2240 4039 2327 4089 E.
2364 4026 2625 4081 Comp„e
2663 4014 2924 4069 alhier

877 4199 992 4251 aen
1028 4191 1217 4242 landt
1254 4184 1404 4234 voor
1440 4175 1667 4228 sold„t
1701 4174 1778 4221 te
1810 4167 2041 4218 dienen
2076 4162 2191 4210 Bij
2225 4156 2378 4205 dese
2413 4146 2714 4200 d'novoir
2752 4141 3015 4191 gemelte

885 4301 1294 4355 qualiteijt
1333 4295 1457 4344 van
1497 4285 1784 4339 soldaet
1824 4282 1948 4329 met
1988 4274 2193 4325 gagie
2232 4270 2356 4317 van
2396 4265 2683 4314 twaelff
2723 4261 3011 4309 guldens

881 4415 1007 4464 ter
1047 4405 1299 4458 maient
1339 4393 1675 4449 aengenom
1716 4388 1885 4437 mits
1925 4381 2093 4431 daer
2134 4376 2302 4425 voor
2342 4365 2679 4420 gehouden
2711 4358 2972 4411 Blijft

898 4515 1077 4563 noch
1120 4504 1344 4558 drije
1385 4491 1610 4547 naest
1653 4479 1922 4535 volgen
1966 4471 2234 4522 jaeren
2276 4462 2369 4514 te

2389 4544 2838 4611 Sienen

149 1147 187 1198 en

80 2660 125 2708 C

116 3067 196 3123 58:

117 3905 175 3958 t

97 4293 198 4348 dese

0 4304 29 4349 8
