3567 4883
1233 631 1506 682 waeromme
1539 631 1642 678 met
1674 634 2081 686 d'afsendinge
2114 642 2217 691 van
2249 646 2386 696 dien
2417 651 2623 700 langer
2655 657 2860 707 souden
2892 663 3205 724 tarderen—

1244 729 1596 776 Insonderheyt
1625 729 1919 775 innegesien
1947 731 2095 778 synde
2124 733 2212 778 een
2241 733 2359 780 goet
2388 735 2623 788 gedeelte
2651 743 2770 791 daer
2798 747 2888 796 uyt
2915 752 3005 802 tot
3032 758 3094 808 t'
3120 765 3304 817 sydich

1254 826 1502 878 ballasten
1529 826 1611 872 der
1638 827 1802 872 retour
1829 827 2020 874 schepen
2047 828 2157 874 voor
2183 828 2212 874 t
2238 830 2403 879 patria
2428 835 2620 886 dienen,
2647 842 2756 890 ende
2782 846 2839 893 t'
2865 849 2948 897 ons
2973 854 3111 904 desen
3137 860 3247 909 Jare
3273 865 3357 914 aen

1255 925 1373 977 geen
1401 921 1807 969 scheepsruimpte
1834 923 2154 972 ontbreecken
2181 928 2299 978 sal,
2326 934 2444 983 oocq
2470 940 2587 988 rede
2614 943 2789 994 eenige
2816 950 2991 1001 dagen,
3018 956 3077 1003 op
3106 958 3224 1006 Hope

1256 1025 1631 1074 middelerwijle
1659 1025 1718 1071 t'
1746 1026 1890 1072 Iacht
1918 1027 2264 1079 grijpskerke,
2291 1035 2465 1083 sijnde
2492 1039 2553 1088 5=
2579 1046 2751 1094 pass:o
2779 1049 2868 1099 met
2894 1056 3039 1107 3000.
3066 1063 3325 1118 pagoden.,

1246 1126 1386 1172 2002:
1413 1126 1498 1174 r=m
1523 1129 1608 1175 van
1635 1131 1747 1179 8=en
1773 1135 1830 1182 in
1857 1137 2052 1185 specie,
2079 1141 2218 1189 5000:
2245 1145 2302 1191 t=
2328 1147 2524 1199 Jappans
2550 1155 2911 1216 schuytsilver,
2938 1172 3077 1219 4800:
3104 1174 3215 1220 lb:e
3243 1175 3417 1227 rompen

1253 1218 1392 1266 1479:
1419 1220 1503 1267 lb.
1529 1223 1780 1272 Jappansz:
1807 1227 2031 1278 Campher,
2056 1234 2141 1281 239
2167 1238 2253 1287 /½.
2278 1244 2363 1290 lb.
2389 1246 2696 1305 qudksilver,
2720 1262 2806 1314 en.
2831 1271 2972 1323 5860.
2997 1279 3054 1325 lb
3081 1280 3386 1326 gebroost.d.

1235 1323 1463 1371 geschut,
1490 1323 1576 1369 tot
1605 1323 1804 1370 progres
1833 1325 2005 1373 vanden
2031 1330 2204 1380 handel
2230 1336 2289 1383 in
2316 1339 2630 1395 tansjouwer,
2657 1351 2773 1400 naer
2799 1357 3143 1416 trunelevaes,
3169 1373 3283 1422 ende

1250 1421 1415 1472 Carcal
1441 1420 1740 1466 vertrocken,
1767 1421 1957 1470 vandaer
1983 1426 2039 1472 d'
2065 1427 2228 1476 retour
2255 1431 2337 1478 met
2363 1433 2499 1481 goede
2525 1437 2690 1487 partye
2715 1444 2906 1496 slapen,
2932 1452 3042 1501 ende
3067 1458 3178 1506 Cley
3203 1463 3257 1509 en

1249 1516 1419 1564 alhier
1447 1516 1588 1561 weder
1616 1516 1873 1564 aenlanden
1899 1520 2070 1567 soude,
2097 1523 2211 1570 doch
2239 1526 2579 1580 vruchteloos,
2606 1535 2835 1588 vertouft
2860 1545 3059 1599 hebben,
3087 1555 3201 1602 sijn
3228 1558 3287 1605 te

1244 1615 1366 1662 rade
1395 1612 1636 1659 gewerden
1665 1612 1907 1661 meergen.
1936 1617 2207 1667 heemstede
2237 1623 2388 1672 voort
2417 1628 2478 1674 te
2507 1629 2659 1679 laten
2687 1636 2839 1688 gaen,
2867 1644 2990 1696 ende
3018 1654 3139 1703 naer
3167 1659 3318 1708 costi

1245 1717 1305 1764 te
1333 1715 1604 1762 largeren,
1633 1715 1903 1762 voughende
1932 1718 2052 1764 daer
2081 1720 2141 1765 by
2171 1720 2292 1770 dees
2319 1726 2560 1780 weijnich
2588 1736 2799 1788 regulen
2827 1744 2919 1792 tot
2947 1748 3308 1805 accompagnie,

1242 1811 1413 1858 nevens
1442 1810 1642 1856 eenighe
1670 1810 1870 1857 nodighe
1898 1812 2184 1864 pampieren,
2212 1819 2327 1870 daer
2354 1825 2498 1875 onder
2526 1831 2699 1881 divers
2725 1838 2869 1890 roves
2896 1846 3153 1902 raeckende
3182 1857 3328 1909 deses

1226 1913 1371 1966 Rijcx
1399 1912 1772 1960 veranderlycke
1800 1912 2031 1960 saecken,
2059 1915 2175 1961 ende
2202 1916 2463 1967 vervallen
2490 1924 2664 1976 staet,
2691 1933 2807 1982 door
2834 1938 2979 1989 onsen
3006 1945 3237 1999 resident
3264 1955 3322 2001 in

1210 2024 1393 2080 Velour
1423 2020 1789 2069 g'annoteert,
1819 2018 1941 2065 ende
1971 2018 2063 2063 ons
2093 2019 2337 2067 t'sedert
2366 2022 2489 2070 voor
2518 2025 2824 2080 aengetogen
2853 2037 3037 2090 mijnen
3065 2046 3340 2108 Jonghsten

1230 2120 1653 2175 aengecundicht,
1683 2119 1804 2165 waer
1834 2119 1924 2165 byj
1954 2120 2045 2166 uE:
2074 2122 2135 2168 d:
2164 2124 2315 2172 onder
2344 2127 2556 2178 anderen
2584 2134 2675 2182 den
2704 2137 2946 2193 verderen
2975 2150 3187 2204 intocht
3215 2160 3351 2210 ende

1244 2216 1532 2267 Conquesten
1561 2216 1648 2262 des
1676 2218 2079 2271 visiapourschen
2106 2227 2280 2276 legers
2307 2231 2395 2278 tot
2422 2234 2510 2281 aen
2537 2237 2769 2290 genoemde
2795 2247 2998 2303 velour,
3025 2259 3113 2308 des
3140 2264 3342 2317 conincx

1228 2340 1622 2392 Hooftplaets,
1653 2339 1786 2385 ende
1819 2338 1917 2384 hoe
1949 2337 2081 2383 syne
2113 2338 2410 2386 Majesteyt
2441 2342 2572 2389 door
2605 2344 2672 2392 d'
2703 2349 3032 2405 traeghsame
3063 2361 3359 2415 Resolutie

1234 2447 1361 2496 ende
1391 2443 1735 2493 assistentie
1765 2442 1860 2487 der
1890 2443 2110 2491 neycq:,
2139 2446 2452 2493 bevindende
2482 2449 2608 2499 sich
2637 2455 2857 2506 buijten
2886 2462 3013 2515 dien
3042 2471 3385 2527 onmachtich;

1232 2549 1585 2599 genootdruckt
1615 2550 1674 2595 is
1703 2550 1969 2597 gewerden,
1997 2552 2116 2598 omme
2145 2553 2235 2600 syn
2262 2557 2352 2605 tot
2380 2561 2469 2609 ale
2498 2564 2676 2615 ruine,
2704 2571 2795 2618 soo
2821 2574 2941 2624 veel
2969 2581 3235 2636 doenlyck,
3263 2592 3381 2639 voor

1225 2661 1286 2706 te
1315 2662 1496 2711 comen,
1526 2665 1616 2711 met
1646 2666 2099 2719 d'visiapourders
2128 2675 2189 2722 in
2218 2678 2671 2739 onderhandelinge
2699 2695 2760 2741 te
2789 2696 3002 2752 treden,
3030 2708 3151 2758 ende
3180 2713 3393 2766 d'selve

1226 2768 1320 2816 tot
1351 2768 1413 2813 t'
1444 2767 1755 2814 uijtterste
1786 2769 1880 2817 van
1910 2773 2036 2820 syne
2066 2777 2191 2825 noch
2221 2781 2441 2835 weynige
2469 2792 2688 2846 overige
2718 2803 2999 2860 middelen,
3028 2816 3308 2871 bestaente

1229 2878 1396 2927 meest
1429 2880 1495 2926 in
1527 2882 1759 2930 Juwelen
1791 2885 1923 2934 ende
1955 2889 2154 2939 eenige
2186 2895 2549 2954 Elyphanten,
2581 2910 2978 2971 contentement
3008 2928 3077 2977 te
3107 2934 3272 2986 doen,

1231 2981 1425 3026 welcke
1458 2981 1652 3028 echter
1684 2983 1814 3030 noch
1847 2985 1912 3031 op
1944 2986 2106 3034 verre
2138 2990 2236 3039 nae
2267 2995 2398 3047 niet
2429 3003 2496 3052 en
2526 3009 2722 3062 hebben
2753 3018 2949 3072 cunnen
2979 3029 3271 3085 basteren,

1221 3086 1470 3136 oversulcx
1497 3086 1552 3132 t'
1579 3087 1936 3138 visiapoursche
1963 3094 2127 3141 Sjeger
2154 3096 2264 3144 noch
2291 3099 2401 3147 niet
2428 3102 2757 3160 geretireert,
2783 3115 2894 3164 maer
2920 3120 2976 3168 op
3002 3124 3059 3171 d'
3084 3128 3387 3182 voldoeninge

1226 3190 1408 3238 vant'
1445 3191 1808 3242 mancqueren
1843 3197 2025 3244 aent'
2060 3199 2352 3252 Contract
2387 3208 2606 3260 (synde
2640 3217 2752 3267 int
2785 3225 3003 3278 geheel
3039 3233 3187 3289 800.
3219 3244 3365 3292 Op:i

1225 3302 1385 3348 boven
1416 3300 1480 3346 d'
1512 3299 1864 3348 Elyphanten)
1894 3303 1991 3351 die
2022 3307 2118 3353 ten
2150 3308 2214 3354 sy
2246 3309 2342 3356 van
2373 3312 2439 3358 d'
2469 3315 2662 3368 Neycq:
2692 3325 2917 3379 daertoe
2947 3335 3332 3391 gesecoureert

1221 3403 1371 3455 wert,
1400 3402 1518 3448 niet
1547 3402 1724 3449 volgen
1753 3405 1871 3451 can,
1899 3406 1989 3452 tot
2017 3408 2136 3454 dato
2164 3410 2283 3458 noch
2311 3415 2577 3468 wachtende
2605 3424 2693 3472 Is,
2723 3427 2959 3480 besijden
2987 3437 3077 3486 dat
3104 3442 3195 3491 die
3221 3448 3313 3499 van

1222 3508 1463 3567 Golconda
1492 3506 1582 3551 soo
1612 3506 1761 3551 verre
1791 3504 2178 3551 g'advanceert,
2208 3505 2298 3551 dat
2326 3507 2387 3554 d'
2416 3510 2924 3571 noorderquartieren
2952 3527 3043 3576 ten
3071 3532 3369 3585 meerendeel

1217 3615 1364 3665 onder
1393 3611 1509 3660 haer
1537 3608 1798 3656 gebracht,
1826 3609 1884 3655 en
1913 3609 2000 3655 met
2028 3609 2116 3656 een
2142 3610 2375 3657 gedeelte
2404 3612 2492 3658 van
2520 3614 2607 3662 hun
2635 3617 2781 3667 seger
2808 3624 2897 3671 tot
2923 3627 2984 3676 op
3010 3632 3041 3679 4
3068 3635 3099 3681 a
3125 3637 3157 3684 5
3183 3641 3359 3693 mijlen

1217 3724 1313 3772 van
1344 3720 1471 3768 hier
1501 3717 1754 3764 genadert
1786 3716 1912 3762 syn,
1943 3716 2070 3763 doch
2102 3718 2229 3763 wert
2259 3719 2323 3765 nu
2354 3721 2577 3770 gerucht
2606 3727 2702 3775 den
2733 3732 2955 3783 Conincq
2985 3740 3337 3791 secretement

1218 3821 1341 3871 uijt
1371 3817 1553 3866 velour
1584 3815 1918 3862 vertrocquen
1947 3816 2039 3862 is,
2068 3816 2160 3863 tot
2190 3818 2493 3871 besettinge
2523 3826 2585 3873 en
2614 3829 2857 3879 defentie
2886 3834 3041 3885 vande
3068 3842 3378 3902 fortressen

1207 3924 1394 3974 aldaer
1424 3920 1829 3969 kistapaneyck,
1858 3920 1983 3966 ende
2014 3919 2200 3965 andere
2231 3919 2388 3969 sijne
2417 3925 2759 3980 vertrouwste
2789 3936 2945 3983 laten
2975 3938 3319 3991 verblijven,

1206 4024 1264 4071 en
1291 4021 1406 4068 sich
1434 4020 1605 4068 voorts
1632 4023 1746 4069 naer
1774 4022 2002 4069 singier,
2029 4024 2172 4071 eenl.
2200 4026 2229 4071 k
2257 4026 2654 4077 vergeselschapt
2682 4031 2796 4080 door
2824 4035 2882 4082 10
2909 4038 2939 4084 a
2965 4040 3024 4088 12
3051 4044 3137 4090 van
3164 4045 3278 4091 sine

1193 4106 1533 4155 trauwanten,
1563 4108 2026 4156 getransporteert
2056 4111 2242 4158 heeft,
2272 4114 2365 4160 ten
2395 4116 2550 4163 eynde
2580 4119 2735 4166 alsoo
2765 4121 3013 4173 bequamer
3042 4129 3197 4179 ordre
3226 4135 3319 4183 met

1204 4196 1261 4243 d'
1289 4197 1459 4244 Neycq.
1487 4197 1516 4242 ,
1543 4194 1601 4241 t'
1628 4193 1685 4238 sy
1713 4193 1770 4239 t'
1798 4194 2053 4241 vervallen
2081 4196 2393 4244 Carnatische
2421 4198 2535 4245 ryck
2562 4200 2676 4246 door
2704 4201 2902 4247 gewelt,
2930 4202 3044 4249 ofte
3071 4203 3274 4251 accoort

1206 4280 1736 4334 gerestabilieert,
1768 4277 2001 4325 beraemt
2033 4276 2232 4322 mochte
2264 4274 2497 4321 werden,
2530 4276 2993 4325 middelerwijle,
3025 4277 3258 4325 staende

2568 4430 2820 4514 verte.
