3642 4883
2883 697 3041 747 we

1332 751 1547 802 Ende
1600 744 2295 795 verbeteringhe
2347 738 2509 789 van
2562 728 2830 782 gagie
2873 727 3084 788 p„mo
3132 716 3350 771 Meij

1334 892 1432 941 ao
1479 885 1674 936 1646
1718 875 1867 928 als
1915 871 2254 920 wanneer
2303 866 2498 916 sijn
2544 868 3079 919 verplichten
3123 874 3324 926 tijt

1344 1006 1563 1056 uijt
1614 999 2000 1052 geweest
2053 999 2163 1048 is
2217 997 2654 1045 aenvanck
2708 997 3091 1046 nemende

1411 1252 1624 1311 Van
1692 1245 1832 1296 de
1899 1230 2249 1286 Lange
2318 1223 2528 1274 van
2596 1219 3223 1270 Amsterdam

1460 1375 2110 1441 hooghbootsman
2158 1366 2309 1418 int
2356 1360 2608 1410 landt
2656 1356 3007 1405 gecomen
3056 1350 3256 1400 medt

1423 1491 1777 1541 ffluijt
1826 1489 2080 1538 schip
2128 1476 2483 1531 d'wolff
2533 1475 2634 1520 ao
2685 1472 2887 1519 1644
2937 1471 2988 1516 a
3036 1467 3089 1515 ƒ
3139 1465 3241 1511 24
3288 1453 3393 1507 p„

1346 1611 1646 1666 maendt
1690 1604 1944 1655 nader
1993 1596 2243 1648 handt
2291 1594 2541 1641 tampt
2589 1595 2740 1641 van
2784 1583 3437 1640 onderstierman

1338 1735 1483 1784 een
1531 1720 1966 1780 geruijmen
2013 1714 2207 1763 tijt
2256 1713 2401 1759 tot
2449 1709 2691 1758 goedt
2738 1693 3368 1752 contentemendt

1331 1850 1496 1906 van
1548 1838 1766 1892 sijn
1819 1822 2198 1881 meerder
2252 1820 2848 1868 waergenomen
2899 1811 3394 1867 hebbende,

1329 1982 1437 2035 en
1486 1971 1645 2024 den
1696 1962 1854 2015 5„e
1905 1946 2219 2004 meerdt
2268 1938 2584 1988 jongst
2636 1932 2949 1982 leeden
2998 1920 3314 1977 Bijden

1321 2094 1947 2177 oppercoopman
1998 2090 2154 2138 S„r
2205 2076 2619 2132 hendrick
2665 2067 2826 2120 van
2878 2063 3188 2110 gendt,
3239 2061 3449 2108 ende

1326 2233 1470 2286 den
1516 2214 1893 2277 verderen
1939 2202 2269 2258 scheeps
2314 2200 2550 2247 raedt
2597 2197 2738 2245 van
2785 2189 3115 2240 gemelte
3161 2192 3443 2243 fluijt

1278 2377 1566 2428 Schip
1622 2363 2025 2422 d'Wolff
2082 2358 2198 2408 op
2254 2346 2772 2401 aprobatie
2827 2338 3175 2394 vanden
3225 2324 3348 2381 E:

1318 2507 1896 2582 president
1954 2494 2346 2549 Arnold
2398 2482 3052 2539 d'vlamingh
3117 2478 3310 2527 tot

1308 2642 2050 2705 onderstierman
2092 2637 2278 2685 met
2331 2625 2619 2680 gagie
2676 2623 2847 2671 van
2900 2625 2963 2672 ƒ
3016 2626 3132 2676 28
3188 2618 3359 2669 ter

1252 2781 1608 2862 Maendt
1665 2763 2191 2823 gevordert
2249 2756 2483 2807 ende
2537 2739 2951 2801 tsedert
3006 2719 3359 2782 alhier

1315 2911 1458 2963 van
1503 2905 1647 2953 d„o
1694 2898 1978 2949 fuijdt
2025 2889 2357 2943 gelicht
2403 2884 2593 2933 ende
2640 2878 2783 2927 opt
2827 2864 3066 2921 jacht
3101 2855 3444 2907 grijps„

1252 3042 1581 3107 kercke
1633 3026 2128 3086 gesteldt,
2179 3015 2402 3069 dien
2456 3007 2895 3057 volgende
2940 2997 3113 3052 int
3168 2993 3442 3041 stuck

1298 3174 1584 3234 vande
1640 3156 2153 3217 navigatie
2209 3149 2609 3200 naerder
2664 3127 3412 3196 g'examineerdt

1310 3305 1520 3358 ende
1570 3291 1984 3348 volcomen
2035 3287 2398 3337 bequaem
2448 3276 3018 3331 g'oordeeldt
3067 3257 3432 3319 sijnde,

1264 3440 1555 3502 werdt
1610 3425 2129 3481 derhalven
2187 3421 2303 3471 op
2357 3409 2589 3462 sijn
2646 3396 3108 3455 vertoogh
3162 3379 3395 3437 ende

1253 3583 1623 3656 Becomene
1667 3570 2265 3627 ervarentheijt
2311 3570 2403 3615 d'
2444 3563 2770 3615 voorige
2815 3549 3369 3609 verbeteringe

1275 3723 1479 3773 vande
1520 3714 1805 3768 scheeps
1845 3709 2050 3759 raedt
2090 3705 2497 3757 voornoemdt
2537 3704 2660 3751 bij
2696 3699 2904 3749 desen
2944 3698 3433 3747 g'approbeert

1288 3859 1485 3913 ende
1516 3845 1726 3901 inde
1774 3837 2016 3888 selve
2063 3824 2549 3880 qualiteijt
2595 3823 2742 3872 van
2790 3814 3421 3867 onderstierman

1279 3995 1439 4045 met
1491 3988 1653 4039 het
1706 3968 2346 4031 toegeleijde,
2398 3958 3039 4013 tracktemendt
3091 3952 3255 4000 van

1271 4117 1946 4186 achtentwintich
1993 4100 2330 4162 guldens
2377 4093 2523 4144 ter
2570 4088 2860 4137 maendt
2907 4075 3390 4136 bevesticht

1319 4258 1554 4315 inne
1610 4250 1962 4301 gaende
2019 4241 2195 4294 den
2253 4235 2487 4285 5en.
2542 4219 2836 4277 Meert
2893 4212 3011 4261 ao
3055 4194 3302 4252 1646

3113 995 3178 1043 -
