3560 4937
1483 785 1663 835 Dagh
1707 783 2061 831 Register
2105 783 2371 833 wegens
2415 788 2504 834 't
2548 788 3035 836 gepasseerde

1546 1146 1617 1193 Te
1652 1147 1794 1194 hove
1829 1149 1972 1197 ende
2006 1153 2113 1201 tot
2148 1157 2220 1203 de
2254 1159 2503 1209 vordere
2537 1166 2751 1216 heeren
2785 1173 2928 1220 in't
2962 1175 3356 1233 particulier

1650 1283 1787 1331 sijn
1821 1283 2024 1329 altijt
2057 1283 2395 1332 vrundelijk
2429 1287 2733 1339 bejegent,
2767 1294 2834 1340 de
2868 1294 3240 1342 schenckagie
3274 1294 3375 1340 bij

1648 1421 1791 1472 alle
1825 1422 2040 1470 Heeren
2075 1423 2501 1472 g'accepteert
2535 1422 2784 1468 excepto
2819 1423 2962 1470 Somo
2997 1425 3246 1471 tatonij
3281 1426 3424 1475 domm

1643 1553 1786 1602 sone
1820 1554 2032 1602 vanden
2067 1556 2243 1602 ouden
2278 1558 2595 1604 overleden
2630 1559 2806 1606 raets
2841 1559 2982 1606 heer
3015 1550 3333 1605 Oijadonne

1636 1683 1794 1735 doch
1833 1691 1991 1741 uijt
2028 1698 2187 1749 geen
2223 1697 2813 1751 ongenegentheijt
2852 1697 2970 1745 tot
3008 1695 3088 1745 de
3124 1684 3363 1738 Comp„e

1639 1821 1777 1869 maer
1810 1824 2051 1871 gelijck
2084 1827 2222 1873 voor
2256 1825 2427 1873 desen
2461 1819 2907 1870 beleeffdelijk
2941 1817 3320 1864 g'excuseert

1644 1960 1747 2008 als
1781 1962 2022 2009 buijten
2056 1960 2194 2006 sijn
2227 1954 2434 2004 cargo,
2468 1952 2674 1998 doende
2709 1951 2812 1997 ons
2845 1945 3121 1995 weijnich
3155 1944 3328 1991 dagen

1629 2111 1775 2158 voor
1807 2110 1919 2159 ons
1952 2104 2243 2154 vertreck
2279 2103 2315 2149 t
2349 2100 2568 2148 sijnen
2604 2097 2821 2147 huijse
2856 2090 3073 2141 roepen
3106 2085 3253 2134 naer
3288 2083 3326 2129 —

1625 2239 1844 2287 eenige
1878 2237 2349 2287 gelegentheden
2386 2237 2639 2283 vragen,
2675 2232 2820 2282 doch
2855 2228 2965 2276 van
3000 2221 3327 2273 weijnich—

1613 2366 2011 2417 importantie
2045 2372 2154 2418 als
2190 2372 2298 2418 van
2332 2363 2982 2417 Crijchshandelinge,
3017 2349 3415 2407 nederlantse

1624 2511 1935 2560 manieren,
1968 2513 2414 2560 vermaertheijt
2448 2513 2552 2559 der
2585 2513 2895 2560 volckeren
2928 2507 3032 2557 bij
3064 2498 3204 2550 dese
3235 2489 3410 2541 eeuwe

1615 2653 1692 2701 in
1729 2653 1804 2699 't
1841 2650 2178 2699 hantteren
2215 2647 2328 2694 van
2365 2644 2665 2691 wapenen,
2701 2644 2852 2691 ende
2889 2640 3114 2690 eenige
3149 2629 3413 2683 meduijm

1579 2781 1847 2829 gelijck
1884 2783 2000 2829 bij
2037 2783 2305 2830 memorie
2343 2782 2496 2827 mede
2533 2783 2800 2829 gegeven
2839 2778 3144 2828 versoect
3182 2778 3259 2824 in

1561 2918 1936 2964 toecomende
1972 2916 2049 2963 te
2087 2916 2275 2962 mogen
2312 2916 2650 2963 erlangen,
2684 2906 2800 2960 ons
2837 2899 3062 2948 voorts
3099 2896 3250 2943 naer
3287 2891 3387 2941 de

1503 3050 1779 3097 Japanse
1818 3049 2016 3096 wijse
2051 3043 2528 3093 tracterende,
2567 3031 3080 3087 gedimitteert,
3118 3021 3317 3074 boven

1588 3190 1657 3240 d'
1687 3182 1819 3233 h=rn
1851 3180 1918 3227 't
1950 3177 2245 3226 voorleden
2277 3174 2409 3221 Iaer
2440 3169 2801 3220 schenckagie
2831 3163 3127 3212 ontfangen
3159 3159 3357 3208 hebben

1584 3310 1689 3357 een
1722 3306 1898 3355 twede
1931 3302 2072 3350 leer
2106 3299 2350 3347 meester
2385 3299 2525 3347 ofte
2558 3302 2873 3349 opsiender
2905 3296 3117 3347 vanden
3150 3286 3361 3339 prince

1572 3435 1750 3484 desen
1785 3439 1926 3485 Jare
1962 3430 2351 3485 schenckagie
2385 3428 2634 3477 gedaen,
2668 3432 2845 3479 sodat
2880 3428 3308 3477 seeckerlijck

1560 3559 1928 3607 vertrouwen,
1959 3558 2196 3607 gelijck
2227 3556 2363 3604 uijt
2397 3557 2497 3604 het
2530 3556 2832 3602 verhaelde
2865 3556 2932 3601 en
2966 3552 3171 3601 andere

1571 3694 2026 3743 omstandicheden
2058 3692 2155 3739 mij
2187 3687 2447 3737 bejegent
2479 3686 2609 3732 niet
2641 3686 2836 3732 anders
2867 3683 2965 3730 can
2997 3682 3290 3729 bespeuren
3321 3683 3354 3729 —

1537 3828 1629 3874 off
1660 3828 1721 3873 de
1751 3827 1933 3874 Comp„e
1961 3818 2359 3872 gelegentheijt
2389 3817 2450 3864 is
2481 3819 2663 3865 alhier
2694 3820 2754 3865 in
2785 3819 2967 3865 goeden
2997 3808 3400 3864 verseeckerden

1559 3964 1737 4015 stant
1771 3964 1843 4012 so
1876 3961 2055 4012 lange
2088 3957 2232 4005 geen
2265 3952 2585 4002 onheijlen
2620 3950 2762 3998 ofte
2797 3946 3009 3995 fauten
3045 3945 3258 3992 tegens

1554 4089 1825 4136 keijsers
1859 4084 2097 4134 stricte
2130 4083 2368 4129 geboden
2401 4080 2639 4127 begaen,
2673 4080 2775 4126 dat
2809 4079 2911 4124 ten
2943 4071 3322 4122 principalen

1534 4222 1697 4271 ofte
1737 4221 1858 4266 wel
1899 4221 2060 4268 in't
2099 4222 2342 4269 geheel
2382 4221 2463 4268 de
2503 4218 3028 4268 Christenheijt
3066 4207 3359 4262 betrest

2880 4365 3222 4422 twelcq

774 276 972 339 Julio
1005 267 1127 317 ao.
1164 264 1321 311 1646

1696 858 1970 908 5

2055 561 2294 615 pie

2007 433 2474 490 Jonckem

2442 864 2565 917 -

3010 442 3255 490 164
