3553 4917
341 385 689 435 februarij
725 381 806 430 ao
844 369 1076 425 1646/.

2401 382 2516 433 In
2571 374 2799 424 sedo

513 722 764 773 vrage

494 1819 789 1870 vrage.

486 2180 882 2230 antwoord.

498 625 799 674 antwoort
828 623 874 671 -
911 623 986 668 in
1017 612 1211 668 alles
1248 607 1775 656 volcomentlijck

971 746 1057 794 off
1084 741 1255 789 sulcke
1283 737 1623 787 verlossinghe
1651 733 1793 782 (also
1820 730 1878 777 de
1906 728 2104 776 luijden
2132 726 2218 773 met
2245 726 2472 775 schieten
2501 730 2614 775 ende
2642 727 2812 776 andere
2840 727 3099 778 gepreech„

961 860 1024 905 de
1053 856 1617 903 onbehoorlijckheden
1649 852 1836 901 tegens
1867 850 1930 896 de
1960 849 2180 895 Japanse
2211 849 2399 896 wetten
2428 840 2743 895 gesondicht
2771 825 3025 883 hebbende

961 968 1302 1015 dienvoegende
1330 969 1388 1015 de
1416 969 1530 1016 dood
1558 972 1843 1017 schuldich)
1871 972 1956 1017 ooc
1985 970 2127 1018 hoogh
2155 969 2326 1016 geacht
2355 967 2530 1016 wierde

490 1118 757 1168 antwoord,
786 1113 876 1163 dat
900 1105 1111 1155 'tselve
1140 1104 1230 1151 bij
1258 1105 1318 1150 d'
1346 1104 1407 1150 Ed
1436 1105 1554 1152 heer
1583 1107 1821 1153 Generael
1849 1108 1968 1155 ende
1997 1108 2175 1155 voorts
2204 1105 2588 1154 generalijcken
2617 1107 2765 1153 bijde
2794 1098 3091 1151 nederlants

968 1219 1109 1266 natie
1135 1217 1250 1264 secr
1278 1217 1533 1262 gepresen,
1560 1218 1674 1263 ende
1701 1219 1843 1267 hooch
1871 1221 2182 1268 geextimeert
2209 1224 2323 1270 werd
2350 1224 2435 1271 Jae
2463 1225 2717 1274 zodanigh,
2743 1224 2829 1271 als
2858 1224 2943 1270 off
2968 1220 3056 1268 ge„

966 1336 1151 1384 seijde
1181 1335 1334 1381 thien
1365 1336 1732 1385 nederlanders
1762 1340 1916 1387 reede
1946 1343 2221 1392 gestorven
2252 1347 2375 1392 ende
2404 1347 2588 1393 tleven
2619 1347 2772 1392 weder
2802 1341 3019 1392 gegeven

968 1447 1112 1496 sijn,
1140 1451 1399 1498 derhalven
1427 1453 1628 1501 'tselve
1657 1456 1829 1504 altijt
1858 1459 2117 1507 gedencken
2144 1462 2262 1512 ende
2288 1467 2662 1516 voorsodanighe
2690 1469 2863 1515 groste
2892 1469 3094 1516 weldaar

960 1566 1157 1613 altijt
1188 1566 1518 1615 danckbhaer
1549 1571 1779 1620 blijven
1811 1576 2008 1625 sullen
2038 1578 2172 1628 alzo
2203 1585 2269 1632 in
2302 1587 2662 1635 sonderheijt
2695 1589 2826 1635 daer
2859 1589 2990 1635 uijt

962 1680 1223 1728 bespeuren
1252 1683 1310 1728 de
1338 1683 1514 1731 groote
1541 1687 1890 1734 Eenegensheit
1918 1689 2006 1736 des
2034 1692 2267 1740 klijsers
2295 1694 2470 1741 jegens
2498 1697 2558 1745 de
2582 1699 2847 1747 Nederlant
2874 1702 3088 1763 watie/.

963 1828 1056 1875 off
1086 1827 1180 1874 den
1210 1830 1273 1875 E:
1303 1829 1552 1878 Elscrack
1582 1833 1644 1880 d'
1674 1833 1799 1880 Ed:e
1829 1834 1953 1885 heer
1983 1837 2295 1891 Gouverneur
2324 1847 2572 1897 Generael
2603 1852 2758 1898 selfs
2788 1851 3067 1905 gesproken

974 1930 1141 1981 hadde,
1169 1936 1281 1983 ende
1307 1936 1420 1983 naer
1447 1938 1643 1987 holland
1669 1943 1949 1992 vertrocken
1975 1948 2087 1997 was,
2114 1953 2171 1999 om
2198 1954 2254 2001 de
2281 1956 2644 2014 gelegentheijt
2670 1970 2754 2016 van
2781 1970 2949 2018 nambos

968 2039 1222 2090 gevangenen
1246 2046 1399 2096 aldaer
1423 2051 1576 2101 naeder
1600 2057 1651 2102 te
1676 2057 1931 2109 verthoonen
1954 2065 2057 2114 ende
2081 2070 2234 2120 alsdan
2258 2076 2385 2125 weder
2410 2081 2638 2131 herwaerts
2663 2085 2815 2131 kelken
2840 2086 2967 2132 soude
2991 2088 3049 2139 /.

951 2179 1042 2227 dat
1072 2182 1163 2228 den
1193 2183 1253 2228 E:
1283 2184 1524 2232 elserack
1553 2188 1615 2234 de
1644 2190 1735 2238 d:e
1764 2194 1885 2243 heer
1914 2198 2219 2256 gouverneur
2244 2215 2486 2266 venerael
2515 2221 2697 2267 selrfs
2724 2221 2786 2267 en
2815 2218 3030 2266 persoon

964 2286 1260 2334 gesproocken
1286 2289 1394 2336 ende
1420 2291 1636 2342 bejegent
1660 2298 1822 2347 hadde,
1848 2303 1930 2350 mij
1955 2306 2036 2351 wel
2062 2307 2223 2358 bevust
2250 2313 2357 2360 ende
2383 2315 2624 2364 genoesaem
2651 2318 2919 2365 verseekert
2945 2317 3000 2364 te

964 2397 1099 2444 sijn,
1125 2397 1234 2443 doch
1260 2398 1530 2447 doorsaacke
1555 2403 1636 2450 van
1662 2406 1771 2455 sijn
1796 2411 2012 2463 vertreck
2037 2418 2146 2466 nack
2172 2421 2441 2472 nederland,
2467 2426 2575 2472 ende
2601 2426 2655 2471 't
2682 2425 2983 2473 wederkerken

955 2511 1091 2557 oofte
1117 2512 1253 2560 niet,
1279 2515 1441 2561 Bedels
1468 2516 1549 2561 wij
1575 2516 1793 2566 onbekent
1818 2522 1927 2569 also
1953 2525 2061 2571 doen
2088 2526 2169 2571 ter
2195 2527 2304 2573 tijt
2330 2526 2384 2572 in
2411 2526 2519 2572 siam
2546 2525 2761 2572 wesende,
2788 2526 2869 2572 van
2896 2526 3005 2572 wank

948 2630 1001 2675 d'
1024 2632 1126 2678 Ed:e
1151 2632 1253 2677 gelk
1278 2632 1533 2677 gouverneur
1558 2632 1737 2679 genrael
1761 2634 1838 2680 mij
1863 2635 2066 2685 geroepen
2092 2640 2296 2688 hebbende
2320 2643 2447 2690 vijff
2472 2645 2524 2692 en
2548 2641 2752 2692 twintich
2778 2639 2905 2686 dagen
2929 2632 3014 2683 nae

944 2747 1052 2794 sijn
1077 2750 1185 2796 Ed„e
1211 2750 1345 2796 doots
1371 2749 1426 2795 en
1451 2747 1640 2793 Batavia
1666 2748 1880 2797 gecomen,
1906 2752 2228 2806 dienvoegende
2254 2761 2362 2808 door
2388 2762 2521 2809 ded:e
2548 2762 2709 2807 geeken
2735 2762 2869 2808 raden
2896 2762 2976 2808 van

941 2864 1108 2911 India,
1136 2864 1192 2910 om
1218 2866 1496 2914 dordinarij
1522 2870 1800 2922 reverentie
1827 2878 1993 2926 aenden
2020 2882 2215 2928 keijser
2242 2883 2353 2929 ende
2380 2885 2574 2931 Grooten
2601 2885 2878 2933 mitsgaders
2905 2888 3076 2943 danck„

946 2978 1225 3027 seggingene
1252 2981 1419 3027 wegens
1446 2983 1502 3028 de
1529 2984 1862 3036 verlollinghe
1889 2992 1973 3040 van
1999 2996 2166 3044 nambos
2193 3000 2498 3055 gevangenen,
2523 3009 2581 3056 te
2608 3010 2719 3055 doen
2747 3009 3062 3055 herrewaarts

943 3095 1159 3144 gesonden
1185 3098 1266 3144 was
1293 3099 1482 3148 'twelck
1507 3105 1588 3150 den
1615 3105 1750 3153 tolck
1776 3109 1886 3160 best
1910 3117 2072 3167 dachte
2098 3122 2312 3170 sodanigh
2339 3125 2394 3171 te
2420 3127 2742 3174 beantwoorden

933 3234 1129 3281 wijders
1157 3235 1410 3286 verhaalde
1437 3241 1550 3289 sijn
1578 3245 1690 3292 Ed:e
1718 3247 1803 3293 hoe
1830 3249 1888 3296 op
1914 3252 2084 3304 morgen
2110 3260 2336 3316 munchien
2362 3272 2418 3318 om
2446 3273 2728 3325 reverentie
2752 3278 2811 3326 te
2838 3277 2953 3324 doen

953 3350 1142 3399 voorden
1169 3353 1357 3399 keijser
1384 3354 1520 3401 soude
1545 3357 1843 3413 verschijnen
1867 3369 1949 3416 hoe
1974 3371 2056 3418 wel
2082 3374 2192 3424 noch
2216 3381 2325 3430 niet
2351 3385 2405 3431 al
2431 3386 2485 3431 te
2512 3386 2727 3436 heecken,
2754 3386 2835 3432 mij
2861 3387 3054 3444 evenwel

949 3466 1060 3512 daer
1088 3467 1172 3513 nae
1198 3469 1254 3514 te
1281 3469 1475 3516 schuken
1501 3471 1779 3524 bevelende,
1805 3480 1864 3529 na
1887 3486 2082 3540 genomen
2108 3495 2357 3546 affscheit
2385 3500 2524 3547 deede
2549 3497 2661 3546 sojn
2687 3491 2799 3540 Ed„t
2825 3487 2911 3535 den

935 3585 1083 3633 tolck
1109 3587 1313 3635 wederom
1341 3590 1515 3636 roepen
1544 3591 1630 3637 den
1659 3592 1833 3643 zelven
1861 3598 2153 3653 belastende
2179 3610 2267 3658 den
2294 3614 2584 3667 Gouverneur
2612 3623 2700 3668 sab
2728 3624 3076 3679 roseijmond:r

928 3704 1014 3750 van
1041 3705 1157 3753 onse
1183 3709 1439 3757 antwoorde
1468 3712 1498 3758 /
1524 3715 1895 3771 tonderrichten
1922 3727 2038 3776 ende
2063 3733 2179 3781 sijn
2206 3737 2320 3783 Ed:t
2347 3739 2433 3786 aen
2462 3741 2519 3787 te
2547 3742 2717 3790 zeggen
2746 3743 2831 3789 bij
2859 3737 3059 3788 soverne

927 3830 985 3876 de
1013 3832 1418 3883 Nederlantschen
1445 3837 1736 3888 Cappiteijn
1764 3844 1823 3890 op
1850 3846 2025 3892 morgen
2052 3847 2111 3893 om
2139 3847 2199 3894 de
2226 3850 2516 3899 schemkagie
2540 3852 2601 3901 te
2630 3852 2861 3898 leveren,
2890 3848 3007 3897 ende

929 3961 1218 4008 reverentie
1245 3960 1363 4006 voor
1390 3962 1536 4007 sijne
1563 3963 1766 4010 maijs„t
1795 3965 1853 4010 te
1881 3964 1997 4010 doen
2025 3964 2258 4012 geroepen
2285 3968 2430 4014 werd,
2458 3967 2574 4012 sijn
2600 3964 2804 4012 plaatse
2833 3961 3038 4010 'tgeene

944 4082 999 4127 te
1024 4079 1162 4126 hoove
1188 4074 1542 4125 diesaengaande
1569 4073 1760 4120 noodich
1786 4076 1895 4124 waer
1922 4080 1977 4126 te
2003 4081 2168 4131 nemen,
2193 4085 2303 4132 oeso
2329 4085 2520 4133 vermits
2547 4088 2628 4133 els
2655 4088 2764 4134 kint
2791 4088 2986 4139 sijnder

2340 4291 2695 4348 Maechsen
2738 4286 2917 4337 op/.

123 1305 226 1361 oecken

203 1537 241 1582 e

138 2124 226 2179 elt

136 2220 214 2265 olck

175 2430 207 2475 ge„

146 2816 210 2862 was,

128 3025 206 3071 elve

2835 300 3003 349 631-
