3703 4828
1058 533 1307 584 Juny
1366 518 1625 577 1646

1325 714 1434 769 Bij
1468 713 1964 766 vooraengetogen
1998 720 2281 768 briefken
2317 723 2529 769 vanden
2564 725 2811 772 Coopman
2846 723 3130 770 Crackouw
3164 722 3449 771 vernemen

1417 826 1637 873 eenlijck
1663 829 1718 875 in
1745 830 2129 880 vooraengetogen
2156 835 2293 880 schip
2320 834 2568 882 salmander
2592 837 2649 883 10
2676 837 2841 882 packen
2868 838 3114 885 gebleeckt
3141 840 3334 887 guinees

1422 951 1666 1002 lijnwaet
1696 950 1818 996 ende
1849 948 2184 995 salempouris
2214 948 2337 994 ende
2367 950 2458 996 173
2488 950 2580 996 str
2611 947 2824 995 slaven,
2855 947 2917 994 en
2945 947 3007 995 77
3036 944 3342 994 slavinnen—

1401 1068 1752 1124 Monterende
1786 1067 2032 1114 t'samen
2067 1069 2103 1114 f
2137 1063 2523 1114 4657„10„12„
2556 1056 2804 1107 geladen
2837 1051 3022 1100 heeft

1219 1213 1286 1262 Ag
1313 1204 1382 1254 11
1412 1202 1479 1247 d.
1511 1200 1544 1246 o
1575 1198 1836 1244 becomep.
1867 1197 1900 1242 r
1933 1194 2419 1242 morsulipatainse
2452 1194 2777 1241 pattamaers
2807 1193 3036 1240 Missive
3067 1189 3231 1239 vande

1423 1290 1928 1346 Oppereoopluijden
1959 1291 2022 1336 in
2053 1290 2400 1337 Masulipatam
2432 1291 2558 1336 dato
2589 1291 2652 1336 2.
2683 1290 2747 1336 en
2777 1288 2936 1335 Junij
2966 1287 3219 1335 dienende
3250 1287 3345 1333 ten
3376 1287 3408 1332 —

1416 1392 1786 1441 principaelen
1816 1394 1908 1440 tot
1939 1395 2277 1442 accompagnie
2308 1397 2400 1442 van
2430 1396 2492 1442 't
2523 1395 2739 1441 extract
2768 1391 2861 1438 der
2891 1390 3107 1436 Negosie
3137 1387 3353 1435 boecken
3383 1387 3415 1433 —

1424 1508 1507 1554 van
1534 1507 1617 1553 dat
1645 1507 1866 1553 Comptoir
1893 1506 2005 1553 ende
2032 1506 2336 1551 dependentie
2364 1506 2447 1552 van
2474 1507 2613 1553 dien,
2640 1504 2889 1553 adviseren
2916 1501 3138 1548 eenlijck
3165 1499 3359 1546 daerbij
3385 1499 3418 1547 —

1418 1622 1590 1668 overd'
1618 1621 1704 1667 400
1733 1617 1905 1666 packen
1933 1617 2105 1663 Cleden
2133 1617 2191 1663 in
2220 1616 2391 1662 Corten
2419 1613 2621 1661 stonden
2648 1612 2878 1660 veerdigh
2905 1612 2964 1658 t'
2992 1609 3165 1658 hebben

1198 1765 1258 1811 Ao
1285 1760 1378 1809 12„
1406 1758 1497 1804 13„
1523 1755 1586 1803 en
1616 1755 1676 1800 14
1705 1754 1765 1800 d.
1795 1754 1825 1799 o
1853 1751 1975 1799 niet
2004 1748 2394 1796 remarcquabels
2422 1748 2781 1795 Voorgevallen
2810 1748 2845 1796 —

1175 1957 1242 2011 Af
1265 1941 1392 1997 15d.
1418 1936 1452 1983 o
1482 1930 1755 1979 vertrecgt
1784 1929 1876 1975 van
1906 1928 2028 1974 dees
2058 1926 2210 1973 Ehsde
2240 1926 2361 1972 naer
2391 1926 2725 1973 masulipatan
2754 1927 2816 1974 't
2845 1928 2998 1975 schip
3028 1930 3119 1976 Een
3149 1929 3422 1978 salmander

1401 2047 1551 2099 synde
1579 2044 1786 2091 beladen
1814 2043 1903 2089 met
1933 2042 1992 2088 20
2020 2040 2197 2087 cassen
2227 2040 2461 2090 waerjnne
2491 2045 2609 2091 3200
2638 2046 2902 2093 pampieren
2931 2044 3138 2091 Chinees
3166 2045 3435 2097 goudraedt

1407 2162 1527 2214 ende
1555 2160 1615 2206 16
1643 2156 1703 2204 d.
1732 2155 1761 2200 o
1791 2155 1879 2200 met
1907 2153 2202 2200 roosewater
2230 2155 2406 2201 nevens
2435 2156 2553 2203 dien
2582 2158 2699 2205 noch
2728 2159 2787 2205 30
2817 2156 2993 2205 kisten
3022 2155 3110 2201 met
3138 2153 3345 2202 sappans

1389 2274 1788 2331 schuyjdtsilver
1815 2271 1930 2319 omme
1958 2270 2158 2316 daeruyt
2186 2271 2357 2317 aldaer
2385 2272 2442 2318 in
2470 2271 2641 2317 handen
2669 2270 2840 2316 vanden
2868 2267 3124 2314 moerschen
3153 2265 3437 2312 Gouverneur

1409 2395 1742 2449 Miersaidalij
1768 2394 1825 2441 te
1852 2392 2047 2439 voldoen
2073 2393 2129 2438 20
2156 2392 2184 2437 O
2212 2392 2378 2439 nieuwe
2405 2394 2627 2443 pagoden,
2654 2395 2737 2443 bij
2765 2395 2848 2441 ons
2875 2396 3041 2442 alhier
3069 2397 3125 2443 op
3151 2397 3401 2446 leveringe

1403 2521 1491 2569 van
1519 2520 1606 2566 dat
1634 2516 1867 2564 minerael
1895 2514 2186 2561 ontfangen,
2212 2515 2358 2562 synde
2386 2516 2444 2561 d'
2471 2512 2561 2561 120
2589 2513 2764 2558 Nieuwe
2791 2515 2878 2561 tot
2906 2515 2993 2561 100
3022 2514 3139 2560 oude
3167 2515 3282 2560 pago
3310 2514 3400 2561 den

1395 2637 1509 2683 ende
1537 2638 1594 2683 't
1621 2637 1850 2683 Ceerofte
1877 2639 1906 2684 9
1934 2634 2020 2683 2/2
2047 2632 2190 2678 tonce
2218 2629 2388 2677 silver
2416 2629 2502 2675 tot
2528 2625 2587 2672 4¼
2614 2625 2728 2673 oude
2756 2627 2955 2673 pagoten
2984 2627 3382 2678 gecontracteert

1366 2761 1462 2810 met
1493 2754 1653 2804 ordre
1684 2750 1813 2799 ende
1844 2744 2260 2795 recommandatie
2292 2743 2452 2790 aende
2482 2744 2995 2793 apverwoopluijden
3026 2748 3090 2793 W.
3122 2748 3154 2793 e
3186 2747 3381 2795 pieter

1372 2885 1515 2940 Sijme
1542 2880 1656 2929 ende
1683 2875 1824 2924 Iacob
1849 2872 2048 2919 Sumnus,
2075 2869 2216 2917 alled
2244 2868 2412 2914 gerede
2441 2868 2637 2913 Cleeden
2665 2867 2834 2913 Iudigo
2861 2864 3086 2911 salpeter
3112 2862 3228 2908 hijs
3253 2864 3283 2910 —

1383 2999 1622 3053 pauteecke
1648 2994 1886 3044 balcquen,
1913 2994 2018 3039 ende
2044 2992 2257 3039 palmeros
2283 2993 2442 3038 aldaer
2468 2993 2574 3039 in't
2600 2993 2732 3038 selve
2759 2993 2891 3038 schip
2918 2992 2997 3038 soo
3023 2990 3156 3037 hasch
3181 2983 3448 3034 doenelijck

1392 3123 1458 3171 af
1488 3120 1555 3166 te
1586 3110 1879 3163 scheepen,
1910 3108 2041 3155 ende
2070 3107 2332 3155 daermede
2364 3107 2818 3155 wederherwaerds
2849 3105 2915 3152 te
2947 3105 3110 3151 laten
3140 3104 3336 3153 keeren
3360 3098 3400 3148 —

1385 3235 1505 3286 omme
1533 3232 1622 3279 van
1650 3230 1768 3277 hier
1797 3227 1886 3275 met
1914 3226 1974 3273 't
2002 3227 2119 3273 gene
2148 3227 2236 3273 ons
2266 3227 2646 3274 middelerwijle
2675 3229 2793 3275 oocq
2821 3227 2910 3274 toe
2939 3226 2997 3271 te
3026 3222 3261 3270 vloeyjen
3288 3214 3437 3267 stael

1391 3343 1505 3391 naer
1534 3345 1648 3391 Bat.
1675 3346 1704 3392 a
1731 3344 2072 3391 gedemitteert
2100 3344 2157 3389 te
2185 3344 2383 3391 werden,
2411 3346 2497 3392 den
2525 3347 2723 3393 almogen
2751 3348 2978 3395 geleijde
3006 3349 3063 3394 't
3091 3341 3406 3393 meergemelte

1377 3474 1524 3520 schip
1552 3474 1787 3520 spoedich
1816 3472 1992 3518 aldaer
2022 3471 2080 3517 en
2109 3469 2256 3515 weder
2285 3468 2579 3516 herwaerdts
2608 3470 2667 3517 In
2695 3469 2847 3516 salvo

1131 3630 1195 3677 An
1221 3623 1287 3672 16
1317 3619 1411 3667 tot
1440 3616 1503 3663 25
1533 3614 1627 3660 d.o
1656 3613 1782 3659 niet
1812 3613 2154 3661 sonderengls
2184 3617 2590 3669 voorgevallert

1133 3776 1193 3821 On
1222 3771 1313 3820 26„
1341 3767 1403 3815 d.
1431 3763 1463 3811 o
1492 3756 1672 3805 become
1701 3756 1912 3803 missive
1941 3758 2061 3805 uijt
2091 3760 2151 3805 d'
2180 3759 2331 3805 Thede
2360 3761 2481 3808 voor
2510 3764 2839 3814 tegenepatam
2868 3768 3049 3813 vanden
3078 3769 3458 3816 OnderCoopman

1392 3855 1633 3907 Cornelis
1662 3855 1752 3901 van
1782 3855 2111 3903 quaelbergen
2140 3856 2411 3903 gedateert
2439 3859 2501 3904 2.
2528 3861 2560 3908 0
2588 3863 2738 3909 Junio
2765 3861 2948 3909 dienen
2977 3862 3067 3907 ter
3096 3860 3426 3908 principaele

1387 3964 1481 4012 tot
1511 3960 1854 4008 accompagnie
1885 3959 1979 4005 Van
2010 3958 2228 4004 seecker
2259 3959 2509 4007 Briefken
2540 3963 2665 4010 door
2695 3963 2914 4010 Churina
2945 3963 3163 4011 Chirtij
3193 3950 3443 4007 Maleije.

1377 4070 1576 4124 aenden
1608 4067 1935 4114 gouverneur
1968 4067 2164 4112 Arnold
2196 4066 2427 4114 Heussen
2459 4070 2819 4118 gecarteert,
2852 4070 3212 4118 mitsgaders.
3244 4068 3343 4115 tot
3372 4066 3408 4111 —

1379 4171 1561 4224 advijs
1590 4169 1680 4215 dat
1709 4169 1799 4216 met
1829 4171 1889 4217 't
1918 4171 2068 4217 Jacht
2097 4171 2455 4218 grijvskercke
2485 4172 2576 4220 den
2602 4173 2664 4221 18
2693 4173 2843 4221 deser
2871 4175 2962 4221 ter
2991 4167 3379 4220 regenepatanse
