<?xml version="1.0" encoding="UTF-8"?>
<PcGts xmlns="http://schema.primaresearch.org/PAGE/gts/pagecontent/2013-07-15">
  <Metadata externalRef="82136bee-c2ff-4e5f-b63b-d202a76518c9">
    <Creator>Laypa</Creator>
    <Created>2023-09-08T02:21:09</Created>
    <LastChange>2023-09-08T03:38:12</LastChange>
    <Comment>license: CC0</Comment>
    <MetadataItem type="processingStep" name="layout-analysis" value="laypa">
      <Labels>
        <Label value="228a7d24385cff0e51687c00d0e65a2c2a9703d5" type="githash"/>
        <Label value="61334eb4-edff-4af5-b036-b5927f35bbcf" type="uuid"/>
        <Label value="https://hdl.handle.net/10622/VMSCBR" type="laypamodelremote"/>
      </Labels>
    </MetadataItem>
    <MetadataItem type="processingStep" name="region-analysis" value="laypa">
      <Labels>
        <Label value="0a3442b4-835c-44bc-9115-3fd08263a5dc" type="uuid"/>
        <Label value="https://hdl.handle.net/10622/DMAS2T" type="laypamodelremote"/>
      </Labels>
    </MetadataItem>
    <MetadataItem type="processingStep" name="htr" value="loghi-htr">
      <Labels>
        <Label value="9efb3e0ff4338dc6e07d110ac4d435f27f5b0e16&#10;" type="githash"/>
        <Label value="3a9bdaa3-493c-483e-bbb2-f51961b8e5a0" type="uuid"/>
        <Label value="64" type="batch_size"/>
        <Label value="https://hdl.handle.net/10622/X2JZYY" type="loghihtrmodelremote"/>
      </Labels>
    </MetadataItem>
    <MetadataItem type="processingStep" name="word-splitting" value="loghi-htr-tooling"/>
    <MetadataItem type="other" name="dataset" value="https://hdl.handle.net/10622/LVXSBW">
      <Labels>
        <Label value="VOC transcriptions v2 - GLOBALISE" type="name"/>
        <Label value="Dataset in pagexml and txt format, including data card." type="description"/>
        <Label value="https://globalise.huygens.knaw.nl/" type="creator"/>
        <Label value="https://hdl.handle.net/10622/LVXSBW" type="url"/>
      </Labels>
    </MetadataItem>
  </Metadata>
  <Page imageFilename="NL-HaNA_1.04.02_1161_0278.jpg" imageWidth="3560" imageHeight="4937">
    <ReadingOrder>
      <OrderedGroup id="orderedgroup_abba711f-8c34-4cb8-896f-f7907faaf14c">
        <RegionRefIndexed index="0" regionRef="region_383eb864-add2-4f4f-9f76-ce5904eab3b5_3"/>
        <RegionRefIndexed index="1" regionRef="region_58dff836-e64b-4f2a-9e1c-229da119ef92_1"/>
        <RegionRefIndexed index="2" regionRef="region_28ecdc69-2aa1-4eaf-b5c4-5baaa5d1bd5b_2"/>
        <RegionRefIndexed index="3" regionRef="region_024f8c65-92f0-4d9e-84d3-633e9955763b"/>
        <RegionRefIndexed index="4" regionRef="f042af74-1235-4f3c-a992-e39d2f7fb09c"/>
      </OrderedGroup>
    </ReadingOrder>
    <TextRegion id="region_383eb864-add2-4f4f-9f76-ce5904eab3b5_3" custom="structure {type:header;}">
      <Coords points="1112,431 1112,438 1116,442 1119,442 1123,445 1126,445 1130,449 1133,449 1137,452 1144,452 1147,455 1151,455 1154,459 1158,459 1161,462 1175,462 1179,466 1192,466 1196,469 1213,469 1217,473 1227,473 1231,476 1252,476 1255,480 1269,480 1272,483 1304,483 1307,487 1338,487 1342,483 1380,483 1384,480 1391,480 1394,476 1401,476 1405,473 1408,473 1411,469 1415,469 1418,466 1422,466 1425,462 1425,452 1429,449 1429,445 1432,442 1432,435 1429,435 1425,431 1422,431 1408,417 1405,417 1398,410 1394,410 1387,403 1384,403 1380,400 1366,400 1363,396 1356,396 1352,393 1338,393 1335,389 1314,389 1311,386 1304,386 1300,382 1297,382 1293,379 1283,379 1279,375 1272,375 1269,372 1241,372 1234,365 1234,358 1238,355 1220,337 1220,330 1210,320 1210,316 1206,313 1206,309 1199,302 1182,302 1179,306 1172,306 1168,309 1161,309 1158,313 1154,313 1154,323 1151,327 1151,330 1144,337 1144,344 1140,348 1140,355 1147,362 1147,372 1144,375 1144,379 1140,382 1140,386 1137,389 1137,393 1126,403 1123,403 1119,407 1119,410 1130,421 1126,424 1123,424 1119,428 1116,428"/>
      <TextLine id="line_2ace5791-a4dd-439a-bda3-7359c92eedef">
        <Coords points="862,355 993,359 1015,351 1127,351 1159,359 1256,359 1283,380 1428,379 1467,418 1467,502 932,508 913,517 862,485"/>
        <Baseline points="903,478 953,477 1003,476 1053,474 1103,472 1153,472 1203,471 1253,471 1303,472 1353,474 1403,477 1427,481"/>
        <Word id="word_fc29e91c-7919-4280-94c9-5661e8c91a55">
          <Coords points="902,443 952,442 1002,441 1052,439 1089,438 1091,483 1053,484 1003,486 953,487 903,488"/>
          <TextEquiv>
            <Unicode>Julio</Unicode>
          </TextEquiv>
        </Word>
        <Word id="word_ca76a84c-a288-416a-9147-ce8659e67150">
          <Coords points="1129,436 1154,437 1202,436 1240,436 1240,481 1203,481 1153,482 1127,481"/>
          <TextEquiv>
            <Unicode>ao.</Unicode>
          </TextEquiv>
        </Word>
        <Word id="word_ce3dc5fc-ce25-45f7-831d-45ae2366b315">
          <Coords points="1279,436 1304,437 1354,439 1405,442 1433,446 1425,491 1402,487 1353,484 1303,482 1277,481"/>
          <TextEquiv>
            <Unicode>1646</Unicode>
          </TextEquiv>
        </Word>
        <TextEquiv conf="0.7422209222476914">
          <Unicode>Julio ao. 1646</Unicode>
        </TextEquiv>
        <TextStyle xHeight="57"/>
      </TextLine>
    </TextRegion>
    <TextRegion id="region_58dff836-e64b-4f2a-9e1c-229da119ef92_1" custom="structure {type:paragraph;}">
      <Coords points="1192,612 1168,643 1158,727 1168,782 1158,949 1172,1071 1165,1363 1196,1446 1154,1492 1039,1509 1026,1533 1158,1578 1172,1693 1175,1947 1140,2017 1168,2069 1172,2246 1196,2399 1189,2451 1130,2538 1154,2580 1172,2799 1168,3226 1186,3678 1172,3995 1199,4075 1234,4103 1398,4078 3226,4103 3338,4092 3358,4023 3365,3890 3355,3685 3327,3518 3341,3150 3331,2681 3348,2482 3306,2462 3125,2479 2454,2468 2002,2493 1731,2458 1700,2441 1992,2409 2270,2416 2322,2385 2357,2322 2406,2305 2813,2295 3205,2309 3331,2281 3338,2243 3313,2114 3331,1989 3306,1954 3202,1971 2541,1978 1881,1937 1808,1919 1794,1898 1839,1829 1867,1815 2222,1797 3205,1811 3303,1791 3320,1756 3303,1665 3303,1498 3289,1481 3080,1488 2788,1460 2371,1467 2232,1460 2183,1439 2218,1408 2222,1342 2295,1318 2639,1307 3202,1321 3327,1297 3351,1182 3348,939 3365,855 3351,674 3289,629 3122,640 2538,612"/>
      <TextLine id="line_9fff0608-3b3c-43ee-80d4-ef11880e2bd2">
        <Coords points="1131,545 3258,553 3326,616 3379,613 3379,695 3370,699 3174,699 3158,715 2799,715 2732,781 2718,785 2708,777 2575,769 2535,745 2479,745 2359,687 1944,684 1912,715 1884,727 1644,727 1584,706 1131,706"/>
        <Baseline points="1172,676 1222,679 1272,677 1322,675 1372,674 1422,674 1472,674 1522,674 1572,674 1622,673 1672,673 1722,672 1772,672 1822,671 1872,670 1922,671 1972,671 2022,671 2072,672 2122,673 2172,674 2222,677 2272,676 2322,675 2372,677 2422,679 2472,680 2522,679 2572,678 2622,679 2672,680 2722,680 2772,681 2822,682 2872,684 2922,684 2972,684 3022,683 3072,685 3122,684 3172,682 3222,681 3272,679 3322,679 3339,675"/>
        <Word id="word_963f5a9e-9de2-4702-afce-d29873933bcb">
          <Coords points="1174,641 1224,644 1271,642 1321,640 1371,639 1395,639 1395,684 1372,684 1322,685 1272,687 1221,689 1171,686"/>
          <TextEquiv>
            <Unicode>vandaer</Unicode>
          </TextEquiv>
        </Word>
        <Word id="word_e67e8cb5-d534-4d34-ace5-349e81a992ca">
          <Coords points="1427,639 1472,639 1522,639 1523,639 1523,684 1522,684 1472,684 1427,684"/>
          <TextEquiv>
            <Unicode>soo</Unicode>
          </TextEquiv>
        </Word>
        <Word id="word_bd0d4039-85f6-424a-8d34-6ce6ad3508fe">
          <Coords points="1554,639 1572,639 1621,638 1672,638 1681,638 1682,683 1672,683 1622,683 1572,684 1554,684"/>
          <TextEquiv>
            <Unicode>veel</Unicode>
          </TextEquiv>
        </Word>
        <Word id="word_88a502c2-dd36-4655-9e97-ebb7e4dcf639">
          <Coords points="1713,637 1721,637 1772,637 1821,636 1871,635 1923,636 1937,636 1937,681 1922,681 1872,680 1822,681 1772,682 1722,682 1714,682"/>
          <TextEquiv>
            <Unicode>stoffen</Unicode>
          </TextEquiv>
        </Word>
        <Word id="word_9ee1652a-e196-47b6-b5db-ce9b7dac07c1">
          <Coords points="1969,636 1972,636 2022,636 2073,637 2097,637 2096,682 2072,682 2022,681 1972,681 1969,681"/>
          <TextEquiv>
            <Unicode>ende</Unicode>
          </TextEquiv>
        </Word>
        <Word id="word_39e1b39a-9ea0-420b-a4da-9ec5acd3b489">
          <Coords points="2129,638 2173,639 2224,642 2271,641 2287,641 2288,686 2272,686 2221,687 2172,684 2128,683"/>
          <TextEquiv>
            <Unicode>sijde</Unicode>
          </TextEquiv>
        </Word>
        <Word id="word_cc73572d-c73d-47a0-ac61-cad196c17c10">
          <Coords points="2319,640 2321,640 2373,642 2385,642 2383,687 2372,687 2322,685 2320,685"/>
          <TextEquiv>
            <Unicode>te</Unicode>
          </TextEquiv>
        </Word>
        <Word id="word_bf545c01-5ac0-4663-90fa-384e2d949289">
          <Coords points="2416,644 2423,644 2473,645 2521,644 2571,643 2575,643 2574,688 2572,688 2522,689 2472,690 2422,689 2415,689"/>
          <TextEquiv>
            <Unicode>laten</Unicode>
          </TextEquiv>
        </Word>
        <Word id="word_876eb63c-faca-4200-8e27-ea133c50e31e">
          <Coords points="2607,644 2623,644 2673,645 2722,645 2773,646 2823,647 2863,649 2861,694 2822,692 2772,691 2722,690 2672,690 2622,689 2606,689"/>
          <TextEquiv>
            <Unicode>opcoopen</Unicode>
          </TextEquiv>
        </Word>
        <Word id="word_72e038ae-e721-4ff3-a36a-0b132d27024e">
          <Coords points="2892,650 2921,649 2972,649 2988,649 2989,694 2972,694 2922,694 2894,695"/>
          <TextEquiv>
            <Unicode>als</Unicode>
          </TextEquiv>
        </Word>
        <Word id="word_b8ddd104-4bbe-4e25-9d97-16e5cff78faf">
          <Coords points="3020,648 3021,648 3073,650 3121,649 3171,647 3221,646 3271,644 3276,644 3276,689 3272,689 3222,691 3172,692 3122,694 3072,695 3022,693 3021,693"/>
          <TextEquiv>
            <Unicode>mogelijk</Unicode>
          </TextEquiv>
        </Word>
        <Word id="word_5473fb1b-8c46-4b3b-9f63-bd2b075e7e40">
          <Coords points="3308,644 3322,644 3331,641 3341,685 3322,689 3308,689"/>
          <TextEquiv>
            <Unicode>t</Unicode>
          </TextEquiv>
        </Word>
        <TextEquiv conf="0.8643095445555588">
          <Unicode>vandaer soo veel stoffen ende sijde te laten opcoopen als mogelijk t</Unicode>
        </TextEquiv>
        <TextStyle xHeight="56"/>
      </TextLine>
      <TextLine id="ef76d284-77e3-45ad-9e7a-0709356a956c">
        <Coords points="1120,706 1586,706 1642,727 1882,727 1910,715 1942,684 2357,687 2381,702 2628,702 2641,715 2665,718 2717,755 2749,755 2785,722 2997,722 3005,730 3089,730 3109,750 3382,752 3382,835 3349,832 3309,844 2949,847 2923,863 2873,831 2130,827 2121,836 1666,836 1650,823 1474,823 1446,848 1250,848 1222,847 1175,820 1120,820"/>
        <Baseline points="1161,812 1211,809 1261,808 1311,805 1361,802 1411,800 1461,799 1511,797 1561,796 1611,796 1661,795 1711,794 1761,794 1811,794 1861,794 1911,795 1961,796 2011,796 2061,796 2111,797 2161,798 2211,799 2261,799 2311,799 2361,799 2411,799 2461,801 2511,801 2561,803 2611,805 2661,806 2711,808 2761,811 2811,812 2861,811 2911,812 2961,813 3011,814 3061,814 3111,815 3161,815 3211,813 3261,812 3311,815 3342,815"/>
        <Word id="word_d453323a-d089-44e7-a1ad-7fd23187f054">
          <Coords points="1159,777 1209,774 1260,773 1283,772 1286,817 1261,818 1212,819 1162,822"/>
          <TextEquiv>
            <Unicode>doen</Unicode>
          </TextEquiv>
        </Word>
        <Word id="word_88b23632-46e0-4b6d-ba87-e3db9a0b7c8b">
          <Coords points="1315,770 1359,767 1410,765 1460,764 1510,762 1560,761 1611,761 1659,760 1660,805 1611,806 1561,806 1511,807 1461,809 1411,810 1362,812 1317,815"/>
          <TextEquiv>
            <Unicode>wesensoude:</Unicode>
          </TextEquiv>
        </Word>
        <Word id="word_ed1c2659-69a7-4fa6-b819-789457d7863b">
          <Coords points="1690,759 1710,759 1761,759 1811,759 1861,759 1912,760 1962,761 2002,761 2002,806 1961,806 1911,805 1861,804 1811,804 1761,804 1711,804 1691,804"/>
          <TextEquiv>
            <Unicode>mitsgaders</Unicode>
          </TextEquiv>
        </Word>
        <Word id="word_d396e044-714d-405c-9914-1baafb9df769">
          <Coords points="2033,761 2061,761 2112,762 2128,762 2127,807 2111,807 2061,806 2033,806"/>
          <TextEquiv>
            <Unicode>ten</Unicode>
          </TextEquiv>
        </Word>
        <Word id="word_fef282e1-369b-4d55-8d49-817ebfd64e67">
          <Coords points="2159,763 2162,763 2212,764 2261,764 2311,764 2361,764 2411,764 2440,765 2438,810 2411,809 2361,809 2311,809 2261,809 2211,809 2161,808 2158,808"/>
          <TextEquiv>
            <Unicode>dieneynde</Unicode>
          </TextEquiv>
        </Word>
        <Word id="word_0bd919b6-5f79-4a25-b116-1883097090fd">
          <Coords points="2469,766 2511,766 2562,768 2596,769 2594,814 2561,813 2511,811 2470,811"/>
          <TextEquiv>
            <Unicode>voor</Unicode>
          </TextEquiv>
        </Word>
        <Word id="word_1cfeecd5-7016-4014-8995-42ada547399f">
          <Coords points="2626,771 2661,771 2712,773 2763,776 2812,777 2860,776 2906,777 2906,822 2861,821 2811,822 2760,821 2711,818 2661,816 2625,816"/>
          <TextEquiv>
            <Unicode>doverblyk</Unicode>
          </TextEquiv>
        </Word>
        <Word id="word_4ff362c5-b456-4041-98e3-57d8de2ba63c">
          <Coords points="2938,778 2962,778 3012,779 3061,779 3062,779 3061,824 3061,824 3011,824 2961,823 2937,823"/>
          <TextEquiv>
            <Unicode>ende</Unicode>
          </TextEquiv>
        </Word>
        <Word id="word_34cf5736-e94a-41f4-ab75-ef41c654419a">
          <Coords points="3093,780 3112,780 3161,780 3210,778 3260,777 3313,780 3342,780 3342,825 3310,825 3261,822 3211,823 3161,825 3111,825 3093,825"/>
          <TextEquiv>
            <Unicode>Chinesen</Unicode>
          </TextEquiv>
        </Word>
        <TextEquiv conf="0.8667931999521223">
          <Unicode>doen wesensoude: mitsgaders ten dieneynde voor doverblyk ende Chinesen</Unicode>
        </TextEquiv>
        <TextStyle xHeight="46"/>
      </TextLine>
      <TextLine id="line_4ae7f04b-d688-4539-9fea-19487bb5befd">
        <Coords points="1090,820 1173,820 1236,851 1440,851 1476,823 1648,823 1664,836 2120,836 2132,827 2871,831 2923,862 2943,847 2979,846 3011,875 3384,875 3384,958 3359,932 3343,948 3203,948 3163,984 3139,992 2743,984 2723,975 2692,944 2499,944 2391,948 2310,1027 2298,1016 2259,1015 2243,1003 2152,999 2136,983 1412,983 1364,1028 1322,1028 1287,1048 1268,1047 1240,1031 1208,999 1090,1004"/>
        <Baseline points="1131,938 1181,933 1231,930 1281,929 1331,926 1381,924 1431,921 1481,920 1531,918 1581,918 1631,917 1681,916 1731,917 1781,916 1831,915 1881,915 1931,915 1981,915 2031,915 2081,914 2131,915 2181,915 2231,916 2281,917 2331,917 2381,918 2431,919 2481,920 2531,921 2581,922 2631,925 2681,926 2731,927 2781,928 2831,930 2881,932 2931,932 2981,933 3031,935 3081,937 3131,938 3181,940 3231,940 3281,939 3331,939 3344,938"/>
        <Word id="word_701f2f4f-796e-4300-a110-686a2b940dc2">
          <Coords points="1128,903 1178,898 1229,895 1280,894 1281,939 1232,940 1182,943 1132,948"/>
          <TextEquiv>
            <Unicode>Inde</Unicode>
          </TextEquiv>
        </Word>
        <Word id="word_a04d0bb0-bd99-46a8-ae16-b272ffbfa571">
          <Coords points="1312,894 1325,892 1380,889 1429,886 1480,885 1530,883 1543,883 1543,928 1531,928 1481,930 1432,931 1381,934 1333,936 1320,938"/>
          <TextEquiv>
            <Unicode>groote</Unicode>
          </TextEquiv>
        </Word>
        <Word id="word_5ebc49f0-f5b0-4166-92e5-5f43fc3649b8">
          <Coords points="1581,883 1581,883 1630,882 1680,881 1732,882 1780,881 1805,881 1806,926 1781,926 1731,927 1681,926 1631,927 1581,928 1581,928"/>
          <TextEquiv>
            <Unicode>Stoffe</Unicode>
          </TextEquiv>
        </Word>
        <Word id="word_5cfda0a9-a9a8-4576-8e8d-781209be46a7">
          <Coords points="1843,880 1881,880 1931,880 1981,880 2031,880 2068,879 2069,924 2031,925 1981,925 1931,925 1881,925 1843,925"/>
          <TextEquiv>
            <Unicode>straet</Unicode>
          </TextEquiv>
        </Word>
        <Word id="word_19054a79-16dd-4d0b-88b0-1bcea13f4819">
          <Coords points="2108,879 2133,880 2181,880 2219,881 2218,926 2181,925 2130,925 2105,923"/>
          <TextEquiv>
            <Unicode>een</Unicode>
          </TextEquiv>
        </Word>
        <Word id="word_bbb917f8-5c85-4900-a2a4-aa11efbe3b60">
          <Coords points="2257,882 2282,882 2331,882 2382,883 2407,884 2406,928 2381,928 2331,927 2281,927 2256,926"/>
          <TextEquiv>
            <Unicode>huys</Unicode>
          </TextEquiv>
        </Word>
        <Word id="word_1277143e-ce56-499b-9cda-26a373b32139">
          <Coords points="2444,884 2482,885 2532,886 2582,887 2633,890 2682,891 2732,892 2782,893 2832,895 2858,896 2856,941 2831,940 2781,938 2731,937 2681,936 2630,935 2581,932 2531,931 2481,930 2443,929"/>
          <TextEquiv>
            <Unicode>latenbouwen</Unicode>
          </TextEquiv>
        </Word>
        <Word id="word_4307e350-feee-44bc-a525-139869899f9a">
          <Coords points="2893,898 2931,897 2982,898 3032,900 3045,901 3043,946 3031,945 2981,943 2931,942 2894,943"/>
          <TextEquiv>
            <Unicode>omde</Unicode>
          </TextEquiv>
        </Word>
        <Word id="word_3ff8970c-3a63-493b-ac24-c7cb5496a968">
          <Coords points="3082,902 3132,903 3182,905 3231,905 3280,904 3331,904 3341,903 3345,948 3331,949 3281,949 3231,950 3181,950 3131,948 3081,947"/>
          <TextEquiv>
            <Unicode>negotie</Unicode>
          </TextEquiv>
        </Word>
        <TextEquiv conf="0.9073645476021522">
          <Unicode>Inde groote Stoffe straet een huys latenbouwen omde negotie</Unicode>
        </TextEquiv>
        <TextStyle xHeight="53"/>
      </TextLine>
      <TextLine id="aaccb187-a224-4ef5-b0c3-e63564bc1b2e">
        <Coords points="1127,986 1304,986 1361,1030 1425,970 1753,970 1777,962 1805,937 2197,937 2268,970 2364,970 2396,941 2680,937 2764,1001 2867,1006 2876,997 3333,999 3333,1082 3293,1085 2380,1085 2360,1093 2129,1093 2074,1066 1305,1070 1298,1077 1245,1070 1228,1085 1127,1084"/>
        <Baseline points="1168,1064 1218,1064 1268,1063 1318,1061 1368,1057 1418,1056 1468,1052 1518,1049 1568,1047 1618,1046 1668,1045 1718,1045 1768,1045 1818,1044 1868,1042 1918,1041 1968,1041 2018,1040 2068,1040 2118,1041 2168,1043 2218,1044 2268,1045 2318,1047 2368,1047 2418,1047 2468,1046 2518,1047 2568,1048 2618,1049 2668,1050 2718,1052 2768,1053 2818,1054 2868,1055 2918,1055 2968,1057 3018,1058 3068,1059 3118,1060 3168,1062 3218,1062 3268,1061 3293,1062"/>
        <Word id="word_bb582c36-9e3f-4874-9be6-cc483d8926a9">
          <Coords points="1168,1029 1218,1029 1237,1029 1238,1074 1218,1074 1168,1074"/>
          <TextEquiv>
            <Unicode>in</Unicode>
          </TextEquiv>
        </Word>
        <Word id="word_be04d60f-f00f-4fb4-ad13-bb4457930c51">
          <Coords points="1271,1028 1317,1026 1365,1022 1417,1021 1465,1017 1516,1014 1567,1012 1617,1011 1655,1010 1656,1055 1618,1056 1568,1057 1519,1059 1469,1062 1418,1066 1369,1067 1318,1071 1273,1073"/>
          <TextEquiv>
            <Unicode>t'exerceren</Unicode>
          </TextEquiv>
        </Word>
        <Word id="word_731b6213-86c8-4662-9a58-956d2bb6228c">
          <Coords points="1691,1010 1719,1010 1768,1010 1817,1009 1828,1009 1830,1054 1818,1054 1768,1055 1718,1055 1690,1055"/>
          <TextEquiv>
            <Unicode>ende</Unicode>
          </TextEquiv>
        </Word>
        <Word id="word_85a91b13-9158-4174-9cd9-96f99bede931">
          <Coords points="1863,1007 1867,1007 1917,1006 1968,1006 2017,1005 2068,1005 2109,1006 2108,1051 2068,1050 2018,1050 1968,1051 1918,1051 1868,1052 1865,1052"/>
          <TextEquiv>
            <Unicode>voorhun</Unicode>
          </TextEquiv>
        </Word>
        <Word id="word_545abd96-ecf6-4816-8bb5-383d83320a5d">
          <Coords points="2145,1007 2170,1008 2219,1009 2269,1010 2319,1012 2368,1012 2418,1012 2456,1011 2457,1056 2418,1057 2368,1057 2318,1057 2268,1055 2218,1054 2167,1053 2143,1051"/>
          <TextEquiv>
            <Unicode>levendigh</Unicode>
          </TextEquiv>
        </Word>
        <Word id="word_e0751490-c82b-46e5-a7f1-2142535e347d">
          <Coords points="2494,1011 2520,1012 2562,1013 2561,1058 2517,1057 2491,1056"/>
          <TextEquiv>
            <Unicode>te</Unicode>
          </TextEquiv>
        </Word>
        <Word id="word_21cb1ae2-6c87-47fe-909e-bafb9a011cbb">
          <Coords points="2597,1014 2619,1014 2669,1015 2719,1017 2769,1018 2806,1019 2805,1064 2768,1063 2718,1062 2668,1060 2618,1059 2596,1059"/>
          <TextEquiv>
            <Unicode>houden</Unicode>
          </TextEquiv>
        </Word>
        <Word id="word_2c9da1a0-c6f6-4f60-941d-04a00a7bff72">
          <Coords points="2841,1019 2869,1020 2918,1020 2946,1021 2944,1066 2918,1065 2868,1065 2840,1064"/>
          <TextEquiv>
            <Unicode>dat</Unicode>
          </TextEquiv>
        </Word>
        <Word id="word_ef54fe0b-cc98-4c25-a026-5d274044d1a1">
          <Coords points="2980,1022 3018,1023 3069,1024 3119,1025 3169,1027 3218,1027 3267,1026 3294,1027 3293,1072 3268,1071 3218,1072 3168,1072 3118,1070 3068,1069 3018,1068 2979,1067"/>
          <TextEquiv>
            <Unicode>ingevolge</Unicode>
          </TextEquiv>
        </Word>
        <TextEquiv conf="0.9176431541451989">
          <Unicode>in t'exerceren ende voorhun levendigh te houden dat ingevolge</Unicode>
        </TextEquiv>
        <TextStyle xHeight="44"/>
      </TextLine>
      <TextLine id="line_19a4ba83-e166-440d-922e-383cfdfbd79a">
        <Coords points="1128,1097 1252,1098 1278,1075 1326,1067 1450,1071 1466,1062 2073,1066 2149,1102 2942,1101 3035,1105 3063,1130 3135,1130 3151,1116 3276,1116 3276,1199 2456,1198 2448,1190 2260,1190 2253,1183 1965,1187 1657,1179 1601,1235 1338,1235 1303,1267 1286,1258 1242,1258 1222,1238 1128,1238"/>
        <Baseline points="1169,1175 1219,1177 1269,1177 1319,1176 1369,1174 1419,1172 1469,1173 1519,1171 1569,1170 1619,1168 1669,1166 1719,1166 1769,1165 1819,1165 1869,1165 1919,1165 1969,1165 2019,1166 2069,1167 2119,1167 2169,1168 2219,1169 2269,1170 2319,1170 2369,1168 2419,1168 2469,1168 2519,1169 2569,1170 2619,1171 2669,1171 2719,1173 2769,1173 2819,1174 2869,1175 2919,1176 2969,1177 3019,1178 3069,1180 3119,1182 3169,1183 3219,1182 3236,1179"/>
        <Word id="word_44898b4b-d163-421d-af14-96ae363c9dad">
          <Coords points="1170,1140 1220,1142 1269,1142 1311,1141 1312,1186 1269,1187 1219,1187 1169,1185"/>
          <TextEquiv>
            <Unicode>voor</Unicode>
          </TextEquiv>
        </Word>
        <Word id="word_a84b5d61-33df-4430-9ecc-3e1d6a1a67fa">
          <Coords points="1345,1141 1367,1139 1418,1137 1455,1138 1454,1183 1419,1182 1370,1184 1348,1185"/>
          <TextEquiv>
            <Unicode>d'e</Unicode>
          </TextEquiv>
        </Word>
        <Word id="word_48d5fc09-b7b3-4571-8a8e-e70b2e644937">
          <Coords points="1487,1139 1516,1136 1568,1135 1618,1133 1668,1131 1703,1131 1703,1176 1669,1176 1619,1178 1569,1180 1520,1181 1491,1183"/>
          <TextEquiv>
            <Unicode>Comp:e</Unicode>
          </TextEquiv>
        </Word>
        <Word id="word_c2644011-0adc-456e-838a-5971a37d7454">
          <Coords points="1738,1131 1768,1130 1819,1130 1869,1130 1882,1130 1882,1175 1869,1175 1819,1175 1769,1175 1739,1176"/>
          <TextEquiv>
            <Unicode>niet</Unicode>
          </TextEquiv>
        </Word>
        <Word id="word_1214b100-66fa-4fa3-a3bf-1c59f9c5d883">
          <Coords points="1917,1130 1919,1130 1969,1130 2020,1131 2061,1132 2060,1177 2019,1176 1969,1175 1919,1175 1917,1175"/>
          <TextEquiv>
            <Unicode>veel</Unicode>
          </TextEquiv>
        </Word>
        <Word id="word_528abb86-6044-4935-95b8-fd7339d44b61">
          <Coords points="2095,1133 2118,1132 2170,1133 2220,1134 2270,1135 2319,1135 2368,1133 2416,1133 2416,1178 2369,1178 2319,1180 2269,1180 2219,1179 2169,1178 2119,1177 2096,1178"/>
          <TextEquiv>
            <Unicode>voordeel:</Unicode>
          </TextEquiv>
        </Word>
        <Word id="word_d40bfc3e-ea2d-457d-bd24-5587c64bdb98">
          <Coords points="2452,1133 2469,1133 2520,1134 2570,1135 2595,1136 2594,1181 2569,1180 2519,1179 2469,1178 2452,1178"/>
          <TextEquiv>
            <Unicode>maer</Unicode>
          </TextEquiv>
        </Word>
        <Word id="word_2bc27ee9-19a4-4fc2-968e-54c0d8bbf783">
          <Coords points="2630,1136 2669,1136 2720,1138 2737,1138 2737,1183 2719,1183 2669,1181 2630,1181"/>
          <TextEquiv>
            <Unicode>ter</Unicode>
          </TextEquiv>
        </Word>
        <Word id="word_36ddd750-5cb6-491a-a32c-888627bf687b">
          <Coords points="2774,1138 2820,1139 2870,1140 2920,1141 2970,1142 3020,1143 3070,1145 3095,1146 3093,1191 3069,1190 3019,1188 2969,1187 2919,1186 2869,1185 2819,1184 2773,1183"/>
          <TextEquiv>
            <Unicode>contrarie</Unicode>
          </TextEquiv>
        </Word>
        <Word id="word_8f6898b4-9b01-4f60-9dd3-40bd4836aebf">
          <Coords points="3130,1147 3170,1148 3218,1147 3230,1145 3238,1189 3219,1192 3169,1193 3129,1192"/>
          <TextEquiv>
            <Unicode>wel</Unicode>
          </TextEquiv>
        </Word>
        <TextEquiv conf="0.8882858444265499">
          <Unicode>voor d'e Comp:e niet veel voordeel: maer ter contrarie wel</Unicode>
        </TextEquiv>
        <TextStyle xHeight="44"/>
      </TextLine>
      <TextLine id="line_2c0e90af-64a6-4f71-9ae9-dc5f4204dfac">
        <Coords points="1127,1239 1225,1239 1245,1258 1285,1258 1303,1266 1337,1236 1600,1236 1614,1231 1668,1180 1956,1180 1992,1203 2032,1211 2052,1227 2574,1240 3252,1237 3252,1320 2580,1329 2564,1345 2428,1345 2420,1353 2004,1353 1992,1344 1756,1344 1705,1305 1664,1313 1636,1337 1273,1332 1249,1308 1213,1308 1173,1325 1127,1325"/>
        <Baseline points="1168,1299 1218,1294 1268,1292 1318,1291 1368,1289 1418,1289 1468,1287 1518,1287 1568,1287 1618,1287 1668,1288 1718,1288 1768,1288 1818,1289 1868,1289 1918,1290 1968,1291 2018,1291 2068,1292 2118,1294 2168,1296 2218,1297 2268,1298 2318,1299 2368,1298 2418,1298 2468,1298 2518,1297 2568,1298 2618,1297 2668,1297 2718,1297 2768,1297 2818,1297 2868,1297 2918,1297 2968,1298 3018,1299 3068,1300 3118,1300 3168,1299 3212,1300"/>
        <Word id="word_b2440a7c-b061-4ca4-b91c-49063d686bc7">
          <Coords points="1165,1264 1215,1259 1267,1257 1317,1256 1352,1255 1354,1300 1318,1301 1268,1302 1219,1304 1169,1309"/>
          <TextEquiv>
            <Unicode>hinder</Unicode>
          </TextEquiv>
        </Word>
        <Word id="word_8a5af782-d93a-4653-9d55-ffc23ff6b77a">
          <Coords points="1385,1253 1419,1254 1467,1252 1518,1252 1568,1252 1618,1252 1669,1253 1718,1253 1725,1253 1725,1298 1718,1298 1668,1298 1618,1297 1568,1297 1518,1297 1468,1297 1418,1299 1384,1298"/>
          <TextEquiv>
            <Unicode>barenmochte</Unicode>
          </TextEquiv>
        </Word>
        <Word id="word_e53f08af-5eeb-47fa-861c-23f4df5bd4e6">
          <Coords points="1756,1253 1768,1253 1819,1254 1868,1254 1912,1255 1911,1300 1868,1299 1818,1299 1768,1298 1756,1298"/>
          <TextEquiv>
            <Unicode>inden</Unicode>
          </TextEquiv>
        </Word>
        <Word id="word_b2778377-417b-41ae-9cbc-5d5b2c8e05d8">
          <Coords points="1943,1255 1969,1256 2018,1256 2069,1257 2119,1259 2129,1259 2127,1304 2118,1304 2068,1302 2018,1301 1968,1301 1942,1300"/>
          <TextEquiv>
            <Unicode>handel</Unicode>
          </TextEquiv>
        </Word>
        <Word id="word_d26c69bb-81dd-4ab9-bda2-da3d80936745">
          <Coords points="2160,1261 2169,1261 2219,1262 2269,1263 2283,1263 2283,1308 2268,1308 2218,1307 2168,1306 2158,1306"/>
          <TextEquiv>
            <Unicode>hier</Unicode>
          </TextEquiv>
        </Word>
        <Word id="word_d8f75c1f-82aa-4534-a430-bb3a0334e32a">
          <Coords points="2314,1264 2319,1264 2367,1263 2407,1263 2407,1308 2368,1308 2318,1309 2313,1309"/>
          <TextEquiv>
            <Unicode>ter</Unicode>
          </TextEquiv>
        </Word>
        <Word id="word_9618bf80-c2bb-4384-bef1-df05921b084d">
          <Coords points="2438,1263 2468,1263 2517,1262 2569,1263 2617,1262 2654,1262 2654,1307 2618,1307 2568,1308 2518,1307 2468,1308 2438,1308"/>
          <TextEquiv>
            <Unicode>plaetse</Unicode>
          </TextEquiv>
        </Word>
        <Word id="word_39f27e22-10dc-410c-b912-96e2d7a0ca3c">
          <Coords points="2685,1262 2718,1262 2768,1262 2818,1262 2868,1262 2871,1262 2871,1307 2868,1307 2818,1307 2768,1307 2718,1307 2685,1307"/>
          <TextEquiv>
            <Unicode>echter</Unicode>
          </TextEquiv>
        </Word>
        <Word id="word_a4a9c6a9-3620-4c73-ae31-a46e6e549a37">
          <Coords points="2902,1262 2918,1262 2969,1263 3019,1264 3069,1265 3088,1265 3088,1310 3068,1310 3018,1309 2968,1308 2918,1307 2902,1307"/>
          <TextEquiv>
            <Unicode>watter</Unicode>
          </TextEquiv>
        </Word>
        <Word id="word_4f7f9f43-ca5e-47fc-8288-5d66b63b3b83">
          <Coords points="3118,1265 3167,1264 3213,1265 3212,1310 3168,1309 3119,1310"/>
          <TextEquiv>
            <Unicode>van</Unicode>
          </TextEquiv>
        </Word>
        <TextEquiv conf="0.9383388421448798">
          <Unicode>hinder barenmochte inden handel hier ter plaetse echter watter van</Unicode>
        </TextEquiv>
        <TextStyle xHeight="42"/>
      </TextLine>
      <TextLine id="a9078d11-d9c0-4374-ab47-a544e3d9ac83">
        <Coords points="1136,1325 1174,1325 1218,1301 1599,1297 1705,1304 1757,1344 2262,1346 2262,1429 1923,1428 1877,1441 1860,1428 1650,1428 1631,1444 1486,1444 1448,1480 1346,1484 1206,1483 1178,1459 1136,1464"/>
        <Baseline points="1177,1423 1227,1418 1277,1417 1327,1415 1377,1414 1427,1414 1477,1413 1527,1412 1577,1410 1627,1410 1677,1411 1727,1410 1777,1410 1827,1410 1877,1410 1927,1409 1977,1408 2027,1407 2077,1407 2127,1407 2177,1407 2222,1409"/>
        <Word id="word_9db2b503-45d3-417c-bc05-71b9e45c0f61">
          <Coords points="1174,1388 1224,1383 1276,1382 1326,1380 1376,1379 1386,1379 1386,1424 1377,1424 1327,1425 1277,1427 1228,1428 1178,1433"/>
          <TextEquiv>
            <Unicode>worden</Unicode>
          </TextEquiv>
        </Word>
        <Word id="word_52eb938b-f2fc-44e6-8f57-5b508f52232f">
          <Coords points="1421,1379 1427,1379 1476,1378 1524,1377 1525,1422 1477,1423 1427,1424 1421,1424"/>
          <TextEquiv>
            <Unicode>sal</Unicode>
          </TextEquiv>
        </Word>
        <Word id="word_e0ef581e-513c-4000-aa5c-946018bee163">
          <Coords points="1557,1376 1574,1375 1627,1375 1678,1376 1699,1376 1700,1421 1677,1421 1627,1420 1578,1420 1561,1421"/>
          <TextEquiv>
            <Unicode>werd</Unicode>
          </TextEquiv>
        </Word>
        <Word id="word_57f1e5e0-7a06-46d5-8030-9f2031b1ce8c">
          <Coords points="1734,1375 1777,1375 1827,1375 1839,1375 1839,1420 1827,1420 1777,1420 1734,1420"/>
          <TextEquiv>
            <Unicode>den</Unicode>
          </TextEquiv>
        </Word>
        <Word id="word_ab62872f-f615-4773-956b-35d50691aa25">
          <Coords points="1874,1375 1877,1375 1926,1374 1943,1374 1943,1419 1927,1419 1877,1420 1874,1420"/>
          <TextEquiv>
            <Unicode>ty</Unicode>
          </TextEquiv>
        </Word>
        <Word id="word_314b413f-104c-48ec-9d6a-d6fa4fd5867e">
          <Coords points="1977,1373 2026,1372 2077,1372 2127,1372 2177,1372 2224,1374 2222,1419 2177,1417 2127,1417 2077,1417 2027,1417 1978,1418"/>
          <TextEquiv>
            <Unicode>tleeren</Unicode>
          </TextEquiv>
        </Word>
        <TextEquiv conf="0.8603058066169441">
          <Unicode>worden sal werd den ty tleeren</Unicode>
        </TextEquiv>
        <TextStyle xHeight="46"/>
      </TextLine>
      <TextLine id="d4344310-5167-4140-ad48-b9e775fc5f75">
        <Coords points="899,1474 954,1474 984,1495 1017,1483 1069,1479 1077,1471 1173,1458 1209,1483 1447,1479 1497,1436 1629,1440 1645,1427 1863,1427 1878,1439 1929,1427 2401,1431 2433,1455 2738,1455 2749,1466 3342,1478 3342,1561 3279,1624 3253,1615 3193,1611 2613,1611 2568,1584 2481,1584 2461,1564 2249,1565 2217,1585 2066,1589 2026,1561 1105,1561 1077,1585 899,1585"/>
        <Baseline points="940,1551 990,1551 1040,1548 1090,1548 1140,1548 1190,1547 1240,1547 1290,1546 1340,1545 1390,1544 1440,1545 1490,1544 1540,1542 1590,1542 1640,1543 1690,1543 1740,1543 1790,1543 1840,1544 1890,1545 1940,1545 1990,1545 2040,1545 2090,1547 2140,1549 2190,1551 2240,1553 2290,1555 2340,1555 2390,1554 2440,1551 2490,1550 2540,1549 2590,1549 2640,1548 2690,1547 2740,1547 2790,1547 2840,1546 2890,1546 2940,1545 2990,1545 3040,1545 3090,1545 3140,1544 3190,1544 3240,1542 3290,1543 3302,1540"/>
        <Word id="word_3f2e86dc-a74c-4f55-a4ee-de90aea54f96">
          <Coords points="940,1516 990,1516 1038,1513 1090,1513 1116,1513 1116,1558 1090,1558 1041,1558 990,1561 940,1561"/>
          <TextEquiv>
            <Unicode>tegen</Unicode>
          </TextEquiv>
        </Word>
        <Word id="word_8a8da9f3-6b26-45bf-bcc3-9c20e42a3619">
          <Coords points="1151,1513 1189,1512 1240,1512 1257,1512 1258,1557 1240,1557 1190,1557 1152,1558"/>
          <TextEquiv>
            <Unicode>den</Unicode>
          </TextEquiv>
        </Word>
        <Word id="word_7e98c748-3bd8-4b28-86d9-3a4ba5197a97">
          <Coords points="1292,1511 1339,1510 1389,1509 1441,1510 1468,1509 1469,1554 1440,1555 1390,1554 1340,1555 1293,1556"/>
          <TextEquiv>
            <Unicode>avond</Unicode>
          </TextEquiv>
        </Word>
        <Word id="word_cef5fbde-e34e-40f5-9f6f-42df034eabfb">
          <Coords points="1502,1509 1538,1507 1590,1507 1641,1508 1645,1508 1645,1553 1640,1553 1590,1552 1540,1552 1505,1554"/>
          <TextEquiv>
            <Unicode>word</Unicode>
          </TextEquiv>
        </Word>
        <Word id="word_02d03460-a369-4bf3-9915-bb59bdd35297">
          <Coords points="1680,1508 1690,1508 1740,1508 1786,1508 1786,1553 1740,1553 1690,1553 1680,1553"/>
          <TextEquiv>
            <Unicode>des</Unicode>
          </TextEquiv>
        </Word>
        <Word id="word_aa7e0f88-0446-4cde-8002-1c99e9549b69">
          <Coords points="1823,1508 1842,1509 1891,1510 1940,1510 1990,1510 2040,1510 2091,1512 2105,1513 2103,1558 2090,1557 2040,1555 1990,1555 1940,1555 1890,1555 1839,1554 1821,1553"/>
          <TextEquiv>
            <Unicode>Coninghs</Unicode>
          </TextEquiv>
        </Word>
        <Word id="word_dcd94f82-4799-4c03-9b08-777518ab0b9a">
          <Coords points="2140,1514 2141,1514 2191,1516 2241,1518 2291,1520 2315,1520 2315,1565 2290,1565 2240,1563 2190,1561 2140,1559 2138,1559"/>
          <TextEquiv>
            <Unicode>sijde</Unicode>
          </TextEquiv>
        </Word>
        <Word id="word_6b966efc-af23-4986-82ef-7bd58f313856">
          <Coords points="2349,1520 2389,1519 2438,1516 2489,1515 2539,1514 2590,1514 2639,1513 2667,1512 2668,1557 2640,1558 2590,1559 2540,1559 2490,1560 2441,1561 2390,1564 2351,1565"/>
          <TextEquiv>
            <Unicode>Indelogie</Unicode>
          </TextEquiv>
        </Word>
        <Word id="word_2b16bbf4-a25a-44eb-a15a-6fcf4171549f">
          <Coords points="2703,1512 2740,1512 2790,1512 2839,1511 2890,1511 2939,1510 2985,1510 2985,1555 2940,1555 2890,1556 2840,1556 2790,1557 2740,1557 2703,1557"/>
          <TextEquiv>
            <Unicode>gebracht</Unicode>
          </TextEquiv>
        </Word>
        <Word id="word_e117a9e2-6ad6-42af-bb8d-0c5eb692c77b">
          <Coords points="3020,1510 3040,1510 3090,1510 3125,1509 3126,1554 3090,1555 3040,1555 3020,1555"/>
          <TextEquiv>
            <Unicode>als</Unicode>
          </TextEquiv>
        </Word>
        <Word id="word_a36f3f90-b646-4685-9a12-c3ba1f7ffbcb">
          <Coords points="3162,1509 3191,1509 3239,1507 3291,1508 3293,1506 3304,1550 3290,1553 3240,1552 3190,1554 3161,1554"/>
          <TextEquiv>
            <Unicode>oocq</Unicode>
          </TextEquiv>
        </Word>
        <TextEquiv conf="0.9379227621875166">
          <Unicode>tegen den avond word des Coninghs sijde Indelogie gebracht als oocq</Unicode>
        </TextEquiv>
        <TextStyle xHeight="49"/>
      </TextLine>
      <TextLine id="line_9f291722-d5be-4818-a4f3-9efab43cda31">
        <Coords points="1150,1561 2031,1561 2067,1589 2219,1585 2251,1566 2463,1565 2483,1584 2567,1584 2615,1612 3194,1612 3258,1616 3270,1625 3282,1625 3310,1597 3331,1597 3331,1680 3254,1686 3214,1677 2962,1677 2822,1682 2814,1690 2627,1690 2554,1753 2531,1737 2491,1737 2471,1717 2435,1717 2344,1678 2075,1678 2060,1693 2031,1702 1979,1701 1951,1689 1636,1694 1608,1722 1564,1734 1484,1733 1476,1725 1150,1725"/>
        <Baseline points="1191,1673 1241,1674 1291,1674 1341,1672 1391,1671 1441,1672 1491,1670 1541,1668 1591,1667 1641,1668 1691,1667 1741,1668 1791,1668 1841,1668 1891,1668 1941,1667 1991,1666 2041,1666 2091,1668 2141,1669 2191,1669 2241,1670 2291,1670 2341,1671 2391,1670 2441,1671 2491,1672 2541,1671 2591,1670 2641,1670 2691,1669 2741,1668 2791,1667 2841,1668 2891,1667 2941,1666 2991,1665 3041,1664 3091,1663 3141,1661 3191,1660 3241,1660 3291,1660"/>
        <Word id="word_b8e36d13-47cc-4465-a3ff-d7ca0a00c785">
          <Coords points="1192,1638 1242,1639 1291,1639 1332,1637 1334,1682 1291,1684 1241,1684 1191,1683"/>
          <TextEquiv>
            <Unicode>voor</Unicode>
          </TextEquiv>
        </Word>
        <Word id="word_82b2fee8-f98d-411c-a7bf-9dd360a3bec9">
          <Coords points="1369,1636 1391,1636 1442,1637 1490,1635 1540,1633 1590,1632 1642,1633 1689,1632 1689,1677 1641,1678 1591,1677 1541,1678 1491,1680 1441,1682 1391,1681 1369,1681"/>
          <TextEquiv>
            <Unicode>desselffs</Unicode>
          </TextEquiv>
        </Word>
        <Word id="word_55e49438-6135-4d9d-9814-234a9b4fd871">
          <Coords points="1728,1632 1745,1633 1791,1633 1841,1633 1891,1633 1940,1632 1990,1631 2041,1631 2082,1633 2080,1678 2041,1676 1991,1676 1941,1677 1891,1678 1841,1678 1791,1678 1740,1678 1724,1676"/>
          <TextEquiv>
            <Unicode>reekeningh</Unicode>
          </TextEquiv>
        </Word>
        <Word id="word_28845b8d-c6c4-4768-ab03-ddbc78996229">
          <Coords points="2116,1634 2141,1634 2191,1634 2224,1635 2223,1680 2191,1679 2141,1679 2116,1679"/>
          <TextEquiv>
            <Unicode>die</Unicode>
          </TextEquiv>
        </Word>
        <Word id="word_d60ed7a5-ef3f-4724-b4f0-ba8396959ce5">
          <Coords points="2258,1635 2291,1635 2342,1636 2365,1636 2366,1681 2341,1681 2291,1680 2259,1680"/>
          <TextEquiv>
            <Unicode>van</Unicode>
          </TextEquiv>
        </Word>
        <Word id="word_c02c6d30-81dc-4855-9123-f26993c1b3d3">
          <Coords points="2402,1635 2442,1636 2492,1637 2507,1637 2508,1682 2491,1682 2441,1681 2401,1680"/>
          <TextEquiv>
            <Unicode>den</Unicode>
          </TextEquiv>
        </Word>
        <Word id="word_53cf633e-fb5e-4fde-bd39-0c4c17adad44">
          <Coords points="2543,1636 2590,1635 2641,1635 2690,1634 2740,1633 2756,1633 2757,1678 2741,1678 2691,1679 2641,1680 2591,1680 2544,1681"/>
          <TextEquiv>
            <Unicode>Capado</Unicode>
          </TextEquiv>
        </Word>
        <Word id="word_553c70e2-5ab0-4ee3-b925-e213c5247548">
          <Coords points="2793,1632 2842,1633 2890,1632 2940,1631 2990,1630 3040,1629 3041,1629 3042,1674 3041,1674 2991,1675 2941,1676 2891,1677 2841,1678 2792,1677"/>
          <TextEquiv>
            <Unicode>ongaton</Unicode>
          </TextEquiv>
        </Word>
        <Word id="word_b426a0dd-d573-429e-8264-92dfc25fd08d">
          <Coords points="3077,1628 3090,1628 3140,1626 3190,1625 3241,1625 3291,1625 3291,1670 3241,1670 3191,1670 3141,1671 3091,1673 3078,1673"/>
          <TextEquiv>
            <Unicode>welcke</Unicode>
          </TextEquiv>
        </Word>
        <TextEquiv conf="0.9323853933206264">
          <Unicode>voor desselffs reekeningh die van den Capado ongaton welcke</Unicode>
        </TextEquiv>
        <TextStyle xHeight="45"/>
      </TextLine>
      <TextLine id="line_76176c01-8b16-421b-b5db-80c1804251f9">
        <Coords points="1137,1725 1475,1725 1483,1733 1563,1734 1615,1718 1643,1690 1951,1690 1978,1701 2030,1702 2059,1693 2074,1679 2347,1679 2434,1717 2470,1717 2486,1733 2557,1733 2566,1742 2575,1741 2626,1690 2806,1690 2825,1679 3217,1678 3258,1690 3277,1708 3334,1708 3334,1791 3065,1791 3029,1827 2997,1835 2606,1835 2594,1847 2570,1847 2376,1843 2338,1834 2226,1830 2209,1842 2054,1842 2046,1834 1643,1826 1627,1810 1579,1810 1560,1791 1235,1791 1168,1826 1154,1826 1137,1814"/>
        <Baseline points="1178,1787 1228,1784 1278,1782 1328,1781 1378,1783 1428,1783 1478,1782 1528,1781 1578,1781 1628,1779 1678,1778 1728,1778 1778,1777 1828,1777 1878,1777 1928,1778 1978,1779 2028,1778 2078,1780 2128,1780 2178,1780 2228,1782 2278,1782 2328,1782 2378,1782 2428,1781 2478,1780 2528,1780 2578,1779 2628,1779 2678,1778 2728,1778 2778,1778 2828,1778 2878,1777 2928,1777 2978,1776 3028,1776 3078,1775 3128,1774 3178,1773 3228,1770 3278,1769 3294,1771"/>
        <Word id="word_2b7ecc81-5721-47b5-9ba8-006a5d39d5d7">
          <Coords points="1176,1752 1226,1749 1277,1747 1326,1746 1327,1791 1278,1792 1229,1794 1179,1797"/>
          <TextEquiv>
            <Unicode>heel</Unicode>
          </TextEquiv>
        </Word>
        <Word id="word_a9b98200-7310-4b66-9f59-75e3caa0dc08">
          <Coords points="1370,1746 1384,1749 1428,1748 1477,1747 1527,1746 1578,1746 1585,1746 1586,1791 1578,1791 1528,1791 1478,1792 1428,1793 1376,1793 1362,1790"/>
          <TextEquiv>
            <Unicode>schoon</Unicode>
          </TextEquiv>
        </Word>
        <Word id="word_cb3c3d13-f915-4683-ac09-89a0a2e58e60">
          <Coords points="1622,1744 1627,1744 1677,1743 1728,1743 1734,1743 1735,1788 1728,1788 1678,1788 1628,1789 1624,1789"/>
          <TextEquiv>
            <Unicode>was</Unicode>
          </TextEquiv>
        </Word>
        <Word id="word_73ca0cb4-9120-47b4-87b4-3c61c066dad8">
          <Coords points="1771,1742 1777,1742 1828,1742 1878,1742 1921,1743 1920,1788 1878,1787 1828,1787 1778,1787 1772,1787"/>
          <TextEquiv>
            <Unicode>waer</Unicode>
          </TextEquiv>
        </Word>
        <Word id="word_48dbde23-1a14-4f90-9414-1a12f152f3a0">
          <Coords points="1958,1744 1979,1744 2027,1743 2079,1745 2106,1745 2106,1790 2078,1790 2028,1788 1978,1789 1957,1789"/>
          <TextEquiv>
            <Unicode>mede</Unicode>
          </TextEquiv>
        </Word>
        <Word id="word_57552530-dabd-485f-97ea-7415eadc1949">
          <Coords points="2143,1745 2178,1745 2229,1747 2278,1747 2328,1747 2378,1747 2427,1746 2477,1745 2514,1745 2514,1790 2478,1790 2428,1791 2378,1792 2328,1792 2278,1792 2228,1792 2178,1790 2143,1790"/>
          <TextEquiv>
            <Unicode>desenavond</Unicode>
          </TextEquiv>
        </Word>
        <Word id="word_a3431bb8-ba24-4a61-b996-2a0424530fa9">
          <Coords points="2550,1745 2577,1744 2628,1744 2677,1743 2728,1743 2774,1743 2774,1788 2728,1788 2678,1788 2628,1789 2578,1789 2552,1790"/>
          <TextEquiv>
            <Unicode>besigh</Unicode>
          </TextEquiv>
        </Word>
        <Word id="word_5635cc5f-6417-43af-bc76-bc1705dd84c8">
          <Coords points="2811,1743 2828,1743 2877,1742 2928,1742 2977,1741 3028,1741 3033,1741 3034,1786 3028,1786 2978,1786 2928,1787 2878,1787 2828,1788 2811,1788"/>
          <TextEquiv>
            <Unicode>bleven</Unicode>
          </TextEquiv>
        </Word>
        <Word id="word_bba7b545-b0f7-4ac5-9579-e5206bd1a5d3">
          <Coords points="3071,1740 3077,1740 3127,1739 3177,1738 3180,1738 3183,1783 3178,1783 3128,1784 3078,1785 3071,1785"/>
          <TextEquiv>
            <Unicode>aff</Unicode>
          </TextEquiv>
        </Word>
        <Word id="word_1d486117-c258-4665-be09-d8a658866236">
          <Coords points="3218,1736 3226,1735 3277,1734 3298,1736 3293,1781 3278,1779 3229,1780 3220,1780"/>
          <TextEquiv>
            <Unicode>te</Unicode>
          </TextEquiv>
        </Word>
        <TextEquiv conf="0.9413094998562769">
          <Unicode>heel schoon was waer mede desenavond besigh bleven aff te</Unicode>
        </TextEquiv>
        <TextStyle xHeight="45"/>
      </TextLine>
      <TextLine id="line_8caff1cd-6391-4c97-a04e-16d9a0fcdcbc">
        <Coords points="1091,1814 1141,1814 1155,1826 1170,1826 1217,1807 1233,1792 1557,1788 1580,1810 1627,1810 1651,1834 1820,1834 1820,1917 1548,1915 1516,1936 1181,1939 1128,1981 1105,1963 1091,1963"/>
        <Baseline points="1132,1911 1182,1909 1232,1910 1282,1909 1332,1908 1382,1907 1432,1906 1482,1906 1532,1906 1582,1903 1632,1900 1682,1898 1732,1894 1780,1897"/>
        <Word id="word_f3af0dd8-38dd-4e08-a7e8-aa0e590d0ad8">
          <Coords points="1131,1876 1181,1874 1233,1875 1281,1874 1331,1873 1381,1872 1431,1871 1456,1871 1456,1916 1432,1916 1382,1917 1332,1918 1282,1919 1232,1920 1182,1919 1132,1921"/>
          <TextEquiv>
            <Unicode>wegen</Unicode>
          </TextEquiv>
        </Word>
        <Word id="word_f52fe1c5-9163-4018-9d7e-6e5f135419ae">
          <Coords points="1521,1871 1532,1871 1580,1868 1630,1865 1681,1863 1729,1859 1782,1862 1779,1907 1733,1904 1682,1908 1633,1910 1583,1913 1532,1916 1521,1916"/>
          <TextEquiv>
            <Unicode>Item</Unicode>
          </TextEquiv>
        </Word>
        <TextEquiv conf="0.9790849387635752">
          <Unicode>wegen Item</Unicode>
        </TextEquiv>
        <TextStyle xHeight="45"/>
      </TextLine>
      <TextLine id="line_16e61af1-992a-4154-9d56-90e66cd0d62b">
        <Coords points="1012,1964 1102,1963 1129,1980 1178,1939 1517,1936 1545,1912 1801,1912 1809,1904 1981,1899 2005,1907 2049,1907 2101,1928 2328,1923 2540,1932 2848,1932 2884,1899 3011,1899 3099,1955 3364,1959 3361,2047 3011,2055 2987,2075 2724,2074 2696,2046 2600,2046 2552,2063 1869,2063 1829,2083 1745,2082 1689,2050 1593,2046 1158,2047 1146,2059 1012,2058"/>
        <Baseline points="1053,2026 1103,2032 1153,2036 1203,2037 1253,2037 1303,2035 1353,2033 1403,2034 1453,2030 1503,2026 1553,2023 1603,2023 1653,2020 1703,2019 1753,2019 1803,2019 1853,2019 1903,2018 1953,2018 2003,2018 2053,2019 2103,2019 2153,2019 2203,2020 2253,2020 2303,2021 2353,2023 2403,2024 2453,2024 2503,2025 2553,2026 2603,2029 2653,2032 2703,2034 2753,2034 2803,2032 2853,2031 2903,2030 2953,2030 3003,2029 3053,2028 3103,2027 3153,2027 3203,2027 3253,2026 3303,2026 3324,2023"/>
        <Word id="word_84314488-6ef7-4d87-8862-ecf5c074a603">
          <Coords points="1057,1991 1107,1997 1153,2001 1149,2046 1102,2042 1052,2036"/>
          <TextEquiv>
            <Unicode>Den</Unicode>
          </TextEquiv>
        </Word>
        <Word id="word_76d8d297-5d49-4360-9d55-59db85f66812">
          <Coords points="1180,2003 1201,2002 1253,2002 1302,2000 1311,2000 1312,2045 1303,2045 1253,2047 1204,2047 1183,2048"/>
          <TextEquiv>
            <Unicode>21:e</Unicode>
          </TextEquiv>
        </Word>
        <Word id="word_e820ed23-739d-4dcf-bffc-50146450a2de">
          <Coords points="1343,1998 1352,1998 1404,1999 1439,1996 1443,2041 1403,2044 1353,2043 1345,2043"/>
          <TextEquiv>
            <Unicode>d:o</Unicode>
          </TextEquiv>
        </Word>
        <Word id="word_941c8726-2990-438b-b9f7-c7b22fb39e4f">
          <Coords points="1471,1993 1500,1991 1551,1988 1603,1988 1651,1985 1702,1984 1734,1984 1734,2029 1703,2029 1654,2030 1603,2033 1554,2033 1504,2036 1475,2038"/>
          <TextEquiv>
            <Unicode>Smorgens</Unicode>
          </TextEquiv>
        </Word>
        <Word id="word_e61023a4-7e28-48fe-8e4d-4d353cdafc82">
          <Coords points="1766,1984 1803,1984 1853,1984 1902,1983 1953,1983 1993,1983 1993,2028 1953,2028 1903,2028 1853,2029 1803,2029 1766,2029"/>
          <TextEquiv>
            <Unicode>Jnalles</Unicode>
          </TextEquiv>
        </Word>
        <Word id="word_ef8e5645-5aa7-4460-ab0b-0414b80fe031">
          <Coords points="2027,1983 2054,1984 2103,1984 2153,1984 2204,1985 2221,1985 2221,2030 2203,2030 2153,2029 2103,2029 2053,2029 2025,2028"/>
          <TextEquiv>
            <Unicode>sijnde</Unicode>
          </TextEquiv>
        </Word>
        <Word id="word_a53e5552-10b1-4830-b373-b1260b4d13ad">
          <Coords points="2254,1985 2304,1986 2354,1988 2404,1989 2453,1989 2504,1990 2546,1991 2545,2036 2503,2035 2453,2034 2403,2034 2353,2033 2303,2031 2253,2030"/>
          <TextEquiv>
            <Unicode>noghmeer.</Unicode>
          </TextEquiv>
        </Word>
        <Word id="word_2853c160-52cd-44ee-84f4-84fdecc68a1e">
          <Coords points="2581,1992 2606,1994 2655,1997 2704,1999 2740,1999 2740,2044 2703,2044 2652,2042 2602,2039 2577,2036"/>
          <TextEquiv>
            <Unicode>7282.</Unicode>
          </TextEquiv>
        </Word>
        <Word id="word_79d556a2-1393-4c44-9472-da2c457e7b37">
          <Coords points="2770,1999 2801,1997 2852,1996 2902,1995 2953,1995 2966,1995 2967,2040 2953,2040 2903,2040 2853,2041 2804,2042 2773,2044"/>
          <TextEquiv>
            <Unicode>cattij</Unicode>
          </TextEquiv>
        </Word>
        <Word id="word_479b40e8-0035-4134-9da2-fa28aac4d068">
          <Coords points="2999,1994 3002,1994 3052,1993 3102,1992 3129,1992 3129,2037 3103,2037 3053,2038 3003,2039 3000,2039"/>
          <TextEquiv>
            <Unicode>ende</Unicode>
          </TextEquiv>
        </Word>
        <Word id="word_366a9ff1-94ac-429a-bc37-e2a62ef55468">
          <Coords points="3162,1992 3203,1992 3252,1991 3303,1991 3319,1988 3325,2033 3303,2036 3253,2036 3203,2037 3162,2037"/>
          <TextEquiv>
            <Unicode>gawen</Unicode>
          </TextEquiv>
        </Word>
        <TextEquiv conf="0.891383749560024">
          <Unicode>Den 21:e d:o Smorgens Jnalles sijnde noghmeer. 7282. cattij ende gawen</Unicode>
        </TextEquiv>
        <TextStyle xHeight="50"/>
      </TextLine>
      <TextLine id="daa0d7fd-76ae-4d4a-9d03-4696375dddb1">
        <Coords points="1095,2060 1141,2060 1157,2048 1237,2044 1589,2043 1597,2051 1689,2051 1745,2082 1829,2083 1869,2064 2553,2060 2585,2056 2597,2047 2701,2047 2729,2074 2985,2075 3005,2066 3045,2066 3069,2082 3314,2085 3314,2168 3253,2168 3209,2204 3141,2216 2909,2215 2849,2171 2808,2180 2653,2180 2625,2163 2597,2164 2589,2172 2425,2176 2097,2175 2054,2156 1989,2156 1981,2164 1317,2164 1309,2172 1095,2172"/>
        <Baseline points="1136,2149 1186,2155 1236,2156 1286,2155 1336,2154 1386,2154 1436,2152 1486,2151 1536,2149 1586,2147 1636,2149 1686,2150 1736,2150 1786,2149 1836,2148 1886,2148 1936,2148 1986,2148 2036,2147 2086,2147 2136,2146 2186,2146 2236,2147 2286,2148 2336,2148 2386,2147 2436,2150 2486,2150 2536,2150 2586,2149 2636,2148 2686,2147 2736,2148 2786,2148 2836,2147 2886,2148 2936,2148 2986,2148 3036,2147 3086,2146 3136,2146 3186,2147 3236,2148 3274,2148"/>
        <Word id="word_13037eee-d740-4902-aba3-800b75448c0a">
          <Coords points="1140,2114 1190,2120 1209,2120 1208,2165 1185,2165 1135,2159"/>
          <TextEquiv>
            <Unicode>de</Unicode>
          </TextEquiv>
        </Word>
        <Word id="word_c3a24bdb-1524-449a-9127-a79f90acfd62">
          <Coords points="1243,2121 1285,2120 1335,2119 1386,2119 1435,2117 1485,2116 1535,2114 1569,2113 1571,2158 1536,2159 1486,2161 1436,2162 1386,2164 1336,2164 1286,2165 1245,2166"/>
          <TextEquiv>
            <Unicode>levenaers</Unicode>
          </TextEquiv>
        </Word>
        <Word id="word_96b82b32-657d-44c3-9ca5-cc15421f52ae">
          <Coords points="1610,2111 1639,2114 1687,2115 1715,2115 1715,2160 1686,2160 1635,2159 1606,2156"/>
          <TextEquiv>
            <Unicode>tot</Unicode>
          </TextEquiv>
        </Word>
        <Word id="word_d37ebf4c-ddad-4ca3-bfac-7f7357902390">
          <Coords points="1751,2115 1785,2114 1823,2113 1824,2158 1786,2159 1752,2160"/>
          <TextEquiv>
            <Unicode>de</Unicode>
          </TextEquiv>
        </Word>
        <Word id="word_e4ecd0ce-6f13-423d-b384-71b33e36dcc8">
          <Coords points="1861,2113 1887,2113 1936,2113 1986,2113 2035,2112 2042,2112 2042,2157 2036,2157 1986,2158 1936,2158 1886,2158 1860,2158"/>
          <TextEquiv>
            <Unicode>reste</Unicode>
          </TextEquiv>
        </Word>
        <Word id="word_2e325cb7-42ac-444a-9b2c-d86384e12f36">
          <Coords points="2078,2112 2086,2112 2135,2111 2186,2111 2237,2112 2287,2113 2336,2113 2385,2112 2438,2115 2440,2115 2440,2160 2435,2160 2386,2157 2336,2158 2286,2158 2236,2157 2186,2156 2136,2156 2086,2157 2078,2157"/>
          <TextEquiv>
            <Unicode>schrehope,</Unicode>
          </TextEquiv>
        </Word>
        <Word id="word_651adb0a-8d20-49fd-9ca7-1d7eb359029b">
          <Coords points="2476,2115 2486,2115 2536,2115 2585,2114 2635,2113 2685,2112 2731,2113 2730,2158 2686,2157 2636,2158 2586,2159 2536,2160 2486,2160 2476,2160"/>
          <TextEquiv>
            <Unicode>vermits</Unicode>
          </TextEquiv>
        </Word>
        <Word id="word_54f38132-c1ee-4e7e-a3d1-895d444adde3">
          <Coords points="2765,2114 2785,2113 2835,2112 2887,2113 2936,2113 2986,2113 3019,2112 3020,2157 2986,2158 2936,2158 2886,2158 2836,2157 2786,2158 2767,2159"/>
          <TextEquiv>
            <Unicode>deselve</Unicode>
          </TextEquiv>
        </Word>
        <Word id="word_80f90a78-2cf2-4599-86b4-e6bc60e95e48">
          <Coords points="3056,2112 3085,2111 3136,2111 3187,2112 3237,2113 3274,2113 3274,2158 3236,2158 3186,2157 3136,2156 3086,2156 3057,2157"/>
          <TextEquiv>
            <Unicode>traegh</Unicode>
          </TextEquiv>
        </Word>
        <TextEquiv conf="0.9540900044357677">
          <Unicode>de levenaers tot de reste schrehope, vermits deselve traegh</Unicode>
        </TextEquiv>
        <TextStyle xHeight="44"/>
      </TextLine>
      <TextLine id="line_171b65bb-6a43-4e60-bfc4-6b7d98673a81">
        <Coords points="1153,2174 1308,2174 1315,2167 1847,2167 2048,2155 2107,2174 2587,2174 2598,2166 2630,2166 2662,2189 2815,2193 2847,2170 2910,2214 3351,2209 3351,2292 3254,2292 3226,2311 2099,2323 2003,2286 1731,2291 1710,2280 1682,2287 1547,2287 1536,2298 1395,2298 1335,2354 1321,2358 1295,2337 1211,2310 1153,2310"/>
        <Baseline points="1194,2276 1244,2282 1294,2278 1344,2277 1394,2274 1444,2272 1494,2271 1544,2270 1594,2270 1644,2270 1694,2269 1744,2269 1794,2268 1844,2269 1894,2268 1944,2265 1994,2265 2044,2265 2094,2265 2144,2266 2194,2266 2244,2266 2294,2266 2344,2268 2394,2269 2444,2269 2494,2269 2544,2269 2594,2271 2644,2271 2694,2270 2744,2269 2794,2269 2844,2269 2894,2271 2944,2272 2994,2271 3044,2269 3094,2270 3144,2270 3194,2270 3244,2269 3294,2270 3311,2272"/>
        <Word id="word_c9f45777-2ed8-40b1-9237-ba4fbace2409">
          <Coords points="1198,2241 1248,2247 1263,2245 1266,2290 1243,2292 1193,2286"/>
          <TextEquiv>
            <Unicode>in</Unicode>
          </TextEquiv>
        </Word>
        <Word id="word_24ad94fb-ce6f-4d35-8416-59dd8253b649">
          <Coords points="1301,2242 1344,2242 1392,2239 1443,2237 1444,2237 1445,2282 1444,2282 1395,2284 1344,2287 1301,2287"/>
          <TextEquiv>
            <Unicode>quam</Unicode>
          </TextEquiv>
        </Word>
        <Word id="word_805e1577-3f32-4115-addb-7b574f1a01c7">
          <Coords points="1480,2236 1493,2236 1543,2235 1594,2235 1644,2235 1693,2234 1744,2234 1767,2234 1768,2279 1744,2279 1694,2279 1644,2280 1594,2280 1544,2280 1494,2281 1481,2281"/>
          <TextEquiv>
            <Unicode>invougen</Unicode>
          </TextEquiv>
        </Word>
        <Word id="word_070c2a64-d51b-4f1e-9f8b-877531d310d8">
          <Coords points="1805,2233 1845,2234 1893,2233 1942,2230 1947,2230 1947,2275 1945,2275 1894,2278 1844,2279 1803,2278"/>
          <TextEquiv>
            <Unicode>niet</Unicode>
          </TextEquiv>
        </Word>
        <Word id="word_c8186684-324d-4b3b-84bf-2983fb897e03">
          <Coords points="1983,2230 1994,2230 2044,2230 2094,2230 2145,2231 2194,2231 2234,2231 2234,2276 2194,2276 2144,2276 2094,2275 2044,2275 1994,2275 1983,2275"/>
          <TextEquiv>
            <Unicode>meenden</Unicode>
          </TextEquiv>
        </Word>
        <Word id="word_22e30281-5769-4e96-bf41-646591433b4b">
          <Coords points="2270,2231 2294,2231 2307,2232 2306,2276 2294,2276 2270,2276"/>
          <TextEquiv>
            <Unicode>3</Unicode>
          </TextEquiv>
        </Word>
        <Word id="word_ea4668f1-1611-4221-b6c9-33fc8fe7adc1">
          <Coords points="2343,2233 2345,2233 2395,2234 2444,2234 2494,2234 2544,2234 2559,2235 2557,2280 2544,2279 2494,2279 2444,2279 2394,2279 2344,2278 2342,2278"/>
          <TextEquiv>
            <Unicode>maits</Unicode>
          </TextEquiv>
        </Word>
        <Word id="word_473adf9d-6150-483a-a4d5-72aca54b0152">
          <Coords points="2595,2236 2595,2236 2644,2236 2693,2235 2743,2234 2794,2234 2809,2234 2809,2279 2794,2279 2744,2279 2694,2280 2644,2281 2594,2281 2593,2281"/>
          <TextEquiv>
            <Unicode>schult</Unicode>
          </TextEquiv>
        </Word>
        <Word id="word_1a58b032-5dae-4bc6-bec0-4508203ed106">
          <Coords points="2846,2234 2895,2236 2945,2237 2951,2237 2952,2282 2944,2282 2894,2281 2844,2279"/>
          <TextEquiv>
            <Unicode>dit</Unicode>
          </TextEquiv>
        </Word>
        <Word id="word_dd062a5b-7b1c-46b2-b296-ff7b6e94b758">
          <Coords points="2987,2236 2993,2236 3043,2234 3095,2235 3132,2235 3132,2280 3094,2280 3044,2279 2994,2281 2988,2281"/>
          <TextEquiv>
            <Unicode>saij</Unicode>
          </TextEquiv>
        </Word>
        <Word id="word_e0aee49c-b79b-46e4-a02a-36f6d41925c5">
          <Coords points="3168,2235 3194,2235 3243,2234 3295,2235 3315,2237 3310,2282 3294,2280 3244,2279 3194,2280 3168,2280"/>
          <TextEquiv>
            <Unicode>loen</Unicode>
          </TextEquiv>
        </Word>
        <TextEquiv conf="0.8651470331057315">
          <Unicode>in quam invougen niet meenden 3 maits schult dit saij loen</Unicode>
        </TextEquiv>
        <TextStyle xHeight="47"/>
      </TextLine>
      <TextLine id="line_38ce989c-9b59-4591-94f3-ef71e71e8869">
        <Coords points="1151,2313 1205,2364 1245,2364 1257,2376 1343,2384 1433,2299 1537,2298 1548,2287 2004,2286 2127,2335 2348,2335 2348,2418 1269,2419 1189,2423 1151,2455"/>
        <Baseline points="1192,2414 1242,2413 1292,2412 1342,2412 1392,2411 1442,2411 1492,2409 1542,2408 1592,2405 1642,2402 1692,2400 1742,2399 1792,2398 1842,2397 1892,2398 1942,2397 1992,2399 2042,2399 2092,2400 2142,2400 2192,2399 2242,2398 2292,2397 2308,2398"/>
        <Word id="word_bb686285-72d7-45be-a7fe-403facddee78">
          <Coords points="1191,2379 1241,2378 1291,2377 1342,2377 1391,2376 1399,2376 1399,2421 1392,2421 1342,2422 1292,2422 1242,2423 1192,2424"/>
          <TextEquiv>
            <Unicode>soude</Unicode>
          </TextEquiv>
        </Word>
        <Word id="word_82938383-94e6-4371-83b5-127383dcf915">
          <Coords points="1440,2376 1442,2376 1491,2374 1541,2373 1590,2370 1640,2367 1687,2365 1688,2410 1643,2412 1593,2415 1542,2418 1492,2419 1442,2421 1440,2421"/>
          <TextEquiv>
            <Unicode>cunnen</Unicode>
          </TextEquiv>
        </Word>
        <Word id="word_5019c0b4-86f2-4185-b439-bc7a8d3a730c">
          <Coords points="1731,2364 1743,2364 1791,2363 1841,2362 1893,2363 1941,2362 1993,2364 2019,2364 2019,2409 1992,2409 1942,2407 1892,2408 1842,2407 1792,2408 1742,2409 1729,2409"/>
          <TextEquiv>
            <Unicode>voldaen</Unicode>
          </TextEquiv>
        </Word>
        <Word id="word_c0fad8a2-58c1-423c-a29d-89270ab5fd0e">
          <Coords points="2061,2364 2093,2365 2142,2365 2191,2364 2241,2363 2291,2362 2310,2363 2307,2408 2292,2407 2242,2408 2192,2409 2142,2410 2092,2410 2060,2409"/>
          <TextEquiv>
            <Unicode>werden</Unicode>
          </TextEquiv>
        </Word>
        <TextEquiv conf="0.9493321774312057">
          <Unicode>soude cunnen voldaen werden</Unicode>
        </TextEquiv>
        <TextStyle xHeight="39"/>
      </TextLine>
      <TextLine id="line_3fd8c067-5903-4939-802f-776602173f89">
        <Coords points="957,2472 1095,2472 1107,2461 1127,2469 1147,2461 1187,2422 1566,2413 2086,2413 2130,2445 2890,2457 2897,2464 2949,2464 2969,2484 2997,2488 3340,2488 3360,2505 3392,2477 3417,2475 3417,2558 3384,2558 3372,2570 3360,2570 3309,2621 3272,2601 3084,2601 3039,2638 3011,2613 2989,2613 2981,2605 2597,2601 2589,2593 2373,2585 2162,2585 2118,2626 2070,2626 2046,2609 1882,2609 1850,2589 1794,2581 1742,2561 957,2562"/>
        <Baseline points="998,2552 1048,2554 1098,2552 1148,2550 1198,2549 1248,2547 1298,2545 1348,2544 1398,2544 1448,2544 1498,2543 1548,2543 1598,2543 1648,2543 1698,2544 1748,2544 1798,2545 1848,2544 1898,2543 1948,2543 1998,2545 2048,2545 2098,2544 2148,2542 2198,2542 2248,2541 2298,2541 2348,2540 2398,2540 2448,2540 2498,2540 2548,2539 2598,2540 2648,2540 2698,2540 2748,2540 2798,2539 2848,2539 2898,2540 2948,2539 2998,2540 3048,2540 3098,2541 3148,2540 3198,2539 3248,2538 3298,2536 3348,2536 3377,2538"/>
        <Word id="word_e389f205-99bf-4cb0-ad56-8b32c1659a7b">
          <Coords points="999,2517 1049,2519 1097,2517 1115,2516 1117,2561 1098,2562 1048,2564 998,2562"/>
          <TextEquiv>
            <Unicode>Des</Unicode>
          </TextEquiv>
        </Word>
        <Word id="word_e258fbc6-5211-44ec-a5d3-f9096997719b">
          <Coords points="1156,2515 1197,2514 1247,2512 1297,2510 1347,2509 1394,2509 1394,2554 1348,2554 1298,2555 1248,2557 1198,2559 1157,2560"/>
          <TextEquiv>
            <Unicode>avonts</Unicode>
          </TextEquiv>
        </Word>
        <Word id="word_76e4c226-68bc-4dd7-8676-833fd1ebf0d9">
          <Coords points="1434,2509 1448,2509 1497,2508 1548,2508 1593,2508 1593,2553 1548,2553 1498,2553 1448,2554 1434,2554"/>
          <TextEquiv>
            <Unicode>haet</Unicode>
          </TextEquiv>
        </Word>
        <Word id="word_87bdd3a4-2e7b-42b3-8545-16fc816637fb">
          <Coords points="1632,2508 1648,2508 1699,2509 1748,2509 1752,2509 1751,2554 1748,2554 1698,2554 1648,2553 1632,2553"/>
          <TextEquiv>
            <Unicode>ons</Unicode>
          </TextEquiv>
        </Word>
        <Word id="word_670d911f-5f4b-41e1-9f8f-2655cc52221a">
          <Coords points="1792,2510 1799,2510 1847,2509 1897,2508 1910,2508 1910,2553 1898,2553 1848,2554 1798,2555 1791,2555"/>
          <TextEquiv>
            <Unicode>den</Unicode>
          </TextEquiv>
        </Word>
        <Word id="word_ea88e41a-8c6d-4206-92de-05b4b10cfb9d">
          <Coords points="1951,2508 1999,2510 2048,2510 2097,2509 2147,2507 2187,2507 2187,2552 2148,2552 2098,2554 2048,2555 1998,2555 1949,2553"/>
          <TextEquiv>
            <Unicode>Capado</Unicode>
          </TextEquiv>
        </Word>
        <Word id="word_c2088962-4181-489b-9043-56d4e082ffcd">
          <Coords points="2225,2507 2246,2506 2298,2506 2347,2505 2398,2505 2448,2505 2498,2505 2547,2504 2599,2505 2624,2505 2624,2550 2598,2550 2548,2549 2498,2550 2448,2550 2398,2550 2348,2550 2298,2551 2248,2551 2228,2552"/>
          <TextEquiv>
            <Unicode>ontzonghka</Unicode>
          </TextEquiv>
        </Word>
        <Word id="word_42386717-51c1-45bd-aa4e-f0afbca78b3e">
          <Coords points="2663,2505 2698,2505 2748,2505 2797,2504 2848,2504 2899,2505 2940,2504 2941,2549 2898,2550 2848,2549 2798,2549 2748,2550 2698,2550 2663,2550"/>
          <TextEquiv>
            <Unicode>gewesen</Unicode>
          </TextEquiv>
        </Word>
        <Word id="word_301c564b-40fb-4dbb-96b7-987277ca5ee6">
          <Coords points="2984,2504 3001,2505 3048,2505 3099,2506 3147,2505 3197,2504 3247,2503 3297,2501 3348,2501 3379,2503 3376,2548 3348,2546 3298,2546 3248,2548 3198,2549 3148,2550 3098,2551 3048,2550 2997,2550 2980,2548"/>
          <TextEquiv>
            <Unicode>aengenomen</Unicode>
          </TextEquiv>
        </Word>
        <TextEquiv conf="0.9191185557472926">
          <Unicode>Des avonts haet ons den Capado ontzonghka gewesen aengenomen</Unicode>
        </TextEquiv>
        <TextStyle xHeight="51"/>
      </TextLine>
      <TextLine id="line_30896339-fcd6-40f4-a823-6410c3beeb19">
        <Coords points="1144,2559 1745,2562 1785,2578 1853,2590 1881,2606 2045,2606 2069,2627 2117,2627 2161,2586 2485,2590 2593,2594 2601,2602 2976,2602 3008,2610 3044,2635 3084,2602 3276,2602 3309,2622 3364,2619 3392,2595 3425,2594 3425,2677 3376,2677 3368,2670 3320,2675 3309,2667 2609,2671 2569,2710 2541,2722 2504,2721 2495,2730 2311,2725 2272,2763 2213,2729 2185,2729 2173,2717 2009,2718 1881,2690 1873,2682 1144,2682"/>
        <Baseline points="1185,2669 1235,2668 1285,2668 1335,2668 1385,2668 1435,2667 1485,2667 1535,2666 1585,2666 1635,2668 1685,2668 1735,2668 1785,2667 1835,2667 1885,2666 1935,2666 1985,2666 2035,2665 2085,2665 2135,2663 2185,2663 2235,2662 2285,2661 2335,2661 2385,2660 2435,2660 2485,2660 2535,2660 2585,2659 2635,2659 2685,2658 2735,2658 2785,2658 2835,2658 2885,2658 2935,2658 2985,2657 3035,2658 3085,2657 3135,2658 3185,2657 3235,2658 3285,2659 3335,2658 3385,2657"/>
        <Word id="word_889dd462-1d26-43a2-95a8-829a49937365">
          <Coords points="1184,2634 1234,2633 1285,2633 1335,2633 1342,2633 1342,2678 1335,2678 1285,2678 1235,2678 1185,2679"/>
          <TextEquiv>
            <Unicode>soon</Unicode>
          </TextEquiv>
        </Word>
        <Word id="word_d6abaea0-7096-4aaf-9c46-f024f91d0d25">
          <Coords points="1381,2633 1385,2633 1434,2632 1485,2632 1534,2631 1585,2631 1619,2632 1617,2677 1585,2676 1535,2676 1485,2677 1435,2677 1385,2678 1381,2678"/>
          <TextEquiv>
            <Unicode>vanden</Unicode>
          </TextEquiv>
        </Word>
        <Word id="word_f3c241cc-dfb0-4b7a-966c-3c5945a95f00">
          <Coords points="1655,2634 1684,2633 1735,2633 1784,2632 1835,2632 1884,2631 1935,2631 1985,2631 2009,2631 2010,2675 1985,2676 1935,2676 1885,2676 1835,2677 1785,2677 1735,2678 1685,2678 1657,2679"/>
          <TextEquiv>
            <Unicode>overleden</Unicode>
          </TextEquiv>
        </Word>
        <Word id="word_d806bc5a-072e-46d6-8397-b8bd76a0a90f">
          <Coords points="2050,2630 2085,2630 2134,2628 2185,2628 2234,2627 2284,2626 2335,2626 2363,2625 2364,2670 2335,2671 2285,2671 2235,2672 2185,2673 2135,2673 2085,2675 2049,2675"/>
          <TextEquiv>
            <Unicode>ougakeem</Unicode>
          </TextEquiv>
        </Word>
        <Word id="word_4a192235-5f37-415b-ae0c-62a6cafcc9f7">
          <Coords points="2403,2625 2435,2625 2481,2625 2481,2670 2435,2670 2403,2670"/>
          <TextEquiv>
            <Unicode>te</Unicode>
          </TextEquiv>
        </Word>
        <Word id="word_a523b85a-05e6-457b-9687-d82f208ad9d0">
          <Coords points="2521,2625 2535,2625 2584,2624 2635,2624 2684,2623 2735,2623 2785,2623 2796,2623 2796,2668 2785,2668 2735,2668 2685,2668 2635,2669 2585,2669 2535,2670 2521,2670"/>
          <TextEquiv>
            <Unicode>sijnent</Unicode>
          </TextEquiv>
        </Word>
        <Word id="word_ae2e63d1-b2d5-4c20-8f47-b4d44144de1e">
          <Coords points="2835,2623 2835,2623 2885,2623 2935,2623 2984,2622 3036,2623 3084,2622 3136,2623 3184,2622 3189,2622 3188,2667 3185,2667 3135,2668 3085,2667 3035,2668 2985,2667 2935,2668 2885,2668 2835,2668 2835,2668"/>
          <TextEquiv>
            <Unicode>ontbieden</Unicode>
          </TextEquiv>
        </Word>
        <Word id="word_535659cc-82d3-4880-8745-4aabffd726b7">
          <Coords points="3229,2623 3236,2623 3286,2624 3334,2623 3384,2622 3385,2667 3335,2668 3285,2669 3235,2668 3228,2668"/>
          <TextEquiv>
            <Unicode>wer</Unicode>
          </TextEquiv>
        </Word>
        <TextEquiv conf="0.9342387667836773">
          <Unicode>soon vanden overleden ougakeem te sijnent ontbieden wer</Unicode>
        </TextEquiv>
        <TextStyle xHeight="39"/>
      </TextLine>
      <TextLine id="line_53910105-674d-467b-b16b-7d41a97349b9">
        <Coords points="1118,2684 1876,2684 2008,2717 2172,2716 2184,2728 2208,2728 2224,2743 2240,2743 2271,2763 2314,2724 2493,2729 2560,2677 2988,2677 3312,2668 3344,2700 3361,2700 3361,2783 3324,2785 3252,2856 3228,2855 3204,2831 3156,2827 3144,2815 2876,2811 2856,2828 2796,2827 2784,2815 2692,2815 2664,2816 2644,2836 2556,2836 2512,2835 2496,2819 2292,2820 2220,2807 1976,2807 1968,2799 1656,2799 1616,2792 1600,2804 1492,2804 1476,2812 1284,2807 1268,2799 1118,2799"/>
        <Baseline points="1159,2781 1209,2780 1259,2780 1309,2781 1359,2780 1409,2781 1459,2782 1509,2781 1559,2782 1609,2782 1659,2783 1709,2783 1759,2782 1809,2782 1859,2783 1909,2782 1959,2781 2009,2781 2059,2780 2109,2778 2159,2778 2209,2777 2259,2776 2309,2775 2359,2774 2409,2774 2459,2774 2509,2774 2559,2773 2609,2774 2659,2773 2709,2772 2759,2772 2809,2772 2859,2773 2909,2772 2959,2771 3009,2769 3059,2768 3109,2767 3159,2766 3209,2766 3259,2765 3309,2766 3321,2763"/>
        <Word id="word_6f074f41-867a-436b-a915-a782233203d6">
          <Coords points="1158,2746 1208,2745 1259,2745 1310,2746 1358,2745 1366,2745 1365,2790 1359,2790 1309,2791 1259,2790 1209,2790 1159,2791"/>
          <TextEquiv>
            <Unicode>warts</Unicode>
          </TextEquiv>
        </Word>
        <Word id="word_99a9be1d-1785-4aae-a2d9-c30c0e23608a">
          <Coords points="1400,2746 1410,2746 1460,2747 1508,2746 1560,2747 1605,2747 1605,2792 1559,2792 1509,2791 1459,2792 1409,2791 1399,2791"/>
          <TextEquiv>
            <Unicode>gingen</Unicode>
          </TextEquiv>
        </Word>
        <Word id="word_62c2ff9c-9af1-4cfd-bbf7-6d3a5de843c2">
          <Coords points="1641,2747 1661,2748 1709,2748 1758,2747 1809,2747 1860,2748 1908,2747 1958,2746 2009,2746 2016,2746 2017,2791 2009,2791 1959,2791 1909,2792 1859,2793 1809,2792 1759,2792 1709,2793 1658,2793 1639,2792"/>
          <TextEquiv>
            <Unicode>daercomende</Unicode>
          </TextEquiv>
        </Word>
        <Word id="word_36c28574-672f-4ab6-aa9c-8508e2683b28">
          <Coords points="2051,2745 2058,2745 2108,2743 2159,2743 2208,2742 2222,2742 2223,2787 2209,2787 2159,2788 2109,2788 2059,2790 2052,2790"/>
          <TextEquiv>
            <Unicode>wierd</Unicode>
          </TextEquiv>
        </Word>
        <Word id="word_56dcfdac-700f-40f2-85e6-8f5021c9c4f1">
          <Coords points="2257,2741 2258,2741 2308,2740 2325,2740 2326,2785 2309,2785 2259,2786 2258,2786"/>
          <TextEquiv>
            <Unicode>en</Unicode>
          </TextEquiv>
        </Word>
        <Word id="word_8fe1e32c-2849-4c87-b3c4-545fb3e43ab4">
          <Coords points="2360,2739 2409,2739 2459,2739 2509,2739 2558,2738 2567,2738 2566,2783 2559,2783 2509,2784 2459,2784 2409,2784 2360,2784"/>
          <TextEquiv>
            <Unicode>vanden</Unicode>
          </TextEquiv>
        </Word>
        <Word id="word_9906a198-7718-4550-bc23-28f37b614dbb">
          <Coords points="2601,2739 2610,2739 2658,2738 2708,2737 2759,2737 2807,2737 2807,2782 2759,2782 2709,2782 2659,2783 2609,2784 2600,2784"/>
          <TextEquiv>
            <Unicode>selven</Unicode>
          </TextEquiv>
        </Word>
        <Word id="word_a2907c76-5d8c-411c-b4be-6f3695492eb6">
          <Coords points="2843,2737 2861,2738 2908,2737 2958,2736 2977,2735 2979,2780 2959,2781 2909,2782 2858,2783 2840,2782"/>
          <TextEquiv>
            <Unicode>seer</Unicode>
          </TextEquiv>
        </Word>
        <Word id="word_3b992452-a551-4a6b-bf83-de14f9666c15">
          <Coords points="3012,2734 3058,2733 3108,2732 3158,2731 3209,2731 3258,2730 3310,2731 3312,2729 3323,2773 3309,2776 3259,2775 3209,2776 3159,2776 3109,2777 3059,2778 3013,2779"/>
          <TextEquiv>
            <Unicode>minnelijk</Unicode>
          </TextEquiv>
        </Word>
        <TextEquiv conf="0.91364967396629">
          <Unicode>warts gingen daercomende wierd en vanden selven seer minnelijk</Unicode>
        </TextEquiv>
        <TextStyle xHeight="43"/>
      </TextLine>
      <TextLine id="line_59eabdb1-88ce-4046-a15c-17958d1fb59a">
        <Coords points="1137,2799 1267,2799 1287,2807 1411,2812 1599,2804 1615,2792 1659,2799 1967,2799 1975,2807 2222,2807 2290,2820 2494,2819 2510,2835 2554,2836 2642,2836 2662,2816 2786,2815 2798,2827 2858,2828 2878,2811 3142,2815 3170,2831 3202,2831 3234,2856 3254,2856 3274,2836 3307,2835 3307,2918 3182,2918 3138,2941 2790,2936 2775,2948 2706,2949 2658,2996 2642,2989 2630,2998 2622,2990 2530,2987 2514,2979 2354,2980 2346,2988 2322,2979 2167,2979 2083,2920 1695,2920 1623,2988 1595,2987 1572,3003 1555,2997 1543,3006 1507,2975 1259,2975 1231,2948 1137,2948"/>
        <Baseline points="1178,2912 1228,2910 1278,2908 1328,2905 1378,2903 1428,2901 1478,2901 1528,2901 1578,2902 1628,2902 1678,2901 1728,2901 1778,2902 1828,2904 1878,2904 1928,2904 1978,2903 2028,2902 2078,2901 2128,2900 2178,2899 2228,2897 2278,2897 2328,2896 2378,2897 2428,2899 2478,2899 2528,2900 2578,2900 2628,2897 2678,2896 2728,2894 2778,2891 2828,2891 2878,2891 2928,2891 2978,2892 3028,2892 3078,2892 3128,2891 3178,2891 3228,2894 3267,2898"/>
        <Word id="word_87565043-63d7-4c9b-9245-36579698c52b">
          <Coords points="1177,2877 1227,2875 1277,2873 1317,2871 1320,2915 1278,2918 1228,2920 1178,2922"/>
          <TextEquiv>
            <Unicode>ende</Unicode>
          </TextEquiv>
        </Word>
        <Word id="word_6e552131-c240-4a0c-943f-bbdfa24c84e1">
          <Coords points="1354,2868 1377,2868 1427,2866 1478,2866 1528,2866 1579,2867 1628,2867 1677,2866 1709,2866 1709,2911 1678,2911 1628,2912 1578,2912 1528,2911 1478,2911 1428,2911 1378,2913 1355,2913"/>
          <TextEquiv>
            <Unicode>treffelijk</Unicode>
          </TextEquiv>
        </Word>
        <Word id="word_2c20125b-0d8e-4eae-9b27-37470181fa71">
          <Coords points="1746,2866 1779,2867 1829,2869 1878,2869 1928,2869 1977,2868 2027,2867 2028,2912 1978,2913 1928,2914 1878,2914 1828,2914 1778,2912 1744,2911"/>
          <TextEquiv>
            <Unicode>ontraelt</Unicode>
          </TextEquiv>
        </Word>
        <Word id="word_d00f62a0-58f3-47f2-a424-1e32b54eed7a">
          <Coords points="2063,2866 2077,2866 2127,2865 2177,2864 2227,2862 2276,2862 2276,2907 2228,2907 2178,2909 2128,2910 2078,2911 2063,2911"/>
          <TextEquiv>
            <Unicode>hebben</Unicode>
          </TextEquiv>
        </Word>
        <Word id="word_66687045-491a-4f8a-b217-2e14f618a7bb">
          <Coords points="2309,2862 2326,2861 2379,2862 2429,2864 2478,2864 2529,2865 2578,2865 2592,2864 2595,2909 2578,2910 2528,2910 2478,2909 2428,2909 2378,2907 2329,2906 2312,2907"/>
          <TextEquiv>
            <Unicode>defftigh</Unicode>
          </TextEquiv>
        </Word>
        <Word id="word_50a48687-c946-4977-96d0-0087a6904fbd">
          <Coords points="2629,2862 2677,2861 2727,2859 2776,2856 2828,2856 2878,2856 2928,2856 2979,2857 2984,2857 2984,2902 2978,2902 2928,2901 2878,2901 2828,2901 2779,2901 2728,2904 2678,2906 2630,2907"/>
          <TextEquiv>
            <Unicode>opgeschaft</Unicode>
          </TextEquiv>
        </Word>
        <Word id="word_7dc1c784-ed30-4ab1-a605-70a219c5b4c3">
          <Coords points="3019,2857 3028,2857 3078,2857 3089,2857 3090,2902 3078,2902 3028,2902 3019,2902"/>
          <TextEquiv>
            <Unicode>in</Unicode>
          </TextEquiv>
        </Word>
        <Word id="word_21c71022-0ee2-4da3-b4fe-85021d2c3d14">
          <Coords points="3125,2856 3127,2856 3178,2856 3230,2859 3271,2863 3266,2908 3227,2904 3178,2901 3128,2901 3126,2901"/>
          <TextEquiv>
            <Unicode>sijn</Unicode>
          </TextEquiv>
        </Word>
        <TextEquiv conf="0.8737967161786451">
          <Unicode>ende treffelijk ontraelt hebben defftigh opgeschaft in sijn</Unicode>
        </TextEquiv>
        <TextStyle xHeight="52"/>
      </TextLine>
      <TextLine id="line_1c3b9df2-866f-4c9d-9683-de60ef6b8144">
        <Coords points="1101,2946 1211,2946 1231,2950 1255,2974 1514,2978 1542,3006 1554,2996 1577,3002 1594,2986 1623,2986 1694,2919 2078,2919 2158,2970 2489,2970 2517,2978 2631,2978 2653,2997 2705,2951 2769,2947 3048,2946 3064,2960 3301,2960 3301,3043 3212,3043 3192,3056 3088,3060 2757,3060 2733,3084 2677,3084 2633,3119 2576,3119 2563,3106 2497,3106 2489,3098 2425,3098 2416,3090 2353,3094 2321,3071 2231,3119 2209,3106 2038,3106 2018,3094 1938,3094 1914,3087 1893,3067 1854,3063 1807,3040 1770,3040 1694,3115 1677,3106 1498,3102 1483,3087 1101,3075"/>
        <Baseline points="1142,3039 1192,3036 1242,3033 1292,3031 1342,3031 1392,3030 1442,3029 1492,3029 1542,3027 1592,3025 1642,3022 1692,3022 1742,3022 1792,3022 1842,3024 1892,3027 1942,3027 1992,3026 2042,3027 2092,3027 2142,3026 2192,3026 2242,3026 2292,3026 2342,3026 2392,3026 2442,3027 2492,3027 2542,3028 2592,3029 2642,3027 2692,3026 2742,3025 2792,3024 2842,3023 2892,3025 2942,3026 2992,3025 3042,3020 3092,3018 3142,3020 3192,3022 3242,3023 3261,3023"/>
        <Word id="word_1eb46d6f-685b-4907-bb5d-906fc04d20f0">
          <Coords points="1140,3004 1190,3001 1240,2998 1291,2996 1341,2996 1341,3041 1292,3041 1243,3043 1193,3046 1143,3049"/>
          <TextEquiv>
            <Unicode>nieuwe</Unicode>
          </TextEquiv>
        </Word>
        <Word id="word_e29b3b0b-78a0-461b-95d5-d015f188a4c7">
          <Coords points="1372,2996 1390,2995 1441,2994 1492,2994 1541,2992 1591,2990 1640,2987 1672,2987 1672,3032 1643,3032 1592,3035 1542,3037 1492,3039 1442,3039 1393,3040 1374,3041"/>
          <TextEquiv>
            <Unicode>huijsinge</Unicode>
          </TextEquiv>
        </Word>
        <Word id="word_0ef6e295-da0d-439f-9853-6bc36d7e07da">
          <Coords points="1705,2987 1742,2987 1792,2987 1839,2989 1837,3034 1792,3032 1742,3032 1705,3032"/>
          <TextEquiv>
            <Unicode>ende</Unicode>
          </TextEquiv>
        </Word>
        <Word id="word_8e644764-7011-4652-8c0c-cc393a7354c5">
          <Coords points="1873,2990 1895,2992 1942,2992 1991,2991 2003,2991 2003,3036 1992,3036 1942,3037 1891,3037 1869,3035"/>
          <TextEquiv>
            <Unicode>liet</Unicode>
          </TextEquiv>
        </Word>
        <Word id="word_645c68dd-f6d8-487e-a66d-c474afcf2870">
          <Coords points="2037,2992 2043,2992 2092,2992 2141,2991 2168,2991 2168,3036 2142,3036 2092,3037 2042,3037 2036,3037"/>
          <TextEquiv>
            <Unicode>door</Unicode>
          </TextEquiv>
        </Word>
        <Word id="word_d71920dc-a5b6-49ed-a388-d5449f1be0b4">
          <Coords points="2201,2991 2242,2991 2292,2991 2334,2991 2334,3036 2292,3036 2242,3036 2201,3036"/>
          <TextEquiv>
            <Unicode>sijn</Unicode>
          </TextEquiv>
        </Word>
        <Word id="word_8c345c23-80ac-44da-8b96-902aa820612b">
          <Coords points="2367,2991 2392,2991 2443,2992 2492,2992 2533,2993 2533,3038 2492,3037 2442,3037 2392,3036 2367,3036"/>
          <TextEquiv>
            <Unicode>volcq</Unicode>
          </TextEquiv>
        </Word>
        <Word id="word_93934bb8-95de-4e93-b09e-8bf9109a0eca">
          <Coords points="2567,2993 2593,2994 2631,2992 2632,3037 2592,3039 2566,3038"/>
          <TextEquiv>
            <Unicode>op</Unicode>
          </TextEquiv>
        </Word>
        <Word id="word_b662f057-1c51-46c7-b69b-c0b9508ec84f">
          <Coords points="2665,2991 2692,2991 2741,2990 2791,2989 2841,2988 2865,2989 2863,3034 2842,3033 2792,3034 2742,3035 2692,3036 2665,3036"/>
          <TextEquiv>
            <Unicode>spelen</Unicode>
          </TextEquiv>
        </Word>
        <Word id="word_1a45baee-a7a9-4edc-924a-419b95f22fb1">
          <Coords points="2898,2990 2943,2991 2991,2990 3026,2986 3030,3031 2992,3035 2942,3036 2897,3035"/>
          <TextEquiv>
            <Unicode>ende</Unicode>
          </TextEquiv>
        </Word>
        <Word id="word_f8d1eb65-5719-47e2-b712-2e8f6d235a6b">
          <Coords points="3062,2983 3092,2983 3143,2985 3193,2987 3243,2988 3261,2988 3261,3033 3242,3033 3192,3032 3142,3030 3092,3028 3062,3028"/>
          <TextEquiv>
            <Unicode>singen</Unicode>
          </TextEquiv>
        </Word>
        <TextEquiv conf="0.8946846875395702">
          <Unicode>nieuwe huijsinge ende liet door sijn volcq op spelen ende singen</Unicode>
        </TextEquiv>
        <TextStyle xHeight="46"/>
      </TextLine>
      <TextLine id="line_31677d60-544f-4bdb-af38-484ed126a3cd">
        <Coords points="1116,3076 1198,3076 1206,3084 1474,3084 1498,3100 1602,3100 1610,3108 1693,3113 1773,3034 1793,3033 1845,3061 1895,3069 1933,3092 2017,3092 2037,3104 2205,3104 2223,3120 2302,3085 2315,3092 2333,3077 2353,3093 2562,3104 2583,3121 2640,3117 2673,3085 2733,3085 2757,3065 2868,3065 2880,3076 3340,3080 3368,3100 3384,3086 3401,3086 3401,3169 3352,3174 3282,3244 3271,3233 3248,3233 3228,3217 3044,3217 3036,3209 2809,3205 2737,3226 2673,3226 2637,3193 1582,3190 1530,3173 1116,3186"/>
        <Baseline points="1157,3167 1207,3170 1257,3167 1307,3165 1357,3164 1407,3163 1457,3161 1507,3159 1557,3158 1607,3158 1657,3157 1707,3157 1757,3155 1807,3154 1857,3153 1907,3153 1957,3153 2007,3151 2057,3152 2107,3153 2157,3152 2207,3152 2257,3153 2307,3153 2357,3155 2407,3156 2457,3157 2507,3157 2557,3158 2607,3158 2657,3160 2707,3159 2757,3159 2807,3158 2857,3158 2907,3156 2957,3156 3007,3154 3057,3152 3107,3152 3157,3152 3207,3152 3257,3150 3307,3148 3357,3148 3361,3149"/>
        <Word id="word_67e36e14-5f55-4d67-98ea-35bd7b7659e6">
          <Coords points="1159,3132 1209,3135 1255,3132 1280,3131 1282,3176 1258,3177 1206,3180 1156,3177"/>
          <TextEquiv>
            <Unicode>met</Unicode>
          </TextEquiv>
        </Word>
        <Word id="word_a1cd5a01-40f9-46c1-97f8-f43f9de51e41">
          <Coords points="1323,3129 1357,3129 1406,3128 1456,3126 1506,3124 1556,3123 1573,3123 1573,3168 1557,3168 1507,3169 1457,3171 1407,3173 1357,3174 1323,3174"/>
          <TextEquiv>
            <Unicode>welcke</Unicode>
          </TextEquiv>
        </Word>
        <Word id="word_7a7536bb-ed01-44fc-bda9-43a79f875341">
          <Coords points="1613,3123 1656,3122 1707,3122 1756,3120 1806,3119 1856,3118 1905,3118 1905,3163 1857,3163 1807,3164 1757,3165 1707,3167 1657,3167 1615,3168"/>
          <TextEquiv>
            <Unicode>melodie</Unicode>
          </TextEquiv>
        </Word>
        <Word id="word_218a8ac1-c15c-4309-a530-be7cc06def07">
          <Coords points="1947,3118 1957,3118 2006,3116 2058,3117 2108,3118 2154,3117 2155,3162 2107,3163 2057,3162 2007,3161 1957,3163 1947,3163"/>
          <TextEquiv>
            <Unicode>meest</Unicode>
          </TextEquiv>
        </Word>
        <Word id="word_7964d139-2916-43e0-b53e-08b1582cc2d9">
          <Coords points="2199,3116 2210,3117 2258,3118 2307,3118 2358,3120 2408,3121 2458,3122 2507,3122 2558,3123 2571,3123 2571,3168 2557,3168 2507,3167 2457,3167 2407,3166 2357,3165 2307,3163 2257,3163 2206,3162 2196,3161"/>
          <TextEquiv>
            <Unicode>denhalven</Unicode>
          </TextEquiv>
        </Word>
        <Word id="word_274fbf02-9505-4450-b28a-2f6c57d88e35">
          <Coords points="2614,3123 2659,3125 2706,3124 2757,3124 2806,3123 2820,3123 2820,3168 2807,3168 2757,3169 2707,3169 2657,3170 2612,3168"/>
          <TextEquiv>
            <Unicode>naght</Unicode>
          </TextEquiv>
        </Word>
        <Word id="word_793e6507-c751-4ba6-bf73-1b8d0bb8e315">
          <Coords points="2860,3123 2905,3121 2957,3121 3006,3119 3056,3117 3107,3117 3157,3117 3207,3117 3256,3115 3306,3113 3357,3113 3369,3115 3359,3159 3357,3158 3307,3158 3257,3160 3207,3162 3157,3162 3107,3162 3057,3162 3007,3164 2957,3166 2907,3166 2862,3168"/>
          <TextEquiv>
            <Unicode>deurbrachten</Unicode>
          </TextEquiv>
        </Word>
        <TextEquiv conf="0.8981152547651703">
          <Unicode>met welcke melodie meest denhalven naght deurbrachten</Unicode>
        </TextEquiv>
        <TextStyle xHeight="42"/>
      </TextLine>
      <TextLine id="line_27516f65-ab4e-48cc-ae99-cfc64a1e5069">
        <Coords points="1127,3187 1205,3187 1213,3179 1533,3174 1585,3191 2640,3194 2676,3226 2740,3226 2808,3205 3035,3209 3043,3217 3227,3217 3247,3230 3279,3224 3290,3234 3300,3226 3323,3243 3364,3202 3383,3213 3408,3214 3408,3297 3323,3303 3247,3371 3055,3366 3031,3342 2963,3330 2947,3318 2843,3319 2796,3359 2624,3302 2600,3307 2582,3323 2044,3322 2008,3306 1928,3306 1916,3315 1800,3315 1764,3351 1736,3351 1724,3363 1620,3363 1545,3338 1514,3319 1479,3347 1401,3338 1373,3322 1127,3322"/>
        <Baseline points="1168,3303 1218,3302 1268,3299 1318,3300 1368,3298 1418,3295 1468,3293 1518,3291 1568,3291 1618,3291 1668,3288 1718,3287 1768,3287 1818,3286 1868,3287 1918,3285 1968,3283 2018,3282 2068,3283 2118,3284 2168,3285 2218,3284 2268,3284 2318,3287 2368,3290 2418,3289 2468,3290 2518,3292 2568,3292 2618,3290 2668,3290 2718,3289 2768,3289 2818,3288 2868,3286 2918,3285 2968,3283 3018,3283 3068,3284 3118,3284 3168,3282 3218,3282 3268,3280 3318,3280 3368,3277"/>
        <Word id="word_0219cc46-443a-4d8e-ac9b-3f51ee89edb5">
          <Coords points="1167,3268 1217,3267 1266,3264 1319,3265 1367,3263 1416,3260 1467,3258 1517,3256 1568,3256 1571,3256 1571,3301 1568,3301 1518,3301 1468,3303 1419,3305 1368,3308 1318,3310 1269,3309 1218,3312 1168,3313"/>
          <TextEquiv>
            <Unicode>scheensigh</Unicode>
          </TextEquiv>
        </Word>
        <Word id="word_767ff5f2-0f1d-4169-b3dc-1e9a1f7dbfec">
          <Coords points="1608,3256 1618,3256 1666,3253 1717,3252 1768,3252 1817,3251 1829,3251 1828,3296 1818,3296 1768,3297 1718,3297 1669,3298 1618,3301 1608,3301"/>
          <TextEquiv>
            <Unicode>dapper</Unicode>
          </TextEquiv>
        </Word>
        <Word id="word_a61955ed-1ae0-49b9-9a3e-b0ea30938755">
          <Coords points="1865,3252 1869,3252 1917,3250 1967,3248 2017,3247 2069,3248 2119,3249 2122,3249 2121,3294 2118,3294 2068,3293 2018,3292 1968,3293 1918,3295 1868,3297 1864,3297"/>
          <TextEquiv>
            <Unicode>genegen</Unicode>
          </TextEquiv>
        </Word>
        <Word id="word_f8757217-4bf2-4fed-a89f-4172788d7494">
          <Coords points="2159,3250 2169,3250 2217,3249 2231,3249 2231,3294 2218,3294 2168,3295 2158,3295"/>
          <TextEquiv>
            <Unicode>te</Unicode>
          </TextEquiv>
        </Word>
        <Word id="word_80a03d09-28a8-4506-a598-ff2910a85bbe">
          <Coords points="2268,3249 2268,3249 2320,3252 2370,3255 2417,3254 2469,3255 2489,3256 2487,3301 2468,3300 2418,3299 2367,3300 2317,3297 2268,3294 2268,3294"/>
          <TextEquiv>
            <Unicode>toonen</Unicode>
          </TextEquiv>
        </Word>
        <Word id="word_43088cae-c49e-4efd-8e14-e10cc3e68cb1">
          <Coords points="2524,3257 2568,3257 2617,3255 2635,3255 2635,3300 2618,3300 2568,3302 2525,3302"/>
          <TextEquiv>
            <Unicode>end</Unicode>
          </TextEquiv>
        </Word>
        <Word id="word_961a7e78-e130-4f05-9249-b54fd8caad80">
          <Coords points="2671,3255 2717,3254 2768,3254 2817,3253 2867,3251 2917,3250 2927,3250 2928,3295 2918,3295 2868,3296 2818,3298 2768,3299 2718,3299 2671,3300"/>
          <TextEquiv>
            <Unicode>wersten</Unicode>
          </TextEquiv>
        </Word>
        <Word id="word_2600f6cd-020e-460b-a965-68ad699c2d54">
          <Coords points="2963,3248 2967,3248 3018,3248 3069,3249 3075,3249 3075,3294 3068,3294 3018,3293 2968,3293 2965,3293"/>
          <TextEquiv>
            <Unicode>ons</Unicode>
          </TextEquiv>
        </Word>
        <Word id="word_d2b1f168-9556-4196-8683-2a37e5c57af9">
          <Coords points="3111,3249 3118,3249 3167,3247 3218,3247 3267,3245 3318,3245 3366,3242 3369,3287 3318,3290 3268,3290 3218,3292 3168,3292 3118,3294 3111,3294"/>
          <TextEquiv>
            <Unicode>gelijck</Unicode>
          </TextEquiv>
        </Word>
        <TextEquiv conf="0.8682309614687332">
          <Unicode>scheensigh dapper genegen te toonen end wersten ons gelijck</Unicode>
        </TextEquiv>
        <TextStyle xHeight="48"/>
      </TextLine>
      <TextLine id="d8ca6f4e-c182-48c5-8e55-4fa8713f5cc4">
        <Coords points="1158,3321 1372,3321 1395,3337 1448,3346 1485,3346 1510,3321 1520,3321 1584,3353 1624,3353 1636,3362 1723,3362 1735,3350 1763,3350 1799,3314 2019,3309 2051,3322 2582,3322 2599,3306 2620,3302 2798,3361 2850,3317 2946,3317 2962,3329 2986,3333 3026,3366 3250,3370 3286,3337 3363,3342 3373,3334 3391,3352 3391,3436 3368,3429 3306,3430 3230,3492 3074,3492 3062,3500 2906,3504 2659,3504 2635,3487 2347,3487 2255,3440 1308,3441 1252,3492 1158,3528"/>
        <Baseline points="1199,3429 1249,3431 1299,3431 1349,3430 1399,3430 1449,3430 1499,3429 1549,3429 1599,3427 1649,3426 1699,3426 1749,3427 1799,3427 1849,3429 1899,3428 1949,3427 1999,3426 2049,3426 2099,3426 2149,3426 2199,3427 2249,3425 2299,3424 2349,3425 2399,3426 2449,3426 2499,3427 2549,3427 2599,3427 2649,3428 2699,3430 2749,3431 2799,3431 2849,3428 2899,3426 2949,3425 2999,3424 3049,3424 3099,3423 3149,3423 3199,3423 3249,3424 3299,3422 3349,3417 3351,3416"/>
        <Word id="word_998ee123-7dad-438d-b836-56f4c752bf0f">
          <Coords points="1200,3394 1250,3396 1299,3396 1348,3395 1399,3395 1401,3395 1401,3440 1399,3440 1349,3440 1299,3441 1249,3441 1199,3439"/>
          <TextEquiv>
            <Unicode>sijnen</Unicode>
          </TextEquiv>
        </Word>
        <Word id="word_7aedb0e2-f572-49bd-8ce6-2899886ce165">
          <Coords points="1434,3395 1449,3395 1498,3394 1549,3394 1598,3392 1602,3392 1603,3437 1599,3437 1549,3439 1499,3439 1449,3440 1434,3440"/>
          <TextEquiv>
            <Unicode>vader</Unicode>
          </TextEquiv>
        </Word>
        <Word id="word_db43de08-fb43-4875-a216-3163e2d1bd7d">
          <Coords points="1636,3391 1648,3391 1699,3391 1750,3392 1799,3392 1839,3394 1838,3439 1799,3437 1749,3437 1699,3436 1649,3436 1636,3436"/>
          <TextEquiv>
            <Unicode>dienen</Unicode>
          </TextEquiv>
        </Word>
        <Word id="word_08d5aee2-ed15-44a8-bfba-05143c025dd8">
          <Coords points="1869,3395 1897,3393 1948,3392 1998,3391 2049,3391 2099,3391 2107,3391 2107,3436 2099,3436 2049,3436 1999,3436 1949,3437 1900,3438 1872,3440"/>
          <TextEquiv>
            <Unicode>mochte,</Unicode>
          </TextEquiv>
        </Word>
        <Word id="word_f6374cb1-0d4b-49dc-95a8-2d1df296a4ed">
          <Coords points="2141,3391 2149,3391 2200,3392 2240,3390 2242,3435 2199,3437 2149,3436 2141,3436"/>
          <TextEquiv>
            <Unicode>dat</Unicode>
          </TextEquiv>
        </Word>
        <Word id="word_f14d6760-b1a5-4e18-8587-463dcf70e2a0">
          <Coords points="2275,3389 2299,3389 2343,3390 2342,3435 2299,3434 2275,3434"/>
          <TextEquiv>
            <Unicode>nu</Unicode>
          </TextEquiv>
        </Word>
        <Word id="word_f0522316-2434-4e97-b46d-bb3b0251982a">
          <Coords points="2377,3391 2400,3391 2449,3391 2500,3392 2549,3392 2599,3392 2612,3392 2611,3437 2599,3437 2549,3437 2499,3437 2449,3436 2399,3436 2376,3436"/>
          <TextEquiv>
            <Unicode>wermits</Unicode>
          </TextEquiv>
        </Word>
        <Word id="word_aaf0d653-1d2b-4d78-bf8e-54f1e2535ee6">
          <Coords points="2646,3393 2650,3393 2700,3395 2750,3396 2799,3396 2847,3393 2898,3391 2947,3390 2948,3435 2899,3436 2850,3438 2799,3441 2749,3441 2699,3440 2649,3438 2645,3438"/>
          <TextEquiv>
            <Unicode>ongadingh</Unicode>
          </TextEquiv>
        </Word>
        <Word id="word_b76434ea-a70a-4c75-b397-ac3a363e6c7d">
          <Coords points="2981,3389 2998,3389 3049,3389 3082,3388 3083,3433 3049,3434 2999,3434 2982,3434"/>
          <TextEquiv>
            <Unicode>die</Unicode>
          </TextEquiv>
        </Word>
        <Word id="word_0272a182-605e-4c5e-bb44-992a10677d04">
          <Coords points="3116,3388 3149,3388 3199,3388 3250,3389 3298,3387 3335,3385 3346,3382 3355,3425 3350,3427 3299,3432 3249,3434 3199,3433 3149,3433 3116,3433"/>
          <TextEquiv>
            <Unicode>chergie</Unicode>
          </TextEquiv>
        </Word>
        <TextEquiv conf="0.9388953787904893">
          <Unicode>sijnen vader dienen mochte, dat nu wermits ongadingh die chergie</Unicode>
        </TextEquiv>
        <TextStyle xHeight="47"/>
      </TextLine>
      <TextLine id="e97353ea-65fb-4637-8f54-c1b397f71fd1">
        <Coords points="1161,3527 1251,3492 1307,3441 1499,3437 2254,3440 2345,3487 2637,3487 2657,3504 2905,3504 3060,3500 3072,3492 3228,3492 3260,3475 3280,3475 3308,3499 3365,3499 3373,3490 3373,3573 3356,3569 3266,3656 3238,3631 3200,3632 3172,3655 3158,3655 3138,3635 3060,3635 2938,3565 1161,3572"/>
        <Baseline points="1202,3554 1252,3556 1302,3556 1352,3555 1402,3555 1452,3554 1502,3553 1552,3552 1602,3552 1652,3553 1702,3554 1752,3555 1802,3555 1852,3554 1902,3554 1952,3554 2002,3552 2052,3551 2102,3552 2152,3552 2202,3553 2252,3553 2302,3553 2352,3555 2402,3557 2452,3558 2502,3560 2552,3559 2602,3559 2652,3559 2702,3559 2752,3559 2802,3559 2852,3559 2902,3558 2952,3557 3002,3557 3052,3556 3102,3557 3152,3556 3202,3556 3252,3556 3302,3555 3333,3553"/>
        <Word id="word_3d4d26a8-829d-40b0-9ba3-70980fd1b78e">
          <Coords points="1203,3519 1253,3521 1302,3521 1351,3520 1402,3520 1450,3519 1451,3564 1402,3565 1352,3565 1302,3566 1252,3566 1202,3564"/>
          <TextEquiv>
            <Unicode>bevolen</Unicode>
          </TextEquiv>
        </Word>
        <Word id="word_7df8e672-a627-470d-82b8-7733f9c72e4b">
          <Coords points="1485,3518 1501,3518 1551,3517 1602,3517 1629,3518 1628,3563 1602,3562 1552,3562 1502,3563 1486,3563"/>
          <TextEquiv>
            <Unicode>was,</Unicode>
          </TextEquiv>
        </Word>
        <Word id="word_18d93241-569c-4dba-bcba-e68e1c6aa049">
          <Coords points="1664,3518 1703,3519 1753,3520 1770,3520 1770,3565 1752,3565 1702,3564 1664,3563"/>
          <TextEquiv>
            <Unicode>soo</Unicode>
          </TextEquiv>
        </Word>
        <Word id="word_b0504480-3aa3-4c5d-a0e8-0205ce6bd661">
          <Coords points="1805,3520 1851,3519 1902,3519 1912,3519 1912,3564 1902,3564 1852,3564 1806,3565"/>
          <TextEquiv>
            <Unicode>wel</Unicode>
          </TextEquiv>
        </Word>
        <Word id="word_82d75387-047d-4795-853d-cdbdf4536821">
          <Coords points="1948,3519 1952,3519 2001,3517 2051,3516 2091,3517 2090,3562 2052,3561 2002,3562 1952,3564 1948,3564"/>
          <TextEquiv>
            <Unicode>niet</Unicode>
          </TextEquiv>
        </Word>
        <Word id="word_58d222d6-3d6a-49fb-88ff-a69927a483b2">
          <Coords points="2125,3517 2151,3517 2203,3518 2252,3518 2302,3518 2304,3518 2303,3563 2302,3563 2252,3563 2202,3563 2152,3562 2126,3562"/>
          <TextEquiv>
            <Unicode>conde</Unicode>
          </TextEquiv>
        </Word>
        <Word id="word_8e9064ef-3722-4591-8461-8291a7fc211f">
          <Coords points="2340,3519 2353,3520 2403,3522 2453,3523 2503,3525 2515,3525 2516,3570 2502,3570 2452,3568 2402,3567 2352,3565 2338,3564"/>
          <TextEquiv>
            <Unicode>doen,</Unicode>
          </TextEquiv>
        </Word>
        <Word id="word_f53a2c75-4ac7-4b5d-8440-12d9dcd1f751">
          <Coords points="2551,3524 2551,3524 2602,3524 2652,3524 2702,3524 2752,3524 2765,3524 2765,3569 2752,3569 2702,3569 2652,3569 2602,3569 2552,3569 2552,3569"/>
          <TextEquiv>
            <Unicode>echter</Unicode>
          </TextEquiv>
        </Word>
        <Word id="word_f9e78a68-c334-4e0d-b2b8-ff5d3ff2ec17">
          <Coords points="2800,3524 2802,3524 2852,3524 2901,3523 2951,3522 3002,3522 3048,3521 3049,3566 3002,3567 2952,3567 2902,3568 2852,3569 2802,3569 2800,3569"/>
          <TextEquiv>
            <Unicode>sooveel</Unicode>
          </TextEquiv>
        </Word>
        <Word id="word_1bcb5e04-918e-44e1-b10e-70bbeb9d5857">
          <Coords points="3088,3521 3105,3522 3151,3521 3202,3521 3252,3521 3301,3520 3331,3518 3334,3563 3302,3565 3252,3566 3202,3566 3152,3566 3101,3567 3083,3565"/>
          <TextEquiv>
            <Unicode>buijten</Unicode>
          </TextEquiv>
        </Word>
        <TextEquiv conf="0.9364781116593472">
          <Unicode>bevolen was, soo wel niet conde doen, echter sooveel buijten</Unicode>
        </TextEquiv>
        <TextStyle xHeight="42"/>
      </TextLine>
      <TextLine id="line_7488ff32-0574-41ff-a796-6af4d53ea4e2">
        <Coords points="1154,3570 1879,3575 1887,3567 2943,3567 3057,3633 3136,3633 3169,3656 3205,3630 3236,3629 3269,3657 3288,3638 3333,3622 3361,3594 3366,3598 3376,3590 3402,3612 3402,3696 3374,3714 3269,3711 3249,3723 2726,3727 2702,3718 2318,3718 2290,3735 2047,3735 2019,3750 1991,3750 1979,3762 1955,3766 1911,3761 1879,3730 1667,3730 1651,3714 1551,3714 1463,3797 1435,3777 1392,3777 1372,3765 1280,3765 1259,3782 1224,3773 1154,3773"/>
        <Baseline points="1195,3680 1245,3684 1295,3684 1345,3684 1395,3685 1445,3686 1495,3684 1545,3684 1595,3684 1645,3685 1695,3685 1745,3685 1795,3685 1845,3685 1895,3684 1945,3685 1995,3683 2045,3682 2095,3682 2145,3679 2195,3679 2245,3679 2295,3678 2345,3677 2395,3679 2445,3680 2495,3680 2545,3679 2595,3680 2645,3680 2695,3681 2745,3682 2795,3682 2845,3683 2895,3683 2945,3684 2995,3684 3045,3684 3095,3683 3145,3682 3195,3680 3245,3679 3295,3676 3345,3673 3362,3676"/>
        <Word id="word_7814c07f-3215-4b11-acca-e323840ee508">
          <Coords points="1198,3645 1248,3649 1263,3649 1263,3694 1244,3694 1194,3690"/>
          <TextEquiv>
            <Unicode>op</Unicode>
          </TextEquiv>
        </Word>
        <Word id="word_a381bb7f-6efb-4528-90e9-147645b23d6e">
          <Coords points="1296,3649 1345,3649 1396,3650 1446,3651 1494,3649 1534,3649 1534,3694 1495,3694 1445,3696 1395,3695 1345,3694 1296,3694"/>
          <TextEquiv>
            <Unicode>spraeck</Unicode>
          </TextEquiv>
        </Word>
        <Word id="word_dfc4ae19-5e4c-4aea-8576-698e78162dfc">
          <Coords points="1567,3649 1595,3649 1646,3650 1695,3650 1737,3650 1737,3695 1695,3695 1645,3695 1595,3694 1567,3694"/>
          <TextEquiv>
            <Unicode>wiste</Unicode>
          </TextEquiv>
        </Word>
        <Word id="word_d15fb601-314e-4ea1-9c01-8470030d6144">
          <Coords points="1771,3650 1795,3650 1838,3650 1838,3695 1795,3695 1771,3695"/>
          <TextEquiv>
            <Unicode>te</Unicode>
          </TextEquiv>
        </Word>
        <Word id="word_02f69ddb-e804-49f8-83e4-c9c5b18dce76">
          <Coords points="1871,3650 1893,3649 1946,3650 1994,3648 2007,3648 2008,3693 1995,3693 1945,3695 1895,3694 1873,3695"/>
          <TextEquiv>
            <Unicode>wege</Unicode>
          </TextEquiv>
        </Word>
        <Word id="word_a933e330-f9d5-4ad2-9843-6a21c3e8c7c3">
          <Coords points="2041,3647 2044,3647 2095,3647 2107,3646 2110,3691 2095,3692 2045,3692 2042,3692"/>
          <TextEquiv>
            <Unicode>te</Unicode>
          </TextEquiv>
        </Word>
        <Word id="word_6ef60dea-d44d-4c13-a4ae-7c921a52aab6">
          <Coords points="2141,3644 2143,3644 2195,3644 2245,3644 2294,3643 2344,3642 2382,3643 2380,3688 2345,3687 2295,3688 2245,3689 2195,3689 2146,3689 2144,3689"/>
          <TextEquiv>
            <Unicode>brengen</Unicode>
          </TextEquiv>
        </Word>
        <Word id="word_24083a3e-1cb7-4c47-b051-98d0f2721329">
          <Coords points="2414,3645 2445,3645 2495,3645 2544,3644 2596,3645 2617,3645 2617,3690 2595,3690 2545,3689 2495,3690 2445,3690 2414,3690"/>
          <TextEquiv>
            <Unicode>bleeff</Unicode>
          </TextEquiv>
        </Word>
        <Word id="word_05a73ab1-71a6-40eb-912b-137b00d74db9">
          <Coords points="2652,3645 2696,3646 2720,3646 2719,3691 2695,3691 2651,3690"/>
          <TextEquiv>
            <Unicode>t'</Unicode>
          </TextEquiv>
        </Word>
        <Word id="word_64318b3f-340c-4e12-808d-9534dd19a332">
          <Coords points="2753,3647 2795,3647 2846,3648 2895,3648 2923,3649 2922,3694 2895,3693 2845,3693 2795,3692 2753,3692"/>
          <TextEquiv>
            <Unicode>allen</Unicode>
          </TextEquiv>
        </Word>
        <Word id="word_c1056feb-71a0-45f8-b649-e5842bb38ec9">
          <Coords points="2956,3649 2995,3649 3045,3649 3094,3648 3125,3647 3126,3692 3095,3693 3045,3694 2995,3694 2956,3694"/>
          <TextEquiv>
            <Unicode>byden</Unicode>
          </TextEquiv>
        </Word>
        <Word id="word_f7bcd4e8-5e7a-48bc-83af-83d9c70cc766">
          <Coords points="3158,3647 3193,3645 3244,3644 3293,3641 3343,3638 3368,3642 3360,3686 3346,3683 3296,3686 3245,3689 3195,3690 3160,3692"/>
          <TextEquiv>
            <Unicode>bereyt</Unicode>
          </TextEquiv>
        </Word>
        <TextEquiv conf="0.8767326419763017">
          <Unicode>op spraeck wiste te wege te brengen bleeff t' allen byden bereyt</Unicode>
        </TextEquiv>
        <TextStyle xHeight="53"/>
      </TextLine>
      <TextLine id="line_7ccbf0b9-63d6-4300-b73f-f620406bb2bb">
        <Coords points="1160,3775 1230,3775 1238,3783 1257,3784 1278,3767 1370,3767 1386,3775 1434,3776 1460,3792 1541,3715 1653,3715 1673,3731 1881,3731 1913,3763 1953,3764 1982,3760 2021,3740 2036,3744 2057,3724 2169,3719 2708,3719 2740,3743 2796,3748 3079,3739 3295,3739 3320,3748 3320,3830 3255,3830 3244,3820 3103,3828 2496,3827 2436,3875 1160,3862"/>
        <Baseline points="1201,3817 1251,3820 1301,3821 1351,3820 1401,3819 1451,3819 1501,3819 1551,3818 1601,3818 1651,3817 1701,3817 1751,3817 1801,3817 1851,3817 1901,3816 1951,3817 2001,3816 2051,3816 2101,3814 2151,3814 2201,3813 2251,3812 2301,3811 2351,3810 2401,3811 2451,3811 2501,3811 2551,3812 2601,3812 2651,3813 2701,3814 2751,3814 2801,3814 2851,3815 2901,3815 2951,3815 3001,3816 3051,3816 3101,3816 3151,3815 3201,3813 3251,3813 3280,3810"/>
        <Word id="word_068a3803-9b6a-4ab6-97d1-5892c1fc18a8">
          <Coords points="1203,3782 1253,3785 1302,3786 1325,3786 1326,3831 1301,3831 1250,3830 1200,3827"/>
          <TextEquiv>
            <Unicode>wij</Unicode>
          </TextEquiv>
        </Word>
        <Word id="word_5d4ef8c0-1293-4e83-b2c9-538afc4e9dc6">
          <Coords points="1367,3785 1400,3784 1451,3784 1501,3784 1550,3783 1601,3783 1650,3782 1701,3782 1742,3782 1742,3827 1701,3827 1651,3827 1601,3828 1551,3828 1501,3829 1451,3829 1401,3829 1367,3830"/>
          <TextEquiv>
            <Unicode>bedancten</Unicode>
          </TextEquiv>
        </Word>
        <Word id="word_bc340db5-7e84-45f4-b469-831229bdda8e">
          <Coords points="1783,3782 1801,3782 1851,3782 1900,3781 1952,3782 2000,3781 2051,3781 2100,3779 2151,3779 2157,3779 2158,3824 2151,3824 2101,3824 2051,3826 2001,3826 1951,3827 1901,3826 1851,3827 1801,3827 1783,3827"/>
          <TextEquiv>
            <Unicode>denselven</Unicode>
          </TextEquiv>
        </Word>
        <Word id="word_ddb4712d-f340-43b2-ac10-4573f56689c3">
          <Coords points="2198,3778 2200,3778 2250,3777 2300,3776 2350,3775 2366,3775 2365,3820 2351,3820 2301,3821 2251,3822 2201,3823 2199,3823"/>
          <TextEquiv>
            <Unicode>voor</Unicode>
          </TextEquiv>
        </Word>
        <Word id="word_d0f42efc-7a3e-4cd4-b6d2-c32308e2095d">
          <Coords points="2407,3776 2451,3776 2501,3776 2552,3777 2573,3777 2573,3822 2551,3822 2501,3821 2451,3821 2407,3821"/>
          <TextEquiv>
            <Unicode>syne</Unicode>
          </TextEquiv>
        </Word>
        <Word id="word_ce0d472b-391c-437f-8a1c-dadc1e1cb5b4">
          <Coords points="2616,3777 2652,3778 2702,3779 2751,3779 2801,3779 2852,3780 2864,3780 2864,3825 2851,3825 2801,3824 2751,3824 2701,3824 2651,3823 2615,3822"/>
          <TextEquiv>
            <Unicode>gunste</Unicode>
          </TextEquiv>
        </Word>
        <Word id="word_7bebb2e4-b1ea-4d0b-bd9e-7b7ad3fd35d3">
          <Coords points="2906,3780 2951,3780 3002,3781 3051,3781 3101,3781 3150,3780 3200,3778 3251,3778 3276,3775 3281,3820 3251,3823 3201,3823 3151,3825 3101,3826 3051,3826 3001,3826 2951,3825 2906,3825"/>
          <TextEquiv>
            <Unicode>sonswarts</Unicode>
          </TextEquiv>
        </Word>
        <TextEquiv conf="0.8829136667437875">
          <Unicode>wij bedancten denselven voor syne gunste sonswarts</Unicode>
        </TextEquiv>
        <TextStyle xHeight="43"/>
      </TextLine>
      <TextLine id="acae475e-9187-445e-80db-a3b19e7e7793">
        <Coords points="1140,3860 1849,3864 1870,3876 2318,3877 2426,3877 2462,3860 3106,3860 3158,3908 3186,3909 3210,3901 3230,3881 3355,3879 3355,3962 3146,3962 3122,3952 3014,3952 2978,3984 2654,3984 2630,4008 2590,4020 2574,4019 2546,3995 2502,3995 2486,4004 2382,4003 2334,3964 1894,3965 1830,4028 1802,4027 1790,4015 1712,4015 1692,3995 1286,3995 1274,3987 1140,3987"/>
        <Baseline points="1181,3955 1231,3951 1281,3951 1331,3949 1381,3947 1431,3947 1481,3946 1531,3946 1581,3945 1631,3945 1681,3945 1731,3944 1781,3943 1831,3943 1881,3942 1931,3941 1981,3940 2031,3940 2081,3939 2131,3938 2181,3938 2231,3938 2281,3939 2331,3940 2381,3940 2431,3940 2481,3939 2531,3939 2581,3941 2631,3943 2681,3942 2731,3942 2781,3942 2831,3942 2881,3941 2931,3939 2981,3939 3031,3937 3081,3936 3131,3937 3181,3936 3231,3935 3281,3940 3315,3942"/>
        <Word id="word_09db555d-2902-4f6e-b1fe-bd85236cf316">
          <Coords points="1178,3920 1228,3916 1281,3916 1330,3914 1335,3914 1336,3959 1331,3959 1281,3961 1232,3961 1182,3965"/>
          <TextEquiv>
            <Unicode>ende</Unicode>
          </TextEquiv>
        </Word>
        <Word id="word_55de326f-8e9b-49a0-a3ec-f56a57af9f49">
          <Coords points="1373,3912 1380,3912 1431,3912 1480,3911 1531,3911 1568,3910 1569,3955 1531,3956 1481,3956 1431,3957 1381,3957 1375,3957"/>
          <TextEquiv>
            <Unicode>gaven</Unicode>
          </TextEquiv>
        </Word>
        <Word id="word_ea38b4ff-5990-4197-86e5-ba85594fde67">
          <Coords points="1609,3909 1632,3910 1681,3910 1685,3910 1686,3955 1681,3955 1631,3955 1607,3954"/>
          <TextEquiv>
            <Unicode>te</Unicode>
          </TextEquiv>
        </Word>
        <Word id="word_95fd2393-52ed-43ed-a677-1540d72e8e5f">
          <Coords points="1723,3909 1730,3909 1780,3908 1831,3908 1880,3907 1930,3906 1956,3905 1957,3950 1931,3951 1881,3952 1831,3953 1781,3953 1731,3954 1724,3954"/>
          <TextEquiv>
            <Unicode>kennen</Unicode>
          </TextEquiv>
        </Word>
        <Word id="word_89d48d38-aeef-4927-992e-61ecd3b95358">
          <Coords points="1996,3905 2031,3905 2080,3904 2130,3903 2181,3903 2231,3903 2282,3904 2332,3905 2381,3905 2384,3905 2384,3950 2381,3950 2331,3950 2281,3949 2231,3948 2181,3948 2131,3948 2081,3949 2031,3950 1996,3950"/>
          <TextEquiv>
            <Unicode>voornemens</Unicode>
          </TextEquiv>
        </Word>
        <Word id="word_e0b6b359-8237-416a-b636-6437c1abd2f4">
          <Coords points="2423,3905 2431,3905 2480,3904 2531,3904 2582,3906 2618,3907 2616,3952 2581,3951 2531,3949 2481,3949 2431,3950 2423,3950"/>
          <TextEquiv>
            <Unicode>waren</Unicode>
          </TextEquiv>
        </Word>
        <Word id="word_093b1dae-2eda-47bf-9f76-0e79e7fee40c">
          <Coords points="2653,3909 2678,3907 2731,3907 2772,3907 2772,3952 2731,3952 2682,3952 2656,3954"/>
          <TextEquiv>
            <Unicode>bij</Unicode>
          </TextEquiv>
        </Word>
        <Word id="word_fdaad78c-a859-4d75-a545-9b21315759ae">
          <Coords points="2811,3907 2831,3907 2880,3906 2930,3904 2981,3904 3030,3902 3080,3901 3132,3902 3180,3901 3230,3900 3284,3905 3317,3907 3314,3952 3280,3950 3231,3945 3181,3946 3131,3947 3081,3946 3031,3947 2981,3949 2931,3949 2881,3951 2831,3952 2811,3952"/>
          <TextEquiv>
            <Unicode>tergelegenh=t</Unicode>
          </TextEquiv>
        </Word>
        <TextEquiv conf="0.853641989709409">
          <Unicode>ende gaven te kennen voornemens waren bij tergelegenh=t</Unicode>
        </TextEquiv>
        <TextStyle xHeight="44"/>
      </TextLine>
      <TextLine id="bfe038d7-4ef4-4180-81dd-fde6f444b1bf">
        <Coords points="1164,3990 1693,3994 1721,4014 1789,4014 1805,4029 1829,4030 1897,3966 2336,3966 2380,4002 2488,4003 2504,3994 2544,3994 2572,4018 2600,4019 2632,4007 2656,3983 2872,3978 2968,3987 3011,3954 3127,3954 3191,3998 3356,4002 3356,4085 2616,4098 2536,4177 2364,4177 2352,4188 2145,4188 2042,4090 2021,4079 1741,4079 1673,4145 1164,4145"/>
        <Baseline points="1205,4080 1255,4075 1305,4073 1355,4072 1405,4071 1455,4070 1505,4070 1555,4070 1605,4069 1655,4069 1705,4068 1755,4068 1805,4068 1855,4068 1905,4067 1955,4065 2005,4063 2055,4064 2105,4065 2155,4065 2205,4067 2255,4066 2305,4067 2355,4066 2405,4067 2455,4067 2505,4067 2555,4069 2605,4069 2655,4068 2705,4068 2755,4067 2805,4066 2855,4066 2905,4066 2955,4065 3005,4063 3055,4061 3105,4061 3155,4063 3205,4064 3255,4065 3305,4064 3316,4065"/>
        <Word id="word_3d84b64e-9dc5-4eef-9f83-ffbf6c10b02e">
          <Coords points="1202,4045 1252,4040 1283,4039 1285,4084 1256,4085 1206,4090"/>
          <TextEquiv>
            <Unicode>te</Unicode>
          </TextEquiv>
        </Word>
        <Word id="word_5634594f-b9e2-4a20-b464-724a9acf9f28">
          <Coords points="1324,4037 1355,4037 1404,4036 1454,4035 1505,4035 1523,4035 1523,4080 1505,4080 1455,4080 1405,4081 1355,4082 1324,4082"/>
          <TextEquiv>
            <Unicode>laten</Unicode>
          </TextEquiv>
        </Word>
        <Word id="word_59845140-f245-4692-ab0a-a21b15c62ed0">
          <Coords points="1562,4035 1604,4034 1655,4034 1704,4033 1755,4033 1805,4033 1855,4033 1904,4032 1920,4031 1922,4076 1905,4077 1855,4078 1805,4078 1755,4078 1705,4078 1655,4079 1605,4079 1564,4080"/>
          <TextEquiv>
            <Unicode>versoeken</Unicode>
          </TextEquiv>
        </Word>
        <Word id="word_ce87db0d-9dbd-4f2e-8ede-9100188a0467">
          <Coords points="1960,4030 2004,4028 2042,4029 2041,4074 2005,4073 1962,4075"/>
          <TextEquiv>
            <Unicode>om</Unicode>
          </TextEquiv>
        </Word>
        <Word id="word_274c2d78-a3d1-4f73-b4de-7c0f26aae1ff">
          <Coords points="2082,4030 2106,4030 2155,4030 2202,4032 2200,4077 2155,4075 2105,4075 2081,4075"/>
          <TextEquiv>
            <Unicode>syn</Unicode>
          </TextEquiv>
        </Word>
        <Word id="word_d5377778-b0bc-40bc-b661-1e52ee700666">
          <Coords points="2235,4034 2249,4031 2306,4032 2354,4031 2406,4032 2455,4032 2505,4032 2556,4034 2599,4034 2599,4079 2555,4079 2505,4077 2455,4077 2405,4077 2355,4076 2305,4077 2257,4076 2242,4078"/>
          <TextEquiv>
            <Unicode>Emplaesse</Unicode>
          </TextEquiv>
        </Word>
        <Word id="word_a28c6b33-2f41-41a6-a03a-29b276f0df80">
          <Coords points="2637,4034 2653,4033 2705,4033 2754,4032 2757,4032 2758,4077 2755,4077 2705,4078 2656,4078 2639,4079"/>
          <TextEquiv>
            <Unicode>van</Unicode>
          </TextEquiv>
        </Word>
        <Word id="word_02320f20-0767-4e69-8a30-a706905f80f7">
          <Coords points="2797,4031 2804,4031 2855,4031 2905,4031 2954,4030 3004,4028 3054,4026 3105,4026 3156,4028 3157,4028 3156,4073 3155,4073 3105,4071 3055,4071 3005,4073 2955,4075 2905,4076 2855,4076 2805,4076 2798,4076"/>
          <TextEquiv>
            <Unicode>ongadingh</Unicode>
          </TextEquiv>
        </Word>
        <Word id="word_7199e2da-c0d7-4626-95c3-12ee7a61636e">
          <Coords points="3197,4029 3206,4029 3256,4030 3304,4029 3319,4030 3315,4075 3305,4074 3255,4075 3205,4074 3196,4074"/>
          <TextEquiv>
            <Unicode>die</Unicode>
          </TextEquiv>
        </Word>
        <TextEquiv conf="0.8941439254858039">
          <Unicode>te laten versoeken om syn Emplaesse van ongadingh die</Unicode>
        </TextEquiv>
        <TextStyle xHeight="50"/>
      </TextLine>
    </TextRegion>
    <TextRegion id="region_28ecdc69-2aa1-4eaf-b5c4-5baaa5d1bd5b_2" custom="structure {type:catch-word;}">
      <Coords points="2906,4231 2910,4235 2910,4238 2917,4245 2924,4245 2927,4249 2934,4249 2938,4252 2945,4252 2948,4256 2962,4256 2966,4259 2983,4259 2986,4263 3007,4263 3011,4259 3167,4259 3171,4256 3181,4256 3185,4252 3205,4252 3209,4249 3219,4249 3237,4231 3237,4228 3240,4224 3240,4221 3244,4217 3244,4210 3247,4207 3247,4203 3244,4200 3244,4193 3240,4189 3240,4176 3237,4172 3237,4169 3233,4165 3233,4162 3219,4148 3216,4148 3212,4144 3202,4144 3198,4141 3188,4141 3185,4137 3056,4137 3052,4141 3004,4141 3000,4144 2990,4144 2986,4148 2979,4148 2976,4151 2972,4151 2969,4155 2966,4155 2959,4162 2955,4162 2934,4183 2934,4186 2931,4189 2931,4193 2924,4200 2924,4203 2917,4210 2917,4214 2913,4217 2913,4221 2910,4224 2910,4228"/>
      <TextLine id="line_1ed7ebb5-8488-489d-83e3-19d3507b13dd">
        <Coords points="2830,4112 3040,4112 3116,4120 3152,4136 3224,4136 3252,4155 3293,4155 3293,4237 3060,4237 2932,4228 2896,4229 2888,4237 2830,4237"/>
        <Baseline points="2871,4220 2921,4219 2971,4215 3021,4215 3071,4216 3121,4216 3171,4216 3221,4215 3253,4217"/>
        <Word id="word_7bb412d2-2f67-40f1-8599-887869b2e827">
          <Coords points="2870,4185 2920,4184 2968,4180 3021,4180 3072,4181 3121,4181 3171,4181 3220,4180 3255,4182 3252,4227 3221,4225 3171,4226 3121,4226 3071,4226 3021,4225 2972,4225 2921,4229 2871,4230"/>
          <TextEquiv>
            <Unicode>altee</Unicode>
          </TextEquiv>
        </Word>
        <TextEquiv conf="0.663567125486639">
          <Unicode>altee</Unicode>
        </TextEquiv>
        <TextStyle xHeight="44"/>
      </TextLine>
    </TextRegion>
    <TextRegion id="region_024f8c65-92f0-4d9e-84d3-633e9955763b">
      <Coords points="727,294 1358,294 1358,343 727,343"/>
      <TextLine id="line_3a330ca9-b253-4a40-965c-51b9af7820cc">
        <Coords points="686,276 708,264 722,267 745,248 762,252 799,220 831,224 906,196 923,196 939,210 966,201 1007,208 1020,220 1068,219 1112,244 1140,228 1166,228 1176,220 1190,224 1202,212 1224,220 1257,216 1288,228 1315,227 1353,260 1368,260 1384,247 1397,250 1396,335 1356,340 1336,331 1292,340 1258,371 980,379 877,446 861,433 808,442 749,442 740,434 716,450 686,437"/>
        <Baseline points="727,334 777,329 827,323 877,319 927,314 977,310 1027,308 1077,307 1127,307 1177,306 1227,307 1277,307 1327,308 1357,313"/>
        <Word id="word_e6352e23-95b4-4c7c-bfcf-09cc9a17f583">
          <Coords points="724,299 774,294 823,288 874,284 924,279 934,278 937,323 928,324 878,329 828,333 778,339 728,344"/>
          <TextEquiv>
            <Unicode>Jnlio</Unicode>
          </TextEquiv>
        </Word>
        <Word id="word_34aa0fa3-ea9a-4654-8441-f214b74e43f2">
          <Coords points="977,275 1019,273 1021,318 979,320"/>
          <TextEquiv>
            <Unicode>a</Unicode>
          </TextEquiv>
        </Word>
        <Word id="word_feb94763-5902-4d0c-ac9d-888f48e5b168">
          <Coords points="1064,272 1078,272 1127,272 1146,272 1147,317 1127,317 1077,317 1062,317"/>
          <TextEquiv>
            <Unicode>o.</Unicode>
          </TextEquiv>
        </Word>
        <Word id="word_6fc508c8-3299-4554-8b42-ac00e378549f">
          <Coords points="1190,271 1228,272 1277,272 1328,273 1363,278 1355,323 1327,318 1277,317 1227,317 1189,316"/>
          <TextEquiv>
            <Unicode>1696</Unicode>
          </TextEquiv>
        </Word>
        <TextEquiv conf="0.8000661321258362">
          <Unicode>Jnlio a o. 1696</Unicode>
        </TextEquiv>
        <TextStyle xHeight="67"/>
      </TextLine>
    </TextRegion>
    <TextRegion id="f042af74-1235-4f3c-a992-e39d2f7fb09c">
      <Coords points="2470,1403 2511,1403 2511,1414 2470,1414"/>
      <TextLine id="line_5fd43636-cff5-4b5a-a71e-cc7c9eccaac7">
        <Coords points="2431,1347 2549,1347 2549,1430 2469,1430 2441,1455 2431,1454"/>
        <Baseline points="2472,1409 2509,1410"/>
        <Word id="word_d94aa6d8-6aa6-4b03-8ef3-b57bb431e9d3">
          <Coords points="2473,1374 2510,1375 2509,1420 2472,1419"/>
          <TextEquiv>
            <Unicode>.</Unicode>
          </TextEquiv>
        </Word>
        <TextEquiv conf="0.7597430306730362">
          <Unicode>.</Unicode>
        </TextEquiv>
        <TextStyle xHeight="36"/>
      </TextLine>
    </TextRegion>
  </Page>
</PcGts>
