3703 4828
1401 713 1515 767 ende
1541 710 1598 756 d'
1625 705 1902 755 Coninckons
1929 702 2207 750 Velitleger
2233 703 2289 749 in
2316 703 2482 750 pouwre
2509 705 2593 752 hoe
2620 707 2814 756 langhs,
2840 712 2924 757 Hoe
2951 712 3090 758 mede:
3117 713 3394 761 benouwende

1396 818 1482 870 soo
1508 810 1676 861 hebben
1703 810 1759 856 d'
1785 806 1980 855 Vrunden
2007 805 2173 852 aldaer
2201 805 2284 850 met
2312 804 2616 850 malcanderen
2644 801 2782 849 goedt
2809 798 3032 846 gevonden
3057 795 3170 843 omme
3197 793 3312 840 alle

1396 912 1622 969 voordere
1649 909 1982 957 swaericheijt
2009 907 2120 954 voor
2147 906 2203 951 te
2231 906 2369 952 Comen
2397 906 2452 951 't
2480 904 2619 951 selve
2644 901 2895 948 teenemael
2920 898 2978 946 in
3005 898 3061 943 te
3087 892 3310 941 trecken,
3336 884 3449 936 ende

1390 1029 1448 1075 d'
1476 1019 1681 1074 Conincq
1709 1016 1796 1062 met
1824 1014 1883 1060 d'
1910 1006 2260 1059 plattelanden
2289 1003 2347 1051 te
2376 1002 2521 1047 laten
2550 999 2812 1047 gewerden,
2839 993 3044 1043 gelijck
3073 988 3305 1038 Versoght
3333 986 3451 1032 had,

1399 1128 1505 1176 ende
1530 1125 1585 1172 op
1610 1121 1691 1169 dat
1716 1119 1770 1165 't
1795 1115 1955 1163 legter
1981 1113 2035 1159 in
2061 1110 2115 1157 't
2139 1105 2406 1154 opbreecken
2432 1103 2565 1150 vande
2591 1099 2883 1148 Conincksche
2908 1098 2989 1144 met
3015 1098 3174 1143 eenige
3200 1089 3387 1142 schaede

1381 1232 1545 1289 mocht
1575 1225 1800 1275 lijden,
1832 1223 1928 1270 soo
1960 1220 2152 1268 wierdt
2183 1214 2568 1264 geresolveert
2598 1210 2696 1259 den
2728 1207 3048 1255 Commandeur
3078 1200 3272 1250 Vander
3303 1198 3432 1245 stel

1393 1341 1485 1390 met
1514 1340 1605 1387 143
1634 1336 1876 1386 soldaten
1906 1335 2026 1381 ende
2056 1335 2086 1380 2
2117 1332 2298 1380 prince
2327 1331 2598 1378 stuckjens
2629 1326 2930 1376 derwaerdts
2958 1322 3020 1369 te
3049 1315 3231 1367 senden
3259 1310 3385 1359 niet

1388 1451 1698 1508 twijffelende
1722 1448 1775 1495 of
1799 1444 1929 1493 soude
1955 1443 2161 1489 daermede
2186 1443 2342 1489 stercq
2366 1445 2547 1491 genough
2572 1444 2676 1492 sijn
2699 1440 2804 1488 alle
2829 1436 3010 1485 geweldt
3035 1434 3112 1480 der
3138 1428 3424 1479 singoalesen

1389 1574 1532 1624 tegen
1558 1570 1618 1618 te
1644 1565 1817 1614 staten
1843 1557 2044 1609 gelijck
2070 1555 2129 1601 na
2157 1555 2385 1602 menschen
2413 1555 2640 1603 oordeele
2668 1552 2783 1599 oocq
2810 1549 2982 1597 buyten
3009 1546 3124 1594 alle
3151 1538 3410 1591 swaericht

1383 1688 1537 1739 soude
1565 1683 1689 1731 sijn
1719 1679 1964 1727 geweest,
1994 1677 2086 1724 bij
2117 1675 2300 1722 aldien
2330 1673 2392 1719 d'
2422 1668 2636 1717 saecken
2666 1667 2758 1712 wel
2788 1665 3003 1712 beleyjt
3033 1662 3248 1710 hadden,
3276 1661 3400 1707 maer

1384 1808 1484 1855 des
1517 1801 1850 1852 Commandeur
1883 1799 2084 1846 vander
2113 1798 2250 1846 stel
2283 1797 2383 1843 met
2416 1795 2749 1842 voornommde
2782 1790 2982 1839 troupe
3015 1789 3249 1836 omtrend
3282 1792 3348 1838 t3

1386 1923 1552 1971 mijlen
1579 1923 1635 1969 s'
1660 1923 1772 1969 naer
1798 1920 2047 1968 misdaeghs
2074 1917 2377 1965 g'arriveert
2404 1916 2569 1962 sijnde
2596 1915 2680 1961 tot
2706 1916 2762 1962 op
2788 1917 2817 1963 2
2844 1916 3009 1962 mijlen
3036 1916 3119 1962 bij
3145 1907 3478 1960 'tweldtlegen

1388 2039 1506 2086 ende
1535 2037 1652 2083 geen
1682 2036 1740 2082 't
1770 2035 1945 2081 minste
1974 2035 2179 2081 onraedt
2209 2035 2531 2083 vernemende,
2560 2038 2648 2084 als
2677 2038 2765 2084 dat
2794 2037 3146 2083 daeromtrendt
3173 2034 3356 2082 stercq

1380 2152 1576 2201 haerden
1603 2151 1854 2198 schieten,
1882 2151 2021 2197 heeft
2048 2149 2328 2196 nietcunnen
2355 2151 2467 2197 goet
2494 2150 2662 2197 vinden
2689 2150 2829 2198 voort
2856 2151 2912 2196 te
2939 2147 3219 2196 maercheren
3245 2146 3442 2195 gelijck

1382 2274 1465 2320 met
1492 2269 1630 2318 allen
1657 2268 1822 2314 gemacq
1850 2267 2015 2313 hadden
2043 2266 2238 2312 Cunnen;
2262 2268 2401 2314 doen,
2428 2270 2538 2315 ende
2566 2270 2732 2318 doord'
2756 2268 3227 2319 Crijghsoffecieren
3253 2267 3367 2315 seer

1377 2382 1683 2434 aengesouden
1709 2379 1904 2427 wierdt,
1931 2380 2042 2427 maer
2068 2378 2180 2424 daer
2208 2378 2374 2423 willen
2401 2378 2595 2425 blijven
2623 2380 2706 2426 tot
2732 2379 2817 2426 dat
2844 2379 2927 2424 den
2953 2376 3149 2424 Coninck
3176 2374 3259 2421 met
3287 2374 3370 2419 een

1342 2501 1482 2549 vrede
1510 2500 1621 2546 vaen
1648 2498 1760 2545 door
1787 2498 1898 2543 twee
1926 2498 2203 2545 lascarijns
2231 2499 2342 2545 sijn
2368 2498 2646 2546 Comsteliet
2674 2500 3008 2546 verwittigen,
3034 2502 3117 2547 ten
3145 2497 3312 2547 eijnde

1378 2606 1431 2651 om
1455 2604 1510 2650 s'
1535 2603 1667 2650 Vrede
1693 2603 1745 2649 te
1772 2604 2036 2655 bevestigen
2060 2611 2113 2657 op
2139 2612 2244 2659 hope
2270 2614 2481 2663 daermede
2506 2619 2585 2664 Van
2611 2617 2822 2664 schueten
2848 2617 3058 2663 aflaten,
3083 2616 3190 2662 ende
3215 2617 3294 2663 hem

1366 2719 1560 2769 vredige
1588 2719 1810 2766 passagie
1837 2721 1977 2770 soude
2004 2726 2282 2775 verleenen,
2309 2731 2476 2779 waerop
2503 2734 2587 2781 den
2614 2732 2893 2781 Coninckhem
2920 2733 2976 2778 op
3003 2734 3086 2779 den
3113 2733 3280 2780 avondt
3308 2735 3422 2781 door

1370 2836 1400 2882 2
1425 2834 1597 2883 andere
1625 2834 1910 2882 lascarijns
1937 2837 2164 2885 houdende
2192 2840 2364 2890 d'onse
2390 2845 2477 2891 bij
2504 2847 2619 2893 hem,
2645 2848 2732 2894 ten
2760 2850 3015 2896 andswoort
3043 2849 3157 2895 liet
3185 2849 3328 2898 Weten

1369 2945 1453 2995 dat
1479 2944 1534 2990 by
1560 2942 1723 2988 aldien
1750 2942 1831 2987 ten
1858 2942 2021 2988 eyjnde
2046 2943 2128 2989 Van
2155 2944 2291 2991 Vrede
2317 2947 2561 2997 afgecomen
2587 2952 2695 3000 was,
2722 2955 2831 3001 sich
2857 2956 3100 3002 daersoude
3126 2955 3318 3003 blijven

1376 3050 1674 3100 onthouden,
1703 3049 1793 3095 tot
1822 3048 1971 3093 nader
2001 3048 2299 3098 bescheijdt
2328 3054 2478 3100 sonde
2507 3056 2656 3101 voort
2685 3056 2746 3101 te
2774 3056 3013 3102 trecken,
3042 3052 3221 3101 doende

1365 3158 1725 3214 ondertusschen
1752 3159 1863 3205 alle
1888 3159 2000 3206 sijn
2026 3161 2164 3207 macht
2191 3162 2273 3208 bij
2301 3162 2384 3208 een
2411 3164 2604 3210 recken,
2629 3163 2740 3210 ense
2768 3160 2987 3208 tusschen
3014 3153 3179 3204 beijde
3207 3153 3291 3200 den

1364 3274 1611 3328 toegancq
1640 3268 1918 3319 afsuyden,
1949 3268 2041 3314 soo
2070 3269 2163 3315 dat
2194 3269 2286 3315 den
2316 3268 2624 3316 Commandeur
2654 3272 2716 3317 't
2746 3272 2900 3318 selve
2931 3271 3177 3318 smorgens
3205 3266 3362 3315 goedt

1360 3395 1512 3446 vondt
1540 3389 1662 3439 sijn
1691 3386 2053 3433 entresprince
2083 3385 2294 3431 waertoe
2323 3382 2624 3431 afgesonden
2654 3382 2745 3428 was
2775 3383 2835 3428 te
2865 3381 3136 3428 staecken,
3165 3375 3287 3425 ende

1356 3507 1517 3559 weder
1548 3504 1676 3551 naer
1707 3498 1931 3548 Negombo
1962 3498 2026 3545 te
2058 3500 2441 3547 retourneren,
2471 3501 2567 3549 het
2599 3500 2758 3546 welcq
2789 3493 3204 3546 d'Conincksche
3235 3485 3426 3537 siende

1347 3619 1464 3675 haer
1491 3616 1549 3662 op
1577 3612 1804 3661 d'hielen
1832 3611 2060 3658 gevolght
2087 3611 2230 3657 sijn,
2257 3610 2343 3656 tot
2371 3609 2457 3655 aen
2485 3606 2712 3654 seeckere
2740 3604 2911 3651 revier
2938 3601 3109 3648 alwaer
3137 3592 3450 3647 handtgemeen

1361 3727 1605 3779 geworden
1632 3723 1757 3772 sijn
1787 3720 2031 3767 Jnvougen
2062 3719 2153 3765 dat
2183 3719 2244 3765 d'
2274 3720 2397 3766 onse
2425 3720 2579 3766 doore
2609 3720 2731 3765 hart
2761 3717 3066 3764 aendringen
3095 3706 3249 3761 vande

1372 3833 1727 3901 Conincksche
1758 3829 2078 3877 eyndelijk:
2106 3831 2172 3877 d'
2201 3831 2489 3877 stuckjens
2521 3832 2585 3878 In
2617 3832 2712 3878 der
2744 3832 2935 3878 selver
2966 3829 3189 3877 gewerdt
3218 3821 3444 3872 moesten

1338 3954 1516 4008 laten,
1544 3951 1662 3999 ende
1690 3948 1808 3995 over
1836 3947 1895 3992 d'
1923 3945 2099 3991 revier
2128 3944 2420 3991 retereren,
2449 3945 2653 3991 daerhem
2682 3946 2741 3992 d'
2769 3947 3062 3993 Singalesen
3091 3938 3354 3993 Insgelicx

1364 4075 1492 4125 sijn
1523 4071 1776 4120 gevoeght
1806 4066 1902 4114 met
1932 4065 2218 4111 sodanigen
2248 4066 2532 4113 ongewonen
2564 4066 2942 4113 stouticheijt
2973 4066 3068 4112 dat
3099 4066 3162 4111 d'
3194 4065 3320 4111 onse

1362 4188 1681 4239 eindelijck
1712 4184 1839 4232 aent
1870 4181 2062 4229 loopen
2090 4180 2378 4228 gecregen,
2410 4182 2473 4227 en
2505 4179 2758 4227 sodanich
2786 4176 2853 4224 In
2882 4172 3044 4221 houte
3075 4171 3364 4224 geslaegen

1137 574 1430 639 Junij
1483 563 1717 614 1646

3027 4305 3276 4355 hebben
