3642 4883
814 570 1239 640 Decemb.
1299 563 1544 617 1645

1341 1067 1458 1125 Ick
1495 1057 1871 1111 Gouverneur
1908 1053 2097 1101 wegen
2134 1051 2209 1097 d'
2247 1045 2773 1096 Nederlandtsche
2811 1028 3264 1090 oostindische

1342 1165 1595 1223 Compagnie,
1619 1161 1769 1210 alhier
1793 1158 1919 1205 sende
1943 1155 2069 1202 mijne
2093 1152 2244 1199 groete
2268 1152 2344 1198 aen
2368 1150 2568 1197 beranger
2593 1148 2669 1195 eij
2692 1146 2793 1192 ende
2818 1145 2918 1191 late
2942 1142 3043 1189 eten
3068 1142 3143 1187 dat
3164 1128 3293 1187 sijne

1312 1270 1469 1326 maijs.
1492 1267 1545 1313 ts
1570 1266 1673 1313 olen
1697 1261 1826 1310 hebbe
1852 1258 2082 1306 ontfangen
2107 1258 2159 1304 op
2183 1256 2287 1303 mijn
2311 1254 2440 1300 hooft
2464 1248 2670 1298 geleijt,
2695 1244 2798 1292 ende
2822 1241 2900 1289 den
2924 1235 3080 1286 Inhout
3103 1232 3182 1279 als
3205 1227 3259 1275 de

1331 1369 1620 1426 mondelinge
1648 1361 1906 1413 rapporten
1934 1359 2021 1406 van
2049 1353 2394 1402 Mahamadarasa
2422 1347 2681 1397 verstaen,
2707 1344 2767 1391 d'
2793 1337 2938 1387 mays.
2966 1335 2996 1381 t
3022 1324 3254 1379 schrijft
3280 1320 3370 1367 dat

1322 1473 1513 1528 Chittij
1538 1469 1622 1518 met
1648 1467 1758 1514 onse
1785 1461 2004 1512 goederen
2029 1457 2113 1506 des
2140 1454 2358 1501 Conincks
2383 1451 2577 1499 proffyt
2602 1446 2795 1495 soeckt,
2821 1441 2904 1490 soo
2929 1438 3013 1486 wij
3037 1433 3122 1483 die
3147 1427 3287 1477 selfs

1324 1568 1638 1624 Jntregeerden
1663 1562 1794 1612 soude
1819 1558 1898 1606 het
1922 1555 2054 1602 beter
2079 1554 2210 1600 sijn,
2234 1552 2340 1600 ende
2366 1552 2418 1597 d'
2443 1547 2574 1597 mags.
2600 1547 2627 1592 t
2652 1539 2964 1592 Contenteren,
2988 1535 3068 1584 wij
3092 1530 3198 1579 sijn
3223 1528 3250 1574 t

1299 1674 1479 1728 Vremde
1508 1661 1840 1718 Coopluijden
1869 1659 1960 1706 die
1989 1654 2230 1703 proffijt
2260 1653 2351 1699 met
2380 1652 2501 1697 onse
2529 1642 2982 1696 coopmanschappen
3010 1636 3222 1685 soecken

1297 1780 1484 1831 waerdat
1509 1773 1697 1823 connen,
1722 1767 1884 1818 sonder
1910 1761 2097 1810 buijten
2124 1760 2257 1806 reden
2283 1756 2391 1804 jets
2416 1755 2471 1801 te
2496 1746 2738 1799 gosteren,
2761 1743 2817 1790 d'
2843 1739 2978 1787 mags.
3002 1734 3058 1783 de
3082 1729 3164 1778 een
3188 1722 3377 1772 Coninck

1313 1880 1423 1927 moet
1449 1869 1698 1923 derhalven
1724 1860 2028 1912 Coopluijden
2055 1856 2359 1904 beschermen,
2386 1856 2496 1901 ende
2523 1854 2606 1901 wat
2634 1853 2717 1899 met
2743 1851 2882 1897 recht
2908 1848 2992 1895 Van
3017 1842 3129 1892 haer
3156 1834 3350 1886 Crijght

1299 1972 1595 2036 voorproffyt
1619 1966 1806 2016 houden,
1831 1962 1938 2010 maer
1963 1956 2282 2007 sonderheeden
2307 1956 2387 2002 wat
2413 1955 2520 2001 oocq
2546 1954 2625 2001 van
2652 1949 2943 1999 Coopluijden
2968 1946 3101 1993 moght
3127 1936 3340 1991 eysschen

1307 2084 1417 2136 ofte
1442 2074 1657 2128 alwaerdt
1682 2070 1763 2118 dat
1789 2067 1896 2114 oock
1921 2061 2217 2112 Vercheeght,
2243 2059 2323 2105 wat
2349 2058 2430 2103 kan
2456 2055 2537 2102 dat
2562 2052 2644 2100 een
2669 2042 3044 2097 Coninckhelpen,
3069 2037 3177 2087 doch
3203 2035 3257 2081 't
3280 2030 3391 2079 gene

1309 2168 1703 2229 oprechtelijcken
1728 2162 1887 2213 becomt
1913 2161 1993 2207 sal
2017 2157 2124 2205 meer
2149 2156 2203 2201 en
2228 2154 2335 2201 meer
2360 2151 2624 2200 aenwabsen,
2649 2148 2729 2195 een
2754 2144 2913 2192 wesen,
2938 2141 2992 2188 en
3017 2138 3123 2185 hier
3149 2131 3389 2182 noermaels

1307 2274 1473 2333 helpen
1499 2270 1580 2318 ter
1605 2263 1849 2314 contrarie
1875 2260 1956 2306 die
1981 2254 2171 2305 buijten
2197 2250 2332 2298 reden
2359 2245 2547 2295 beheert
2573 2244 2735 2290 sullen
2760 2240 2869 2288 sijn
2896 2231 3192 2285 proffijten

1308 2371 1638 2433 verminderen,
1664 2367 1774 2415 ende
1799 2363 1910 2410 naer
1936 2360 2101 2407 andere
2126 2355 2346 2405 plaetsen
2372 2351 2482 2400 daer
2508 2342 2809 2395 verseeckert
2834 2336 2973 2386 sijn,
2997 2321 3299 2380 vertrecken,

1296 2482 1406 2534 sijn
1429 2469 1593 2524 maijs.
1620 2468 1647 2513 t
1673 2466 1728 2513 Is
1753 2462 1835 2509 van
1861 2459 1996 2507 groot
2022 2455 2291 2504 verstandt,
2315 2452 2425 2500 ende
2451 2448 2560 2497 weet
2585 2444 2667 2491 dit
2693 2439 2829 2488 alles
2854 2435 2963 2483 wel,
2987 2429 3070 2479 dan
3095 2426 3178 2473 het
3202 2421 3259 2470 fe
3282 2417 3369 2464 een

1299 2567 1516 2622 gewoonte
1540 2561 1678 2610 onder
1703 2558 1759 2605 d'
1785 2550 1976 2602 grooten
2001 2547 2084 2595 dat
2110 2545 2192 2592 men
2218 2534 2653 2590 redelijckedingen
2678 2531 2788 2578 mach
2813 2526 2977 2576 helpen
3004 2521 3248 2571 gedencken

1303 2665 1536 2722 daeromme
1563 2659 1653 2708 dit
1680 2655 1740 2703 d'
1769 2651 1915 2698 mais.
1942 2648 1973 2694 t
2001 2636 2323 2692 toeschrijve
2350 2628 2585 2680 Mahamada
2612 2623 2731 2672 rasa
2759 2621 2906 2668 heeft
2933 2616 3022 2665 mij
3050 2611 3256 2660 geseijt

1300 2766 1415 2817 wyd'
1440 2754 1557 2809 Mays
1583 2752 1614 2798 t
1640 2750 1727 2796 van
1753 2748 1813 2796 't
1839 2741 1955 2791 gene
1982 2734 2211 2785 tusschen
2237 2729 2324 2777 ons
2351 2726 2409 2773 en
2437 2720 2666 2770 Chinanna
2692 2718 2751 2764 &s
2778 2710 3064 2762 gepasseert
3091 2707 3206 2754 noyt
3233 2705 3291 2751 en

1299 2846 1605 2907 adviseerden
1630 2839 1799 2889 daerop
1826 2837 1910 2883 wij
1936 2828 2242 2881 andtwoorden
2269 2826 2353 2872 wel
2379 2824 2408 2870 7
2435 2822 2520 2868 oft
2545 2821 2575 2866 8
2600 2815 2769 2865 maelen
2795 2812 2852 2859 d'
2878 2805 3046 2856 maijs.
3073 2804 3101 2850 t
3129 2796 3296 2849 alles

1302 2947 1446 2999 hebbe
1472 2939 1617 2989 laten
1645 2933 1817 2983 weten,
1844 2930 1960 2977 ende
1987 2924 2160 2974 daerop
2186 2919 2302 2968 oock
2330 2916 2616 2963 andtwoorde
2644 2910 2873 2960 becomen,
2900 2907 2987 2954 dan
3014 2903 3073 2950 Is
3100 2892 3274 2947 echter

1297 3048 1435 3103 alsoo
1458 3034 1704 3091 gebleven,
1729 3030 1785 3078 't
1809 3024 1919 3073 mach
1946 3016 2081 3068 wesen
2107 3014 2162 3060 d'
2187 3008 2352 3057 maijs.
2377 3009 2405 3055 t
2430 3007 2512 3054 ons
2538 3004 2701 3051 seggen
2727 3001 2836 3048 niet
2862 2993 3052 3046 gelooft
3076 2986 3240 3036 heeft,

1301 3135 1538 3193 daeromme
1565 3124 1744 3178 hebben
1770 3118 1861 3169 des
1889 3108 2126 3161 maijsts
2154 3100 2509 3152 Ambassadeurs
2538 3094 2833 3144 Aengeseght
2861 3091 2981 3139 naer
3008 3084 3158 3135 Alles
3185 3074 3247 3127 te

1274 3229 1497 3287 vernemen
1522 3221 1662 3273 (hier
1687 3215 1799 3264 sijn
1823 3207 2018 3258 genough
2042 3201 2238 3252 Mooren,
2262 3198 2374 3245 ende
2400 3195 2484 3242 van
2511 3193 2621 3239 sijn
2649 3188 2841 3238 vrunden
2868 3187 2979 3233 oocq
3003 3176 3226 3230 oprechte

1302 3320 1619 3379 Jnwoonders)
1646 3314 1763 3364 ofte
1790 3310 1878 3357 wij
1905 3303 2079 3354 buyten
2105 3296 2252 3347 heden
2276 3291 2367 3340 met
2394 3285 2625 3335 Chinanna
2654 3281 2914 3330 gehandelt
2942 3278 3058 3327 ofte
3085 3271 3230 3322 tegen
3256 3266 3321 3315 de

1298 3419 1500 3475 bevelen
1526 3407 1644 3462 ofte
1671 3390 2017 3449 ordonnantien
2042 3381 2189 3432 vande
2216 3378 2361 3425 mags.
2389 3379 2418 3425 t
2445 3376 2619 3424 gedaen
2648 3370 2849 3421 hebben,

1290 3556 1409 3607 dat
1445 3546 1567 3599 wij
1604 3530 1881 3588 sulcken
1919 3522 2117 3572 Volcq
2154 3515 2392 3565 waeren
2431 3512 2550 3560 die
2588 3510 2747 3556 geen
2784 3507 2983 3554 wercq
3019 3505 3219 3552 vande

1292 3648 1463 3703 Heeren
1491 3644 1577 3692 des
1604 3635 1776 3688 landts
1802 3626 2032 3680 maeckten
2058 3621 2173 3669 ofte
2201 3617 2287 3665 met
2314 3606 2684 3661 d'ondersaeten
2711 3604 2798 3651 ter
2826 3602 2997 3648 quader
3024 3599 3225 3646 trouwen

1295 3736 1579 3794 handelden,
1606 3732 1664 3780 en
1690 3722 2002 3776 ommegingen,
2030 3714 2285 3766 hbesouden
2311 3710 2398 3759 Wij
2425 3709 2652 3756 Veertich
2679 3705 2849 3753 Jaeren
2876 3701 2990 3749 hier
3015 3695 3188 3746 hebben
3213 3686 3386 3740 Cunnen

1304 3831 1660 3889 Continueren,
1688 3826 1808 3875 ende
1836 3823 1926 3870 met
1955 3821 2045 3868 soo
2072 3817 2193 3866 veel
2221 3815 2282 3862 ee
2310 3810 2400 3859 Van
2428 3806 2667 3854 Coningen
2696 3804 2756 3850 en
2785 3801 3141 3848 Contentement

3169 3800 3221 3846 -

1324 3936 1421 3984 van
1452 3932 1581 3980 yder
1612 3928 1709 3975 een
1740 3917 1965 3973 geseten
1997 3912 2221 3962 hebben,
2251 3903 2605 3956 hierenboven
2635 3900 2733 3948 ten
2764 3898 2893 3945 tyde
2924 3895 3086 3943 vande
3115 3892 3293 3939 magst

1290 4032 1411 4084 doen
1439 4029 1499 4076 d'
1527 4022 1793 4073 gramschap
1820 4017 1940 4066 over
1968 4009 2205 4061 Chinanua
2233 4006 2352 4053 was,
2380 4005 2499 4051 ende
2528 4005 2617 4051 wij
2645 4004 2764 4051 sijn
2791 4001 2940 4049 huijs
2969 3992 3326 4045 beschermden,

1287 4129 1345 4176 ss
1371 4118 1744 4174 blijckgenough
1773 4116 1859 4163 wij
1887 4106 2202 4160 Coopluijden
2229 4104 2345 4150 geen
2373 4102 2574 4149 onrecht
2602 4101 2746 4147 doen,
2773 4100 2831 4146 en
2860 4099 2974 4145 doen
3001 4096 3060 4144 d'
3088 4090 3260 4140 mooren

1282 4222 1394 4270 hier
1420 4216 1587 4265 voord'
1613 4212 1753 4260 stadt
1780 4206 1974 4256 waeren,
1999 4200 2112 4249 ende
2140 4196 2389 4245 aengesien
2416 4197 2500 4243 wij
2526 4199 2609 4244 soo
2636 4196 2775 4244 groot
2801 4192 2969 4241 geldt,
2995 4189 3052 4235 en
3079 4179 3304 4234 Coopmans

1671 741 1950 797 Translaet
1979 738 2104 786 ende
2134 737 2412 783 andtwoort
2440 736 2503 783 op
2532 734 2595 781 de
2625 727 2995 779 Voorschreven
3026 726 3149 773 ole

1733 829 1835 876 door
1858 825 1936 873 den
1961 824 2214 871 gouverneur
2239 823 2391 870 Arnold
2416 817 2594 867 Heussen
2618 814 2695 861 aen
2720 810 2821 858 sijn
2846 808 2999 855 maijs.
3024 808 3049 853 t
3074 806 3353 857 geschreven

3075 4279 3171 4327 In
