3553 4917
2783 286 2956 337 662

720 596 955 652 Pieter
993 599 1348 653 Antonijsz
1385 596 1779 644 overtwater
1817 596 2290 648 oppercoopman
2328 603 2485 652 ende
2524 596 2957 653 opperhoofft

874 687 983 737 over
1010 687 1064 732 's
1090 687 1225 733 Comp.
1251 687 1279 734 s
1305 688 1493 735 Contoir
1519 686 1708 734 schepes
1734 686 1788 731 en
1814 681 2057 730 volckeren
2082 682 2137 729 in
2163 683 2297 728 Japan
2324 681 2459 728 allen
2485 682 2566 727 den
2593 679 2754 727 geenen
2780 677 2861 724 die
2885 672 2968 722 des

860 756 1018 807 zullen
1043 755 1148 801 rien
1173 756 1277 803 ofte
1303 758 1458 803 hooren
1484 758 1614 804 lesen
1639 759 1825 807 saluijt

827 834 964 881 alsoo
989 837 1044 882 de
1070 833 1424 883 gelegentheijt
1449 838 1586 884 deses
1612 833 1829 885 Comtoirs
1855 830 1964 877 door
1991 829 2046 875 de
2073 829 2262 878 bevelen
2288 827 2425 875 vande
2448 818 2696 871 kaieerls.
2722 814 2860 862 Maijt

882 903 1110 955 zoodanich
1135 908 1213 954 hij
1237 910 1314 957 dat
1338 912 1390 958 d'
1414 911 1743 960 opperhooffden
1768 908 1996 955 jaerlijxe
2021 908 2224 954 ditlandt
2249 908 2300 953 en
2325 906 2426 953 haer
2451 903 2603 951 beroep
2629 899 2781 948 moeten
2804 894 3009 943 verlaten

874 980 1016 1028 gelijk
1040 980 1087 1025 nu
1110 980 1204 1026 dese
1227 981 1391 1028 jonghst
1414 984 1578 1034 geleden
1601 989 1718 1034 jaren
1741 988 1812 1034 aen
1834 985 1929 1033 onse
1952 985 2187 1030 voorhaeten
2209 983 2281 1029 wel
2303 982 2421 1029 heeft
2443 978 2678 1027 gebleecken
2700 975 2748 1022 en
2770 968 3009 1019 dierhalven

874 1056 952 1104 met
978 1058 1055 1103 ons
1081 1058 1132 1104 de
1158 1059 1313 1105 zaecke
1338 1060 1443 1108 even
1467 1064 1699 1112 zoodanigh
1724 1064 1905 1112 gelegen
1930 1064 2033 1110 hij,
2059 1065 2162 1110 waer
2187 1064 2291 1110 omme
2316 1064 2369 1110 en
2390 1061 2445 1110 op
2469 1060 2548 1105 dat
2573 1057 2626 1104 de
2649 1052 2780 1101 opene
2805 1044 2988 1096 plaetse

880 1135 936 1181 in
963 1135 1073 1182 dese
1098 1137 1209 1184 nauw
1235 1139 1481 1190 bepaelden
1507 1145 1616 1191 tijt
1642 1142 1835 1190 wederom
1861 1142 1943 1188 met
1971 1143 2052 1188 een
2080 1142 2352 1188 opmerckend
2379 1136 2679 1186 voorzultich
2703 1132 2761 1180 en
2787 1122 2951 1177 wacker

881 1209 1053 1261 perzoon
1075 1218 1246 1266 becleet
1269 1222 1321 1270 en
1341 1228 1390 1273 's
1413 1227 1535 1272 Comp.
1559 1227 1583 1272 s
1608 1227 1680 1272 soo
1703 1222 1898 1272 treffelk
1922 1222 1971 1268 en
1994 1223 2383 1270 overcostelijcken
2404 1224 2552 1270 handel
2575 1222 2721 1269 plaets
2744 1221 2794 1267 na
2816 1212 3011 1265 behooren

899 1296 950 1343 en
973 1295 1123 1344 waerde
1147 1300 1297 1349 moght'
1320 1305 1495 1354 verrien
1515 1305 1617 1355 ende
1642 1302 1914 1350 waergenomen
1938 1302 2087 1348 werden
2111 1302 2235 1348 heeft
2260 1301 2334 1347 het
2359 1301 2408 1346 de
2432 1300 2581 1348 heeren
2606 1301 2730 1347 Raden
2754 1298 2829 1345 van
2852 1292 2978 1342 India

892 1374 966 1424 bij
989 1380 1088 1429 haer
1109 1385 1207 1433 Ed:s
1230 1388 1447 1435 schrijven
1471 1390 1544 1436 van
1568 1391 1617 1437 3.
1639 1393 1761 1438 Junij
1784 1393 1979 1439 verleden
2001 1392 2194 1441 gelieft,
2218 1390 2315 1436 goet
2338 1388 2387 1434 en
2411 1386 2580 1433 geraden
2604 1385 2773 1431 gedacht
2795 1382 2869 1429 wij
2893 1382 2973 1432 den

875 1473 1199 1523 Oppercoopman
1224 1476 1278 1524 S.
1305 1479 1332 1524 r
1358 1475 1573 1523 Reijnier
1599 1476 1788 1522 vantrum
1813 1476 1868 1521 op
1895 1476 1975 1521 ons
2002 1471 2217 1521 vertreck
2243 1471 2324 1516 tot
2349 1468 2431 1516 het
2458 1464 2753 1513 oppergesagh
2779 1463 2834 1509 in
2859 1458 2995 1507 Japan

874 1558 1061 1605 stellen
1087 1559 1274 1611 houden;
1299 1566 1379 1612 zoo
1406 1566 1459 1612 is
1485 1565 1539 1611 't
1565 1564 1645 1609 dat
1671 1563 1751 1608 wij
1778 1563 1831 1608 in
1856 1560 2044 1607 gelijck
2069 1560 2336 1607 formiheijt
2361 1559 2442 1605 van
2467 1554 2654 1603 gemelte
2680 1551 2787 1599 haer
2812 1547 2894 1594 Ed:

874 1639 955 1686 wet
980 1641 1355 1692 uijtdruckelijk
1380 1648 1513 1695 ordre
1540 1649 1620 1694 den
1645 1646 1806 1694 helven
1833 1646 1992 1692 hebben
2019 1644 2205 1691 gestelt
2232 1646 2285 1692 en
2312 1642 2605 1692 volmaghtich
2631 1640 2712 1687 tot
2738 1632 3007 1685 opperhooft

870 1722 1046 1773 geli.jk
1070 1729 1145 1775 wij
1170 1730 1245 1776 hem
1270 1731 1369 1777 oock
1394 1731 1569 1777 stellen
1593 1732 1644 1777 en
1668 1733 1967 1780 volmaghtigen
1991 1732 2067 1779 bij
2092 1732 2192 1777 dese
2216 1731 2316 1777 omme
2341 1732 2391 1777 in
2416 1731 2491 1777 ons
2516 1728 2715 1776 affweten
2738 1725 2790 1773 't
2813 1718 3015 1769 opperste

852 1813 998 1860 gezagh
1022 1813 1070 1859 te
1094 1814 1241 1861 voeren
1263 1817 1385 1864 recht
1408 1820 1505 1867 ende
1529 1822 1722 1868 justitie
1746 1822 1795 1868 te
1818 1822 2084 1868 handhavenen
2107 1822 2156 1868 en
2181 1821 2302 1867 voort
2325 1819 2446 1866 alles
2469 1818 2519 1864 te
2543 1818 2639 1865 doen
2663 1817 2736 1864 wat
2759 1815 2833 1862 een
2855 1812 2981 1860 trouw

870 1903 923 1950 en
950 1904 1163 1951 naerstil
1189 1906 1376 1953 opperh.
1402 1909 1432 1955 t
1455 1912 1669 1961 toestaet
1693 1914 1749 1961 en
1774 1911 1855 1958 van
1881 1911 1961 1956 hem
1988 1911 2254 1957 tvereijsch
2280 1909 2414 1957 wert,
2440 1908 2707 1955 dierhalven
2733 1904 3000 1954 hooglasten

882 1991 938 2039 en
964 1992 1152 2042 bevelen
1179 1997 1261 2043 wij
1286 1999 1394 2048 alle
1420 2004 1635 2052 perzonen
1661 2005 1716 2051 in
1742 2004 1823 2050 den
1850 2003 2011 2049 dienst
2037 2003 2172 2052 vande
2198 2002 2413 2049 Generale
2438 1997 2575 2047 Comp.
2601 1996 2628 2042 e
2653 1993 2736 2041 die
2762 1990 2817 2037 na
2842 1985 2924 2035 ons

780 2089 999 2155 vertreck
1026 2089 1136 2140 uijt
1162 2096 1299 2141 Japan
1326 2094 1490 2141 alhier
1516 2096 1789 2146 verblijven
1816 2100 1898 2146 off
1925 2100 1980 2145 te
2007 2098 2198 2145 namaels
2223 2094 2388 2141 zullen
2415 2090 2552 2138 comen
2577 2085 2634 2133 te
2660 2080 2960 2130 verschijnen

855 2177 1147 2228 voornoemden
1171 2185 1252 2233 van
1276 2189 1302 2234 t
1328 2189 1434 2236 ruin
1460 2191 1565 2238 daer
1591 2193 1696 2239 voor
1722 2194 1776 2239 t'
1801 2195 2038 2242 erkennen,
2063 2194 2248 2242 t'eeren
2272 2194 2327 2240 en
2352 2191 2432 2238 te'
2458 2186 2747 2236 respecteren
2772 2183 2936 2234 gelijk

818 2271 1072 2319 vereijsche
1095 2274 1197 2320 hall
1221 2275 1373 2325 werden
1396 2281 1573 2330 dewille
1597 2286 1648 2332 't
1673 2287 1798 2334 zelve
1823 2289 1898 2335 bij
1924 2290 1974 2335 de
1999 2291 2149 2340 heeren
2174 2290 2500 2340 boovengenoemt
2525 2288 2601 2335 ten
2624 2282 2802 2332 meesten
2826 2276 3002 2326 dienste

763 2373 918 2419 vande
949 2373 1106 2428 Comp.
1133 2384 1166 2430 e
1196 2382 1445 2429 zodanigh
1475 2381 1725 2428 bevonden
1755 2384 1818 2430 is
1849 2386 1911 2431 te
1941 2386 2192 2440 behooren

694 2513 998 2579 Gegeven
1041 2532 1130 2581 op
1170 2539 1257 2587 't
1300 2539 1603 2596 Contoir
1646 2534 2122 2597 Nangaracqui
2165 2533 2295 2579 29.
2337 2528 2641 2578 Novemb.
2683 2528 2729 2575 r
2771 2526 2988 2577 1645.

2111 2813 2327 2865 Pieter
2360 2814 2646 2861 Antonisz
2680 2814 3037 2864 overtwater

2134 2660 2316 2709 was
2374 2664 2612 2713 get.
2657 2650 2729 2704 t

0 394 144 458 un

2691 2913 2784 2960 E
