3560 4937
1497 1217 1636 1266 door
1670 1216 1739 1262 't
1773 1216 2220 1264 achterblijven
2254 1218 2358 1264 van
2392 1218 2634 1264 Capelle
2668 1214 2840 1263 soude
2872 1210 2978 1258 wel
3012 1208 3184 1255 licht
3218 1208 3287 1254 om

1502 1354 1727 1406 eenige
1763 1342 2209 1398 medicamenten
2245 1338 2578 1388 benodicht
2615 1334 2874 1383 werden,
2910 1325 3059 1378 daer
3095 1318 3245 1368 niet

1488 1479 1665 1530 tegen
1699 1476 1770 1523 te
1804 1473 1944 1521 doen
1978 1469 2153 1517 viel,
2186 1465 2257 1512 op
2290 1460 2397 1509 den
2429 1448 2814 1503 lantsdachs,
2846 1439 3023 1492 waren
3057 1430 3337 1484 weijnich

1491 1618 1708 1670 andere
1744 1615 1852 1662 als
1887 1610 1960 1659 de
1994 1603 2210 1653 naeste
2244 1593 2461 1647 dorpen
2495 1580 2891 1637 verschenen,
2925 1576 3070 1624 door
3105 1575 3214 1621 dat
3249 1570 3358 1619 die

1498 1745 1608 1795 van
1641 1732 1859 1787 pocael
1893 1730 1966 1776 so
2001 1729 2109 1777 wat
2145 1720 2468 1774 onrustich
2501 1708 2719 1763 waren,
2753 1701 2898 1752 waer
2933 1697 3005 1744 na
3040 1689 3292 1741 tsijner

1507 1868 1640 1918 tijt
1673 1866 1872 1914 sullen
1904 1860 2070 1910 laten
2103 1850 2401 1905 vernemen,
2433 1846 2534 1894 end
2566 1838 2864 1890 mogelijck
2896 1832 3096 1882 sijnde
3128 1831 3296 1878 ordre

1497 1983 1921 2045 instellen

1402 2144 1476 2195 De
1510 2137 1722 2185 fluijt
1758 2137 1828 2182 de
1863 2131 2040 2181 gulde
2075 2125 2217 2174 gans
2251 2123 2499 2171 blijven
2533 2115 2887 2167 voornemens
2919 2111 2993 2160 na
3027 2110 3240 2156 vorich

1505 2265 1780 2316 besluijt
1814 2263 1917 2310 10.
1951 2262 2054 2308 off
2087 2258 2191 2306 15.
2224 2252 2499 2303 Januarij
2532 2251 2636 2298 van
2669 2251 2807 2298 hier
2841 2251 2978 2297 over
3012 2247 3289 2295 Manillas

1505 2405 1824 2462 vaerwater
1858 2402 1965 2449 met
1999 2394 2423 2446 ververllingh
2457 2391 2600 2439 voor
2634 2390 2706 2437 de
2737 2389 2917 2438 vloot
2952 2389 3023 2434 na
3057 2385 3305 2433 Batavia
3338 2381 3377 2430 —

1516 2543 1621 2590 aff
1654 2539 1726 2586 te
1760 2533 2110 2583 vaerdigen,
2143 2528 2285 2578 daer
2317 2524 2389 2572 so
2422 2514 2703 2568 verhopen
2738 2511 2878 2559 geen
2913 2508 3195 2557 beletsel

1512 2660 1811 2715 tusschen
1848 2653 2034 2704 comen
2070 2646 2184 2698 sal

1256 2820 1410 2870 Hier
1448 2818 1677 2868 nevens
1715 2808 1945 2863 senden
1982 2804 2136 2853 oock
2174 2799 2289 2847 een
2326 2794 2594 2844 memorie
2630 2791 2748 2839 van
2783 2785 3015 2835 eenige
3053 2785 3367 2832 personen

1489 2946 1584 2993 die
1616 2942 1743 2990 haer
1772 2929 2154 2986 reeckeningen
2185 2925 2312 2973 hier
2342 2918 2470 2969 niet
2502 2917 2755 2964 gebracht
2787 2915 2850 2962 en
2882 2913 3104 2960 hebben,
3135 2910 3297 2959 datse

1500 3073 1629 3122 doch
1660 3070 1788 3117 door
1819 3065 1915 3113 den
1945 3054 2265 3109 boechouder
2296 3053 2393 3099 die
2424 3051 2488 3098 't
2519 3047 2648 3096 sijn
2676 3034 3093 3091 eijgentlijcke
3123 3030 3284 3079 werck
3315 3029 3381 3075 is

1504 3198 1777 3253 mochten
1814 3184 2164 3242 opgesocht
2202 3183 2358 3228 ende
2397 3182 2552 3229 hier
2591 3175 2902 3227 gesonden
2939 3174 3173 3222 werden

1498 3337 1605 3383 tot
1638 3320 2065 3380 grootgerieff
2100 3317 2206 3365 des
2241 3314 2631 3361 boechouders
2667 3315 2809 3361 ende
2844 3314 2950 3361 der
2986 3307 3272 3359 personen

1482 3470 1580 3521 die
1607 3464 1675 3514 't
1704 3454 1960 3507 aengaet,
1991 3452 2118 3500 daer
2149 3450 2213 3497 is
2242 3446 2371 3495 voor
2403 3446 2561 3491 desen
2591 3437 3100 3491 particulierlijck
3131 3433 3385 3481 overgesz

1482 3587 1645 3637 doch
1684 3580 1848 3630 niet
1888 3579 1970 3624 in
2009 3572 2254 3624 gedaen

1405 3758 1592 3811 Desen
1627 3754 1777 3803 gaet
1812 3749 1924 3798 met
1960 3745 2073 3794 Jan
2108 3729 2442 3789 soetecaus
2476 3720 2664 3772 Joncq
2699 3713 2811 3763 met
2846 3706 2959 3756 een
2993 3693 3294 3749 hollants

1491 3872 1882 3938 stierman.

1416 4031 1486 4084 de
1516 4020 1779 4074 schipper
1811 4012 2007 4065 Willem
2035 4000 2299 4057 Pietersz
2331 3998 2462 4046 doch
2493 3994 2560 4042 op
2592 3991 2658 4037 de
2687 3975 2918 4034 Coningh
2949 3968 3048 4018 van
3079 3964 3243 4013 polen

1502 4154 1663 4205 heeft
1695 4149 1792 4198 ons
1823 4145 1952 4193 hier
1979 4134 2144 4189 seven
2173 4126 2401 4178 hondert
2432 4123 2625 4170 realen
2655 4114 2817 4167 swaer
2848 4108 2978 4158 gelt
3009 4101 3202 4152 getelt
3234 4099 3331 4146 dat

1507 4264 1858 4321 vertrouwen
1892 4259 2033 4308 haer
2067 4255 2173 4303 Ed.
2208 4251 2314 4300 hem
2347 4246 2418 4294 al
2453 4241 2594 4290 voor
2628 4239 2734 4285 den
2766 4222 3049 4283 ontfangh
3082 4211 3294 4266 deses—

1508 4389 1714 4439 sullen
1747 4377 1955 4432 hebben
1988 4361 2233 4420 voldaen

1404 782 1592 836 Dagh
1637 781 2008 828 Register
2053 780 2332 829 wegens
2378 784 2471 830 't
2516 785 3031 836 gepasseerde

1451 905 1591 955 Int
1637 898 1963 953 Coninck
2009 897 2195 945 Ryck
2241 900 2381 946 van
2427 901 2799 951 Joncqmin

870 278 973 326 lio
1003 274 1040 320 a
1072 270 1142 318 o.
1175 265 1312 314 1646

2097 560 2306 608 pie

2032 432 2482 491 Tonckem

3024 441 3283 490 164

2815 4431 3201 4506 Het
