3614 4780
2051 248 2383 310 april

2485 801 2649 849 81

657 486 782 539 Aen
821 488 900 534 d'
940 481 1141 533 Ed=le
1174 481 1296 532 h=r
1333 482 1533 538 Raden
1572 494 1652 541 en
1691 496 1939 551 direc„

509 609 712 659 teurs,
742 606 913 655 wegen
946 605 1047 651 den
1081 605 1552 659 Nederlantschen
1583 614 1753 663 staet
1785 618 1855 665 in

838 969 947 1018 voor
974 969 1055 1015 s=t
1080 971 1187 1016 Crus
1213 971 1268 1018 d'
1293 973 1400 1019 Gale
1427 974 1481 1020 11
1507 975 1667 1022 packen
1693 977 1933 1025 diversche
1960 980 2253 1027 sorteringen
2279 982 2359 1027 van
2386 982 2600 1030 cleeden,
2625 985 2658 1032 —

834 1057 969 1104 10744
995 1056 1050 1102 lb
1076 1056 1318 1102 sjengelij
1344 1057 1479 1104 saedt
1505 1059 1613 1105 olij
1639 1060 1774 1105 13090
1800 1060 1854 1106 lb
1880 1060 2177 1111 bengaelsche
2202 1066 2337 1112 boter
2363 1067 2444 1113 ter
2471 1060 2713 1112 exmonture

834 1139 924 1188 van
952 1138 982 1184 ƒ
1010 1137 1242 1183 6030„1„-
1270 1136 1561 1186 mitsgaders
1589 1142 1705 1187 voor
1734 1142 1994 1188 Caijlpath
2023 1143 2139 1190 4000
2168 1145 2284 1193 th=s
2312 1147 2515 1194 Jappans
2543 1141 2754 1192 schuijt

833 1222 1028 1273 silver,
1054 1221 1165 1267 1994
1192 1222 1274 1268 r:a
1301 1223 1384 1270 van
1410 1225 1493 1271 8:'
1521 1226 1630 1271 3000
1658 1226 1988 1272 paliacatsche
2013 1228 2151 1277 pag:s
2178 1232 2288 1280 9600
2315 1236 2370 1282 lb
2397 1235 2589 1283 ongers,
2615 1230 2754 1279 ende.

831 1308 1013 1357 sweets
1042 1307 1224 1353 coper,
1254 1307 1375 1353 2400
1405 1308 1466 1354 lb
1495 1309 1767 1355 peguwsche
1797 1310 1949 1357 gans,
1978 1313 2099 1361 ende
2129 1317 2249 1366 9600
2280 1321 2341 1368 lb
2370 1323 2551 1369 aluijn
2581 1317 2732 1367 (waer

842 1400 925 1447 van
951 1399 1008 1446 t'
1035 1395 1258 1443 costende
1284 1396 1368 1441 p=r
1395 1396 1589 1442 memorie
1617 1396 1867 1442 gehouden,
1893 1398 2006 1444 ende
2031 1401 2088 1447 t'
2114 1403 2309 1450 provenu
2336 1404 2392 1450 te
2418 1405 2585 1451 sijner
2613 1399 2753 1450 tijdt

837 1485 1041 1536 alhier
1072 1480 1513 1528 Ingeschreven,
1547 1483 1749 1529 werdt)
1783 1484 1918 1531 naer
1951 1486 2289 1534 masulipate
2322 1488 2424 1533 ome
2457 1484 2696 1533 vandaer

837 1573 1025 1627 voorts
1054 1568 1150 1616 met
1181 1567 1307 1612 rijs
1338 1566 1589 1615 volladen
1620 1570 1934 1618 advoicture
1965 1573 2091 1622 naer
2121 1576 2247 1622 Gale
2279 1575 2749 1623 affgevaerdight.

832 1666 886 1713 te
911 1661 1101 1712 werden,
1127 1659 1182 1705 t'
1208 1657 1343 1703 Jacht
1370 1656 1451 1702 lis
1477 1657 1532 1703 op
1558 1659 1640 1705 3:e
1665 1660 1881 1707 passado,
1907 1661 1989 1707 met
2015 1663 2124 1710 7200
2150 1665 2204 1710 lb
2231 1665 2392 1711 ongers
2419 1663 2527 1710 ende
2554 1662 2718 1710 sweets

838 1757 972 1810 Coper
995 1750 1102 1801 1200
1128 1748 1181 1794 lb
1207 1747 1338 1793 thinr
1365 1747 1470 1794 1440
1496 1749 1548 1795 lb
1575 1750 1785 1796 giroffel
1811 1751 2022 1799 nagelen,
2047 1754 2153 1801 2400
2178 1757 2231 1802 lb
2257 1757 2441 1802 rompen,
2467 1757 2572 1802 4000
2598 1753 2705 1802 th=s

839 1843 1041 1894 Jappans
1069 1839 1271 1887 schuijt
1300 1839 1473 1884 silver
1501 1839 1617 1885 ende
1645 1840 1761 1886 5000
1789 1841 2135 1888 paliacatsche
2164 1843 2309 1891 page,
2337 1847 2452 1893 ende
2480 1846 2539 1892 nu
2567 1843 2769 1891 Jonghst

836 1937 924 1984 p=r
953 1928 1188 1980 expresse
1216 1924 1393 1972 thonij
1422 1925 1539 1970 4000
1568 1924 1803 1972 gelijcke
1832 1927 1950 1975 pag:
1978 1931 2244 1980 (welckers
2271 1936 2565 1982 bedragende
2594 1935 2712 1982 oocq

835 2023 933 2076 als
963 2016 1122 2066 voren
1152 2013 1216 2059 pr
1247 2011 1468 2058 memorie
1500 2010 1753 2057 gehouden
1783 2013 1974 2061 werdt)
2004 2016 2130 2065 naer
2161 2020 2540 2073 trimelevaes,
2572 2020 2699 2071 ende

826 2107 1031 2163 Carcal,
1058 2102 1176 2151 omme
1204 2101 1291 2146 van
1320 2101 1436 2146 daer
1464 2100 1639 2146 voorts
1668 2101 1901 2152 t'gerede
1928 2108 2016 2155 ons
2044 2110 2131 2157 toe
2160 2112 2218 2157 te
2247 2112 2479 2161 brengen,
2508 2115 2771 2162 gedemitt„

812 2199 962 2248 „eert
990 2192 1199 2243 hebben,
1227 2190 1317 2237 den
1347 2190 1644 2236 almogenden
1674 2191 1763 2237 wil
1791 2192 1853 2239 d'
1881 2195 1971 2240 een
2000 2196 2090 2244 met
2118 2199 2327 2250 d'ander
2356 2206 2715 2260 voorspoedigh

835 2289 924 2335 ter
950 2279 1337 2334 gedistineerde
1367 2279 1603 2324 plaetsen
1633 2279 1929 2328 geleijden,
1958 2283 2076 2330 ende
2105 2285 2254 2333 geven
2283 2289 2786 2347 d'coopmanschappen

832 2377 925 2429 als
954 2369 1225 2421 contanten
1255 2367 1466 2414 volgens
1495 2366 1616 2412 onse
1645 2366 1797 2413 goede
1826 2369 1948 2417 hope
1976 2374 2157 2425 tijdel
2186 2381 2637 2437 gebeneficieert,
2667 2392 2731 2442 en

837 2465 894 2511 In
921 2454 1262 2510 proffitabile
1290 2453 1517 2499 retouren
1545 2453 1744 2500 omgeset
1771 2456 1914 2504 mogen
1941 2459 2140 2511 werden,
2168 2467 2283 2514 daer
2310 2470 2453 2519 voren
2479 2475 2537 2521 al
2564 2477 2738 2533 eenigh

831 2551 1016 2601 sints,
1045 2543 1323 2596 raeckende
1351 2538 1476 2588 dees
1506 2537 1721 2583 zuijder
1752 2538 1845 2584 als
1874 2540 1937 2587 d'
1966 2543 2243 2595 Masulipat
2273 2551 2611 2609 quartieren,
2641 2564 2735 2613 ten

833 2638 1042 2696 aensien
1069 2628 1453 2682 d'quantiteijt
1481 2626 1571 2672 van
1600 2626 1835 2674 t'alrede
1864 2629 2101 2681 becomen,
2129 2637 2248 2685 ende
2276 2641 2395 2690 noch
2423 2646 2484 2693 te
2511 2649 2688 2699 volgen

830 2731 1015 2786 silver
1044 2724 1230 2776 groot,
1259 2720 1352 2768 den
1382 2717 1659 2765 afftrecq,
1690 2717 1814 2764 ende
1843 2719 2028 2766 prijs,
2058 2721 2182 2770 mits
2212 2726 2458 2776 t'alomme
2488 2731 2580 2777 van
2611 2731 2706 2778 dat

838 2814 1083 2870 minerael
1113 2809 1236 2858 seer
1266 2805 1511 2853 vervult,
1540 2801 1664 2849 ende
1693 2800 1816 2847 geen
1846 2801 2001 2849 munte
2030 2806 2153 2854 daer
2183 2810 2306 2857 van,
2336 2813 2428 2859 als
2458 2812 2704 2860 eenlijck

836 2914 898 2961 In
924 2901 1168 2957 Golconda
1197 2898 1288 2946 tot
1317 2890 1589 2942 betalinge
1619 2890 1709 2935 ten
1739 2889 1860 2935 dele
1890 2890 2072 2938 vanden
2100 2895 2281 2942 Jaerl.
2310 2897 2552 2947 tribuijt
2581 2903 2765 2953 aenden

837 2993 1037 3050 Maghol,
1065 2986 1290 3037 geslagen
1315 2981 1486 3030 werdt,
1513 2978 1655 3026 sober
1683 2978 1767 3023 is,
1795 2978 1992 3025 beducht
2020 2980 2161 3028 sijn,
2189 2984 2273 3029 der
2301 2984 2442 3031 wegen
2470 2986 2582 3032 oocq
2610 2987 2783 3037 genoot

828 3086 1029 3138 „saeckt
1055 3081 1171 3129 sijn
1198 3072 1458 3126 gewerden,
1485 3068 1572 3116 ome
1600 3065 1858 3113 s'Comps=s
1886 3065 2230 3115 crediteuren,
2259 3069 2374 3116 ende
2400 3070 2776 3122 contractanten

820 3179 1007 3236 alhier
1035 3170 1220 3222 eenigh
1249 3156 1616 3214 contentement
1645 3156 1707 3202 te
1737 3156 1889 3201 doen,
1920 3156 2041 3202 ende
2072 3157 2163 3203 den
2193 3158 2377 3204 handel
2406 3159 2468 3205 om
2497 3156 2749 3205 d'Zuijdt

831 3265 942 3314 niet
968 3259 1161 3309 buijten
1185 3250 1379 3303 posture
1406 3247 1462 3294 te
1487 3243 1707 3291 stellen,
1735 3243 1845 3288 alle
1871 3244 2036 3292 t'voor
2063 3247 2173 3293 uijt
2200 3247 2392 3294 becomen
2419 3249 2556 3294 goadt
2583 3249 2749 3298 alhier

832 3353 891 3403 te
917 3347 1168 3397 behouden,
1194 3340 1446 3392 hoedanigh
1472 3335 1585 3383 sich
1610 3333 2002 3382 d'apparentien,
2030 3337 2169 3385 onder
2196 3340 2391 3389 anderen
2419 3344 2474 3389 In
2502 3344 2753 3393 bergalen,

817 3442 1001 3492 alwaer
1030 3432 1337 3487 d'geduchte
1365 3429 1702 3476 obstaculen,
1732 3428 1855 3474 ende
1885 3429 2130 3476 onlusten
2159 3432 2312 3478 weder
2342 3433 2587 3481 schijnen
2616 3432 2679 3479 te

830 3527 1119 3580 cesseren,
1149 3523 1247 3572 dat
1278 3519 1407 3567 sich
1438 3516 1568 3564 naer
1599 3514 1857 3561 d'gedane
1888 3516 2241 3563 besonckinge
2273 3518 2465 3563 vanden
2496 3515 2690 3563 prince

817 3627 966 3676 (daer
993 3622 1085 3672 toe
1112 3617 1203 3665 den
1232 3606 1588 3660 oppercoopman
1617 3604 1796 3651 thomas
1824 3604 2003 3650 Cuijcq
2032 3605 2417 3653 gecommitteert
2445 3604 2536 3653 Is)
2563 3601 2713 3648 nader

824 3716 920 3763 sal
950 3703 1271 3760 openbaren,
1302 3697 1622 3746 mitsgaders
1653 3696 1781 3743 Jnde
1813 3698 2005 3745 landen
2037 3700 2133 3745 van
2165 3700 2516 3747 tansjouwer,
2547 3697 2682 3745 ende

823 3802 1038 3858 Madure,
1066 3798 1130 3845 (:
1159 3789 1435 3842 derwaerts
1465 3786 1741 3833 eijntlijk
1771 3785 1863 3830 den
1894 3785 2261 3836 oppercoopman
2290 3789 2505 3836 Adriaen
2536 3789 2722 3840 vander

813 3893 1060 3954 meijden,
1086 3882 1272 3935 sijnde
1300 3877 1393 3926 met
1423 3870 1698 3922 d'Conincq
1727 3871 1819 3917 van
1849 3873 2033 3924 polen,
2062 3880 2184 3926 ende
2214 3881 2397 3928 limmen
2427 3882 2609 3928 nevens
2640 3882 2736 3929 een

823 3977 1193 4040 cargasoentge
1221 3974 1254 4020 (
1283 3970 1437 4019 boven
1466 3965 1651 4013 t'gene
1681 3964 1804 4010 daer
1834 3965 1957 4010 inne
1987 3965 2080 4012 van
2109 3968 2233 4015 hier
2262 3971 2568 4017 gescheept,
2599 3967 2721 4017 ende

818 4076 888 4125 v:
920 4070 1023 4120 Ed:
1054 4064 1157 4114 p=r
1189 4054 1392 4107 mijnen
1425 4051 1727 4098 Jonghsten
1760 4050 2163 4099 g'adviseert)
2197 4054 2299 4102 van
2330 4057 2365 4103 f
2397 4056 2600 4104 15447/
2631 4053 2735 4101 4„2

815 4156 971 4208 sulcx
998 4146 1244 4199 d'nevens
1273 4141 1457 4191 gaende
1486 4137 1639 4185 copie
1670 4137 1883 4185 facture
1913 4139 2187 4186 dicteert,
2217 4140 2339 4185 uijt
2370 4139 2583 4185 carcals
2613 4135 2737 4183 rede

2420 4237 2488 4283 16
2521 4231 2760 4282 october

0 1054 77 1100 de
112 1057 264 1108 uijt

0 1136 195 1186 pans

0 1217 83 1263 str.
102 1218 272 1272 verachte

0 1299 176 1352 fijne

0 1390 261 1446 galiga

0 1491 106 1539 th=t
131 1495 184 1541 7½
210 1495 265 1541 nu

0 1574 30 1619 Bil

53 1579 201 1625 silver

0 1667 75 1712 fte

0 1753 216 1800 nevens

0 1842 196 1892 schip

0 1932 75 1977 de
111 1933 261 1982 voor

0 2016 100 2063 en,
131 2017 233 2064 als

0 2103 259 2153 batt=a

0 2191 166 2238 aerop
200 2190 268 2238 in

0 2265 246 2314 ende

0 2341 268 2391 17„12„

0 2424 60 2469 te
88 2426 266 2473 secour

0 2510 198 2557 tschip
229 2513 262 2559 N

0 2591 117 2638 doch
146 2593 270 2641 door

0 2677 133 2722 is.
177 2677 272 2725 Je

0 2763 270 2811 teringen

0 2853 265 2900 350756„

0 2933 267 2982 d'verdere

0 3012 267 3061 tsaeckt

0 3103 267 3151 44„2„5

0 3191 264 3239 reproced=t

0 3282 59 3329 ip
87 3276 264 3326 heemck

0 3370 129 3416 399
170 3371 257 3419 ¼l

0 3451 259 3497 25500

0 3529 224 3576 van

0 3614 244 3660 ermet

0 3696 272 3745 gemb=

0 3781 269 3832 herwaerts

0 3870 115 3918 pt.
152 3869 268 3916 mas

0 3953 261 4010 eplack

0 4054 76 4100 p:r
98 4049 229 4099 fijne

12 4135 203 4184 13„3

72 4230 245 4280 voor

141 1668 262 1723 veel

178 972 261 1020 dez
