3567 4801
2841 458 3028 519 948

2852 498 2873 545 9

720 547 1028 599 april
1086 540 1333 593 1686

977 717 1211 770 hebbende
1240 717 1472 763 eenlijck
1499 718 1673 764 eenige
1702 718 1907 764 paerden
1933 721 1992 766 om
2020 722 2079 769 in
2107 725 2425 774 Balalachans
2453 728 2656 775 Gouvern
2685 727 2743 772 te
2770 721 3008 770 stroopen

968 829 1176 882 gesonden
1200 827 1305 873 mede
1331 827 1487 873 hadden
1513 828 1591 873 sij
1616 826 1875 874 aanterajes
1901 823 2186 871 geschreven,
2212 823 2367 869 Indien
2393 822 2523 868 Wilde
2549 822 2652 868 haer
2677 817 2840 867 sijde—

958 938 1136 993 houden,
1160 932 1312 982 souden
1336 930 1438 976 sijn
1462 928 1564 975 land
1589 929 1639 974 't
1664 924 1941 974 verschoonen
1966 923 2117 969 daerop
2143 923 2218 969 Bij
2243 922 2369 969 hadde
2394 921 2697 970 g'andtwoort,
2721 924 2852 976 sulcx

973 1045 1166 1094 alsnoch
1192 1043 1358 1090 sonder
1385 1043 1578 1088 Consent
1605 1041 1688 1087 des
1715 1039 1908 1085 Conincx
1934 1038 2045 1084 niet
2073 1037 2210 1084 hadde
2238 1035 2403 1082 Cuunen
2430 1033 2568 1080 doen,
2595 1030 2705 1077 maer
2732 1028 2870 1075 Conde

1003 1154 1350 1208 welbevroeden
1379 1152 1610 1199 terwijle
1639 1148 1899 1197 Oudegiere
1926 1138 2187 1193 Inhadden,
2215 1137 2303 1183 sin
2332 1135 2476 1182 landt
2505 1134 2736 1180 voorhaer
2763 1132 2823 1180 op
2850 1130 2909 1176 en

938 1268 1123 1321 lagh

874 1425 1329 1500 Mareijnepa
1373 1425 1784 1472 Rammeraje
1829 1425 2012 1472 ende
2056 1425 2377 1473 wengere
2421 1421 2695 1471 puttij
2739 1420 2880 1467 des

940 1527 1078 1579 magh.
1101 1522 1160 1570 ts
1186 1522 1405 1569 gesonten
1433 1520 1679 1567 omtrendts
1706 1521 1761 1566 d'
1787 1520 2035 1566 Neijcken,
2061 1520 2308 1567 schrijven
2334 1518 2499 1564 hoedat
2525 1517 2608 1562 des
2635 1514 2827 1561 Conincx
2852 1512 3019 1559 dienst

939 1623 1005 1673 in
1034 1617 1256 1666 sulcker
1287 1616 1475 1662 vougen
1506 1616 1758 1664 Verricht
1788 1617 2009 1663 hadden,
2040 1618 2134 1664 dat
2165 1617 2354 1664 alrede
2384 1616 2448 1662 30
2478 1615 2511 1661 O
2540 1611 2730 1659 Mannen
2761 1607 2856 1656 met
2886 1602 2981 1651 600

957 1720 1200 1774 perdauws
1230 1719 1321 1765 der
1352 1719 1625 1765 sleijcken
1654 1719 1715 1764 in
1746 1717 1988 1764 aentocht
2017 1715 2139 1762 ende
2168 1708 2413 1760 voorders
2442 1712 2503 1757 in
2530 1705 2836 1757 Tansjouwer
2864 1700 2957 1750 wel

959 1821 1281 1883 aengelanght
1307 1817 1484 1864 waeren
1512 1817 1599 1863 van
1628 1817 1744 1863 hare
1773 1815 1948 1862 Verder
1976 1810 2325 1860 Verrichtinge
2353 1808 2527 1854 souden
2556 1807 2615 1853 In
2641 1794 2935 1850 toecomende

958 1927 1231 1983 adviseren,
1256 1918 1638 1971 Connerechittij
1665 1917 1774 1963 doet
1801 1916 1910 1962 sijn
1937 1916 2100 1963 devoir
2126 1917 2236 1963 omme
2263 1914 2508 1962 bestellen
2534 1911 2671 1959 Vande
2697 1908 2889 1955 gleijck
2915 1906 2999 1953 van

951 2042 1204 2105 sussiers
1232 2034 1452 2086 saecken
1482 2029 1731 2078 tewesen,
1761 2022 2164 2073 presenterende
2195 2024 2443 2070 daervoor
2474 2024 2537 2070 30
2564 2018 2845 2071 Operdauws
2876 2018 2908 2064 —

957 2166 1018 2216 te
1044 2152 1276 2209 betaelen
1302 2146 1533 2195 behalven
1561 2142 1677 2191 noch
1704 2139 1820 2186 Wele
1848 2137 2079 2184 beloften
2107 2137 2194 2183 van
2222 2131 2481 2182 Penningen
2508 2128 2595 2175 aen
2624 2124 2796 2173 groten
2825 2123 2882 2169 en

944 2268 1158 2327 schijndt
1182 2264 1237 2312 d'
1261 2257 1447 2308 rleijck
1473 2250 1763 2301 eenichsints
1789 2244 2001 2294 daernaer
2026 2242 2080 2288 te
2106 2238 2396 2288 luijsteren,
2422 2237 2475 2283 d'
2500 2234 2660 2281 magjs.
2683 2230 2739 2279 t.
2764 2228 3029 2274 repliceere

942 2379 1156 2441 hierover
1181 2373 1287 2423 niet
1311 2370 1364 2416 te
1389 2365 1547 2414 sullen
1571 2358 1780 2409 gedoogen
1806 2358 1884 2403 hij
1909 2357 1962 2403 in
1988 2356 2145 2402 sunter
2171 2356 2223 2401 in
2249 2351 2431 2401 aensien
2456 2348 2587 2396 soude
2613 2346 2769 2393 comen,
2794 2342 2899 2390 veel
2924 2341 3005 2387 min

950 2499 1027 2546 In
1063 2482 1402 2541 Cornatiea
1437 2479 1477 2525 —

943 2628 1048 2678 den
1079 2617 1325 2670 rleijck
1358 2614 1463 2662 van
1497 2614 1671 2659 madre
1704 2612 2017 2659 verhaelde
2051 2613 2121 2659 In
2155 2612 2225 2658 't
2258 2609 2536 2658 secreedt
2568 2607 2675 2654 aen
2707 2605 2813 2652 die
2846 2601 2961 2649 Van

923 2739 1202 2796 Tansjouwer
1227 2733 1312 2783 dat
1338 2728 1423 2776 den
1449 2712 1866 2772 Coninckhebbende
1893 2707 2060 2757 gesien
2088 2707 2199 2753 alle
2227 2705 2421 2751 drijed'
2448 2703 2698 2751 tleijcken
2725 2699 2921 2747 t'samen

947 2838 1179 2901 spanden,
1205 2829 1434 2883 daeromme
1462 2826 1576 2873 haer
1603 2821 1746 2870 heeft
1772 2814 2001 2866 beginnen
2028 2812 2087 2859 te
2114 2807 2541 2857 Complementeren,
2569 2806 2683 2852 ende
2710 2805 2769 2852 te
2796 2803 2996 2852 achten,

951 2945 1327 3002 ondertusschen
1354 2938 1673 2989 'twelgedaen
1702 2936 1789 2983 was
1816 2934 1904 2982 hem
1932 2932 1990 2978 in
2018 2929 2135 2977 dese
2163 2921 2625 2973 noodtwendicheijt
2653 2917 2827 2967 alleen
2855 2913 2942 2961 tot

933 3053 1203 3111 behoudinge
1228 3050 1310 3097 des
1335 3045 1471 3094 rijcx
1497 3043 1551 3089 t'
1577 3038 1872 3087 adsisteren,
1898 3036 2006 3083 maer
2032 3035 2060 3080 m
2086 3031 2274 3080 socsten
2300 3029 2515 3076 Voortaen
2542 3027 2649 3074 niet
2674 3018 2955 3071 resolveren

928 3166 1017 3221 hem
1044 3158 1185 3209 veele
1211 3154 1269 3201 te
1297 3147 1662 3198 Conthubueren,
1690 3145 1802 3192 maer
1830 3144 1886 3190 in
1914 3139 2111 3189 Balance
2137 3132 2391 3183 s'houden,
2419 3129 2476 3176 op
2503 3127 2588 3173 dat
2615 3122 2728 3171 niet
2756 3110 2954 3166 suverbe

941 3271 1037 3322 als
1065 3264 1129 3312 te
1159 3254 1317 3307 voren
1346 3248 1566 3298 weerde,

935 3394 1078 3447 alle
1111 3389 1184 3436 d'
1214 3372 1537 3433 Hierboven
1572 3365 1890 3419 verhaelde
1926 3354 2244 3410 tijdingen
2279 3350 2492 3400 werden
2525 3344 2633 3393 bij
2668 3341 2853 3389 onsen

954 3493 1177 3544 resident
1204 3491 1260 3537 in
1288 3486 1484 3536 sunsier
1510 3474 1901 3530 geconfirmeert,
1927 3466 2235 3518 refererende
2263 3463 2542 3511 daernevens
2569 3462 2625 3508 't
2652 3459 2765 3506 gene
2792 3456 2876 3503 hem

923 3595 1097 3653 vanden
1123 3583 1405 3639 gouverneur
1431 3580 1545 3627 wWas
1572 3574 1797 3624 gesonden
1824 3572 1881 3618 te
1908 3569 2077 3616 wetten
2102 3567 2189 3614 het
2217 3565 2386 3612 damast
2413 3564 2498 3611 aen
2525 3559 2722 3608 kistore
2750 3555 2947 3604 rleijck

930 3699 1174 3763 beneffens
1199 3696 1253 3744 d'
1278 3690 1465 3740 brieven
1489 3685 1570 3734 tot
1596 3680 1702 3729 sijn
1728 3677 1887 3724 groote
1913 3669 2258 3721 vergenouginge
2283 3668 2416 3715 hadde
2441 3663 2733 3713 behandicht,
2759 3661 3007 3709 verthouen

936 3818 1102 3865 avnden
1129 3806 1407 3862 gouverneur
1433 3799 1601 3850 moeste
1628 3793 1906 3843 schrijven.
1931 3790 1989 3837 d'
2015 3786 2155 3834 wijle
2181 3783 2321 3830 sijne
2348 3777 2543 3828 saecken
2568 3775 2653 3821 dus
2680 3772 2908 3820 tarderen

929 3930 1049 3986 geen
1077 3923 1421 3976 nnvertrouwen
1448 3915 1622 3968 moeste
1649 3908 1851 3958 hebben,
1878 3905 1965 3952 soo
1993 3904 2137 3950 haest
2166 3904 2224 3950 d'
2252 3902 2482 3950 presente
2507 3899 2798 3947 gewichtige
2825 3899 3057 3949 saecken,

929 4044 1044 4091 ende
1071 4039 1328 4088 tractaten
1355 4038 1441 4084 met
1469 4036 1555 4082 den
1582 4030 1782 4080 Coninck
1810 4028 1896 4075 een
1922 4024 2151 4072 weijnich
2179 4022 2378 4069 geleght
2405 4020 2606 4067 Waeren,
2632 4015 2776 4064 soude
2803 4012 2889 4060 den
2917 4011 2946 4056 —

926 4148 1060 4197 Neyck
1086 4140 1300 4192 d'dingen
1325 4134 1646 4184 Voorstellen,
1672 4133 1778 4180 ende
1804 4131 1885 4177 der
1911 4127 2178 4175 hollanders
2203 4120 2391 4171 brieven
2417 4120 2577 4166 leben,
2602 4121 2657 4167 en
2682 4119 2816 4167 alles
2842 4113 2923 4164 in—

905 4244 1141 4295 faveur
1178 4232 1578 4288 Afrechten,

0 644 238 706 magst

0 755 175 808 s

0 856 275 906 hadde

154 1448 212 1494 die

0 1881 75 1928 als
100 1881 250 1927 mercht

0 2120 187 2170 moordn

0 2228 86 2279 het
111 2217 231 2273 laer

9 2312 173 2361 heeft

0 2423 64 2469 e

0 2632 65 2678 e

0 2757 25 2803 ten

0 2864 47 2913 en

131 2622 259 2677 ende

160 3343 216 3388 allen

0 3774 192 3822 eerde

0 4023 266 4070 Heleher
