3614 4780
2068 253 2404 314 April

2730 622 2893 670 809

619 482 757 532 Aen
801 480 1077 532 diedle
1122 478 1259 524 hen
1303 479 1533 531 Raeck
1579 485 1671 531 en
1715 478 1900 528 drie

893 869 1020 917 alle
1049 872 1327 919 Encosten,
1357 871 1451 917 die
1481 872 1543 918 op
1573 869 1667 916 den
1697 868 1821 914 wegh
1851 867 1976 914 naer
2006 865 2161 913 Agra,
2191 862 2284 909 Iae
2314 859 2500 907 verder
2530 855 2747 903 subject
2777 854 2934 907 zijn,

895 980 1129 1032 meerder
1161 978 1459 1025 voordelen
1491 979 1590 1025 als
1623 979 1721 1024 wel
1753 978 1821 1024 d'
1853 980 1919 1025 E.
1952 970 2182 1024 Comp:e,
2211 961 2346 1013 daer
2378 957 2478 1005 soo
2509 952 2642 1001 veel
2674 946 2872 999 minder

897 1092 1144 1148 Cacosten
1175 1089 1268 1136 van
1298 1087 1361 1133 's
1390 1083 1576 1131 Joncan
1607 1082 1670 1128 te
1699 1077 1917 1126 dragen,
1947 1074 2010 1121 en
2037 1070 2102 1117 d'
2132 1061 2380 1116 vrachten
2410 1061 2504 1106 aen
2534 1059 2658 1107 hich
2689 1058 2875 1105 selven

898 1206 1078 1259 heeft,
1105 1198 1284 1250 souden
1313 1195 1462 1243 comen
1489 1186 1816 1238 t'erlangen,
1844 1185 1934 1230 wat
1961 1181 2052 1230 van
2080 1179 2141 1225 d'
2168 1175 2259 1224 een
2288 1172 2377 1220 off
2406 1166 2613 1217 d'ander
2641 1163 2761 1209 hij,
2790 1158 2939 1207 werdt

889 1321 1028 1372 uEd:
1061 1315 1200 1364 naer
1233 1309 1405 1359 desen
1439 1306 1645 1353 bekent
1679 1294 1988 1350 gemaeckt,
2021 1290 2091 1338 en
2124 1283 2366 1334 d'onsen
2399 1261 2850 1326 middelerwijle

907 1436 1037 1485 op't
1065 1426 1325 1479 Hooghste
1357 1412 1870 1472 gerecommandeert,
1901 1408 2031 1456 sich
2060 1402 2159 1452 van
2189 1399 2255 1446 't
2286 1394 2415 1443 doen
2446 1389 2543 1437 der
2575 1378 2930 1434 maeckelaers

911 1551 1243 1601 exacterl.j
1274 1548 1343 1596 te
1373 1530 1741 1593 Informeren,
1773 1527 1841 1573 en
1872 1522 1974 1570 den
2003 1510 2205 1564 Incoop
2237 1501 2405 1554 vande
2433 1493 2636 1545 Sijde,
2666 1489 2785 1538 ter

2771 1484 2882 1539 -

907 1670 1121 1721 plaetse
1149 1665 1241 1713 die
1270 1654 1512 1709 geteelt,
1541 1651 1602 1698 en
1631 1644 1873 1695 bereijdt
1901 1631 2084 1687 werdt,
2112 1621 2264 1674 selfs
2292 1606 2624 1665 bijderhandt
2654 1603 2715 1650 te
2743 1595 2927 1647 nemen,

901 1789 1005 1840 als
1036 1777 1274 1833 wanneer
1308 1775 1443 1821 oocq
1477 1767 1781 1820 vertrouwe
1813 1762 1882 1811 d'
1913 1758 1983 1805 E.
2017 1753 2220 1803 Comp:e
2251 1741 2422 1796 onder
2453 1727 2692 1785 anderen
2725 1723 2861 1772 voor

899 1902 1118 1965 Iappan
1151 1894 1262 1945 van
1296 1888 1478 1937 Porte
1513 1880 1658 1930 naer
1692 1870 1910 1923 Eijsch
1943 1862 2018 1912 te
2053 1855 2234 1906 beter
2268 1850 2378 1900 sal
2413 1841 2630 1892 cunnen
2665 1834 2920 1886 gedient

907 2015 1228 2064 werden/.

843 2183 950 2234 Wij
981 2171 1121 2226 uEd:
1153 2164 1293 2215 voor
1324 2153 1705 2208 genigetogen
1738 2142 2015 2196 missive,
2047 2138 2153 2186 als
2186 2139 2290 2184 die
2322 2132 2531 2184 aenden
2564 2129 2878 2177 directeur

919 2287 1093 2336 Arent
1126 2277 1406 2334 Barentsz
1438 2269 1581 2322 dato
1612 2261 1789 2311 24=en
1823 2252 2032 2305 Octob.
2065 2249 2102 2295 r
2136 2241 2311 2293 Nass.
2345 2238 2380 2284 o
2414 2236 2519 2283 ons
2553 2234 2693 2280 door
2727 2230 2903 2278 zijne

920 2405 996 2457 E.
1030 2399 1103 2447 In
1138 2391 1319 2441 Copie
1353 2371 1895 2435 gecommuniceert,
1929 2356 2399 2416 arprehendere,
2435 2354 2507 2400 op
2542 2352 2651 2399 wat
2686 2344 2868 2397 goede

900 2508 1233 2571 Insichten.
1265 2503 1397 2551 uEd:
1429 2500 1495 2547 't
1525 2484 1987 2544 geprojecteerde
2016 2475 2249 2527 Iappans
2280 2463 2708 2520 Schuijtsilver
2739 2456 2840 2507 h=r

864 2623 1164 2672 Schiedam
1198 2618 1349 2666 voor
1384 2603 1683 2663 Suratte,
1718 2597 1869 2647 ende
1904 2585 2092 2640 boven
2128 2579 2277 2629 dien
2313 2574 2426 2623 een
2461 2562 2762 2617 gedeelte
2795 2567 2909 2615 van

888 2725 956 2771 d'
985 2728 1051 2775 In
1082 2721 1373 2774 voorraedt
1404 2712 1631 2766 wesende
1663 2701 1986 2757 Contantten
2018 2693 2245 2745 aldaer,
2276 2690 2342 2737 H.
2371 2686 2406 2733 r
2437 2675 2631 2730 Wissel
2664 2673 2895 2726 herw=ts

897 2837 960 2884 te
989 2831 1331 2881 remitteren,
1360 2825 1548 2876 hebben
1579 2816 1826 2869 gelieven
1855 2812 1920 2861 t'
1948 2797 2290 2855 ordonneren,
2320 2790 2600 2842 oversulcx
2629 2785 2693 2834 't
2723 2782 2816 2829 een

891 2946 986 2997 als
1016 2944 1078 2991 't
1107 2940 1262 2989 ander
1291 2936 1446 2984 nader
1476 2919 1936 2980 geconsidereert,
1966 2917 2090 2964 ende
2118 2914 2244 2961 daer
2269 2912 2335 2961 op
2365 2906 2642 2957 overslagh
2672 2905 2950 2956 gemaeckt,

898 3058 1138 3109 bevinde
1169 3054 1239 3103 't
1273 3047 1511 3098 verlies
1544 3042 1613 3091 op
1643 3036 1714 3084 't
1745 3025 2189 3079 Schuijtsilver
2220 3020 2291 3070 In
2324 3009 2663 3062 Masulipat.
2697 3003 2974 3054 gerekent

891 3174 984 3223 tot
1014 3172 1076 3219 45
1104 3170 1167 3217 p.
1197 3168 1228 3214 a
1257 3155 1441 3213 scheer
1470 3150 1563 3198 off
1592 3147 1654 3194 d'
1683 3146 1715 3191 9
1744 3141 1837 3190 3/2
1867 3136 2050 3183 oncon,
2078 3134 2172 3180 12
2201 3134 2324 3180 daer
2352 3126 2537 3179 tegens
2566 3123 2628 3170 op
2655 3117 2719 3166 d'
2749 3108 2932 3160 Wissel

909 3280 1026 3329 van
1061 3268 1333 3323 Suratte
1369 3262 1486 3312 tot
1522 3257 1602 3307 In
1638 3243 2024 3304 Masulipat.
2059 3237 2139 3287 7.
2254 3233 2293 3279 8
2330 3223 2562 3278 p=rcto
2599 3227 2794 3278 boven
2825 3231 2908 3280 en

902 3383 1174 3434 Interest
1207 3377 1411 3427 vanden
1443 3369 1614 3420 tijt,
1647 3364 1750 3413 die
1784 3356 2055 3408 alvorens
2089 3355 2158 3401 d'
2189 3343 2632 3398 geremitteerde
2663 3340 2836 3389 penn.
2869 3342 2940 3390 in

909 3488 1269 3539 Masulipath
1303 3478 1520 3531 cunnen
1555 3470 1915 3522 aenlanden,
1950 3468 2094 3516 comt
2129 3466 2201 3512 te
2237 3460 2560 3511 verlopen,
2594 3448 2955 3504 mitsgaders

848 3604 1093 3658 d'grote
1127 3597 1369 3647 Risico,
1402 3585 1748 3641 dienvolgen
1781 3582 1886 3629 den
1919 3574 2162 3627 anderen
2196 3573 2369 3619 meest
2403 3573 2473 3619 te
2506 3565 2926 3617 Balanceeren,

896 3721 1126 3776 Dordele
1157 3711 1356 3764 (onder
1387 3701 1717 3754 Correctie)
1747 3694 1848 3745 wel
1879 3690 1980 3738 soo
2012 3688 2308 3734 dienstich
2340 3685 2407 3732 't
2438 3683 2539 3731 hij
2570 3687 2669 3736 van
2700 3687 2867 3735 Costi

907 3829 1010 3876 off
1045 3821 1321 3877 Taijouan
1353 3815 1458 3864 met
1492 3810 1596 3859 soo
1630 3803 1768 3853 veel
1802 3799 1940 3848 meer
1973 3795 2216 3844 silver,
2250 3794 2388 3841 ende
2422 3791 2769 3840 Contanten,
2801 3795 2906 3841 als

911 3937 1164 3995 buijten
1194 3913 1663 3981 verachteringh
1698 3907 1913 3957 vanden
1948 3901 2234 3952 Guratsen
2267 3894 2484 3944 handel
2518 3892 2882 3941 geschieden

912 4036 1059 4084 can,
1094 4022 1536 4082 geprovideert
1571 4011 1829 4066 werden,
1864 4005 2013 4055 voor
2048 3996 2453 4049 Namentl.ijk
2489 3995 2600 4041 als
2635 3992 2895 4040 wanneer

0 254 125 305 46

0 428 109 484 d

0 973 24 1019 e

191 1201 270 1257 ven

197 1312 259 1359 aht

184 1750 233 1798 van

113 2438 281 2487 ngaeld

10 2655 57 2701 Ing

0 2767 26 2812 d

163 3318 237 3364 hare

0 3543 33 3588 er

193 3672 212 3717 off

128 4004 250 4053 boven
