3410 4985
579 405 895 468 September
927 410 997 455 ao
1030 411 1236 463 1646/.

1154 638 1415 687 schaersen
1443 643 1648 696 toevoer
1673 651 1763 698 van
1791 654 1938 702 rouwe
1964 660 2110 712 zijde
2138 668 2226 715 als
2253 671 2312 717 de
2340 673 2516 721 Comp:e
2543 678 2660 725 comt
2688 680 2746 726 te
2774 680 2949 730 lijden
2977 683 3035 729 so
3064 683 3154 734 can

1158 748 1240 795 dot
1267 750 1459 798 'tselve
1485 754 1705 806 weijnich
1729 762 1976 814 kinderen,
2002 770 2193 822 dewijle
2219 777 2276 826 't
2301 782 2439 830 geene
2465 786 2547 832 wel
2574 787 2656 832 eck
2682 787 2765 836 bij
2791 790 2847 836 de
2873 791 3038 840 Comp:e
3064 795 3178 842 aen„

1155 852 1406 906 gebracht,
1428 860 1487 907 nu
1513 862 1624 911 door
1651 867 1708 912 de
1733 868 1955 921 chinesen
1980 877 2120 931 Japan
2146 888 2340 939 toecomt
2366 895 2697 949 dienvolgende
2724 904 2808 951 wen
2834 907 3056 959 alleens,
3081 915 3192 963 off,

1145 973 1294 1019 Japan
1323 973 1444 1024 door
1471 980 1532 1028 de
1560 983 1740 1036 Comp:e
1768 992 1859 1040 off
1888 996 2008 1045 door
2036 1002 2097 1049 de
2125 1005 2364 1059 clinesen
2393 1015 2602 1065 geriest
2631 1021 2750 1070 werd
2779 1026 2869 1072 nae
2898 1027 3017 1074 dese
3047 1029 3169 1079 ende

1144 1084 1262 1133 metk
1289 1088 1464 1139 andere
1489 1097 1776 1152 propoossen
1803 1107 1919 1157 over
1946 1113 2062 1163 ende
2088 1120 2261 1174 weder,
2288 1130 2518 1180 versocht
2545 1136 2662 1185 ofte
2688 1142 3032 1198 presenteerde
3058 1152 3148 1201 suc

1140 1209 1234 1257 den
1262 1210 1636 1267 Burgemeester
1665 1223 2132 1290 sacquitmondonne
2160 1247 2254 1299 als
2284 1255 2563 1309 middelaer
2593 1265 2655 1312 te
2686 1267 2844 1315 laten
2871 1273 3215 1328 Gebruijcken

1144 1319 1295 1369 sulcx
1323 1325 1654 1386 toestaande,
1681 1343 1864 1401 heefst
1889 1360 2010 1409 sijn
2039 1365 2099 1411 E:
2128 1367 2219 1415 den
2247 1371 2398 1420 prijs
2426 1375 2637 1428 beraemt
2665 1384 2756 1429 als
2784 1385 2972 1440 volcht

1157 1478 1235 1529 d'
1273 1484 1506 1536 eerste
1538 1492 1775 1541 zoorde
1810 1499 1850 1546 a
1884 1500 1928 1547 §
1963 1504 2129 1563 300:
2149 1535 2267 1598 26t
2303 1555 2420 1604 p:s

1162 1580 1553 1632 d'tweede.
1594 1588 1640 1635 .
1680 1593 1724 1639 .
1766 1595 1811 1642 .
1852 1599 1896 1645 a
1939 1600 2157 1651 9260:

1120 1702 1479 1752 verschelende
1508 1708 1599 1757 met
1627 1713 1719 1761 den
1747 1717 1898 1770 prijs
1925 1726 2047 1778 vand
2075 1735 2345 1792 voorleden
2373 1748 2495 1798 Jaer
2522 1755 2613 1803 20:
2642 1758 2853 1813 seijlen
2880 1770 2940 1815 so
2970 1769 3031 1815 op
3059 1771 3180 1820 d'es

1135 1809 1222 1855 als
1250 1810 1310 1857 d'
1338 1813 1513 1862 andere
1541 1817 1891 1874 zorteringhe,
1917 1831 2123 1885 'twelck
2149 1842 2239 1891 nae
2265 1848 2412 1902 veele
2439 1858 2817 1920 protessatien,
2845 1876 2904 1922 en
2932 1878 3135 1926 beclach

1131 1918 1217 1968 als
1246 1923 1361 1971 uijt
1388 1927 1618 1979 geseijde
1645 1936 1703 1982 in
1731 1938 1961 1992 taijouan
1987 1948 2103 1999 niet
2130 1955 2332 2008 mogende
2358 1965 2673 2025 Berlijcken,
2700 1981 2872 2032 hebben
2900 1987 3218 2040 aengenomen,

1133 2029 1484 2085 principalijck
1511 2038 1593 2083 mes
1619 2039 1864 2092 insichten
1889 2048 1945 2095 om
1970 2052 2053 2101 der
2078 2058 2296 2113 chinesen
2321 2070 2458 2122 sijde
2483 2079 2566 2128 een
2591 2084 2809 2140 slechten
2834 2096 2970 2148 prijs
2996 2105 3051 2151 te
3077 2107 3217 2158 doen,

1143 2145 1336 2192 halen,
1367 2148 1593 2198 dewijle
1624 2154 1721 2202 men
1752 2157 1850 2206 ons
1881 2162 2108 2216 Bericht
2137 2174 2203 2221 de
2233 2178 2363 2232 hare
2393 2188 2491 2237 nak
2522 2193 2780 2253 advirant
2810 2210 3004 2260 d'onse
3035 2215 3135 2266 ge„

1125 2255 1348 2303 taxeckt
1379 2258 1507 2307 werd

1103 2392 1196 2439 den
1225 2393 1379 2444 prijs
1409 2400 1501 2448 der
1530 2404 1685 2451 zijde
1714 2407 1837 2455 also
1866 2410 2082 2461 gemaect
2110 2417 2296 2468 sijnde
2324 2425 2509 2483 sonden
2536 2440 2600 2489 de
2628 2446 2844 2502 tolcken
2872 2459 2965 2508 tot
2994 2465 3092 2517 den

1118 2521 1424 2571 Gouverneur
1454 2527 1577 2577 niet
1607 2533 1791 2584 geduts
1820 2540 1975 2589 sich,
2004 2545 2248 2595 versoeck
2278 2550 2434 2601 ordre
2462 2558 2738 2615 gelieffde
2767 2571 2830 2616 te
2859 2573 3044 2623 geven,
3072 2578 3138 2625 de

1119 2634 1422 2686 packuijsen
1451 2642 1513 2690 om
1542 2646 1634 2695 den
1662 2651 1846 2702 handel
1874 2659 1936 2706 te
1964 2662 2207 2717 beginnen
2236 2674 2509 2729 ontsegeld
2538 2685 2661 2734 ende
2689 2691 2901 2743 geopent
2930 2698 3145 2747 mochten

1098 2754 1345 2809 werden,

1104 2865 1249 2918 ditto
1276 2874 1420 2921 tegen
1447 2877 1534 2926 den
1561 2882 1706 2933 avond
1732 2889 1992 2947 arriveten
2018 2904 2134 2954 twee
2160 2910 2333 2965 chinse
2360 2920 2562 2976 Ioncken
2588 2933 2762 2987 d'eene
2788 2944 2875 2994 van
2902 2950 3222 3012 Contehungi„

1108 2981 1165 3028 na
1191 2984 1556 3045 medebrengende
1582 3001 1668 3050 400
1693 3007 1779 3056 p:s
1805 3012 2114 3068 Sappanhoud,
2140 3025 2253 3076 350:
2279 3032 2449 3086 Bossen
2474 3043 2728 3105 Rottingen
2753 3062 2866 3113 400:
2892 3069 2923 3116 p
2948 3072 3234 3132 koehuijden

1106 3102 1194 3149 168
1222 3106 1251 3151 p
1279 3106 1542 3158 slipbants
1569 3115 1774 3169 tanden,
1800 3126 1918 3175 150:
1945 3132 2033 3180 p:s
2060 3136 2236 3192 swarte
2263 3148 2496 3208 suijcker
2522 3164 2640 3216 400:
2667 3173 2755 3221 p:l
2783 3177 2959 3230 peper,
2985 3187 3044 3233 45
3073 3188 3178 3235 p:l

1108 3218 1456 3275 sandelhoud,
1484 3231 1642 3280 1800:
1672 3235 2079 3302 phartevellen,
2109 3258 2266 3311 1000:
2296 3267 2641 3327 pracevellen
2671 3282 2829 3334 ende)
2858 3291 3047 3342 Cattij
3077 3299 3203 3346 Bor:

1098 3338 1227 3385 inse
1259 3339 1516 3397 campher,
1546 3353 1676 3404 ende
1707 3360 1933 3414 d'ander
1962 3371 2061 3421 van
2090 3378 2315 3431 hockses
2346 3387 2444 3436 met
2473 3392 2605 3441 350:
2633 3399 2828 3449 Cattij
2858 3406 3019 3453 witte
3050 3407 3213 3456 rouwe

1093 3456 1290 3508 sijde,
1318 3466 1415 3515 356
1446 3471 1703 3522 ppangies
1733 3479 1830 3527 76:
1860 3482 2180 3543 pdamasten,
2211 3498 2308 3547 60:
2339 3503 2372 3548 p
2402 3504 2691 3561 Sluwelen,
2721 3517 2818 3563 900
2848 3518 2881 3564 p
2912 3517 3169 3567 pelinghs

1080 3584 1166 3636 350
1193 3589 1279 3636 p:s
1307 3589 1479 3638 swarte
1505 3593 1734 3643 huijcker
1761 3599 1875 3648 300:
1902 3603 1988 3651 p:s
2016 3606 2188 3659 aluijn
2214 3615 2273 3663 en
2299 3620 2499 3671 partije
2526 3627 2726 3677 chinese
2753 3632 3037 3687 meditijnen
3065 3643 3210 3692 ect/.

850 3723 976 3772 adij
1006 3723 1163 3772 13:en
1194 3727 1351 3773 dito.
1382 3727 1632 3778 smorgens
1662 3733 1790 3785 sent
1818 3738 1914 3787 den
1943 3741 2256 3804 Gouverneur
2286 3760 2412 3809 twee
2442 3765 2725 3817 Bongloijs
2754 3773 2818 3820 op
2848 3776 2911 3822 't
2942 3778 3163 3830 Eijland

1092 3835 1191 3882 die
1224 3837 1357 3887 alle
1390 3843 1457 3889 de
1489 3845 1854 3902 packhuijsen
1886 3858 2118 3914 excepto
2151 3869 2219 3915 de
2250 3871 2581 3928 Ragevellen
2614 3883 2747 3928 ende
2779 3882 2946 3931 rouwe
2978 3886 3144 3935 zijde

1080 3953 1266 4003 hebben
1296 3958 1698 4013 ontscgeldende
1727 3969 1852 4016 sijn
1882 3972 2006 4019 alzo
2036 3975 2438 4031 gelicehtuerkt
2467 3987 2746 4041 geworden,
2775 3996 2837 4042 de
2867 3997 3248 4048 Coopmanschap

1086 4070 1146 4118 te
1175 4070 1319 4119 mogen
1348 4074 1610 4125 vercoopen
1638 4081 1754 4127 waer
1782 4083 1842 4129 op
1869 4085 1957 4132 nae
1985 4088 2044 4135 d'
2072 4091 2333 4143 openinghe
2361 4099 2450 4147 der
2477 4103 2796 4155 packhuijsen
2824 4109 2911 4154 ter
2940 4109 3088 4159 stond

1094 4180 1250 4231 ordre
1282 4186 1501 4232 gegeven
1530 4188 1687 4237 hebbe
1717 4192 1873 4240 goede
1904 4195 2123 4244 partije
2153 4200 2619 4256 Coopmanschappen
2650 4211 2838 4257 voorde
2868 4210 2993 4257 hand
3021 4205 3086 4254 te

2533 438 2998 488 Indrangaschij
3031 444 3105 490 /.

2703 4407 3133 4464 halen/.

901 330 932 377 r
