3553 4917
330 373 595 430 Martius
630 368 744 416 ao.
780 364 1006 412 1646/.

2359 392 2462 444 Iw
2512 389 2713 437 Tedo
2763 390 2813 435 —

895 613 1136 663 vergeten
1165 612 1376 659 werden,
1405 614 1525 659 maer
1555 614 1645 661 des
1675 616 1915 664 keijsers
1945 615 2514 666 voedertierenteneijt
2544 621 2664 667 dies
2693 613 2966 665 aengaande

908 732 1084 780 altijt
1112 731 1171 777 in
1200 730 1463 776 gedachten
1493 730 1697 776 blijven
1726 731 1843 777 (dat
1872 731 2019 777 aldus
2048 731 2195 778 best-
2223 733 2399 780 dachte
2428 735 2487 780 te
2516 734 2867 781 beantwoorden
2894 724 2985 777 hoe

905 849 998 896 wel
1028 846 1183 895 tegen
1213 846 1337 892 mijn
1367 846 1553 892 gemost
1584 845 1708 891 ende
1738 846 1862 892 veel
1892 846 2047 892 lulek
2077 848 2479 897 geprotesteert
2509 848 2664 896 hadde
2695 846 2788 893 van
2817 838 3007 889 geweld

913 972 1037 1019 ende
1068 968 1348 1017 engelijck
1378 968 1565 1015 indien
1595 969 1658 1014 de
1689 966 1876 1014 saacke
1905 963 2031 1009 voor
2061 962 2434 1011 onpartijdige
2465 956 2714 1006 rechters
2745 956 2838 1002 had
2869 954 3027 1001 mogen

915 1089 1189 1139 bedongen
1223 1088 1463 1136 werden)
1495 1089 1736 1137 wijders
1769 1087 1872 1133 ons
1905 1084 2248 1131 vermonende
2281 1084 2350 1130 en
2384 1083 2486 1129 als
2520 1080 2623 1127 ten
2655 1073 2862 1123 Besten
2895 1070 2998 1117 na„

907 1208 1064 1255 dende
1094 1209 1408 1255 aengebeijt
1439 1208 1564 1254 geen
1596 1208 1846 1254 chinesen
1876 1206 1971 1253 nae
2003 1205 2160 1251 Japan
2190 1206 2504 1253 tenderende
2533 1206 2723 1254 mosten
2753 1200 2911 1250 nemen
2940 1194 3068 1244 ofte

919 1319 1258 1367 beschadigen
1288 1320 1412 1367 niet
1441 1322 1811 1370 tegenstaande
1841 1324 1903 1370 de
1933 1322 2118 1369 groote
2148 1321 2394 1367 clachten
2425 1321 2548 1367 door
2578 1316 3041 1366 sabroeeijmond:r

911 1431 1145 1483 dierwege
1175 1438 1350 1483 gedaen
1379 1438 1467 1484 tot
1496 1440 1614 1487 noch
1642 1443 1730 1488 ter
1759 1443 1905 1488 ooren
1933 1442 2022 1488 des
2051 1440 2285 1487 keijsers
2314 1438 2431 1484 niet
2460 1436 2694 1482 gecomen,
2723 1433 2840 1481 maer
2869 1430 3075 1478 namaels

910 1553 1131 1600 horende
1163 1552 1385 1598 'tselve
1416 1554 1512 1600 tot
1542 1556 1732 1603 nadeel
1763 1557 1923 1606 vande
1953 1562 2333 1611 Nederlanders
2365 1564 2460 1611 wel
2490 1563 2618 1609 likt
2649 1562 2871 1609 qualyck
2901 1559 3064 1610 nemen

915 1671 1048 1718 maca
1080 1672 1212 1718 doch
1243 1672 1345 1718 nae
1376 1672 1608 1718 manieha
1641 1672 1907 1722 maccouw,
1937 1677 2005 1723 en
2037 1679 2235 1728 elders
2268 1683 2467 1731 gaande
2499 1684 2632 1730 daer
2665 1683 2764 1729 aen
2796 1682 2930 1729 laat

913 1786 1062 1833 Japon
1091 1785 1180 1832 sic
1209 1785 1327 1831 niet
1357 1786 1593 1833 gelegen,
1622 1787 1742 1835 daer
1770 1791 1830 1838 op
1858 1794 2126 1845 antwoorde
2153 1801 2243 1849 dat
2271 1804 2419 1852 noijt
2449 1805 2656 1853 eenich,
2682 1802 2862 1851 Chines
2891 1801 3039 1849 voor„

917 1901 1095 1948 nemens
1125 1903 1185 1948 na
1214 1904 1363 1951 Japan
1391 1906 1452 1952 te
1481 1907 1660 1955 vaeren
1688 1910 1898 1961 genomen
1925 1917 2045 1964 ofte
2074 1919 2371 1971 beschadurt
2400 1926 2519 1972 was,
2548 1922 2668 1970 maer
2696 1917 2964 1966 eenelijck

915 2020 1005 2069 int
1034 2020 1299 2069 vaerwater
1326 2025 1415 2073 der
1443 2028 1823 2077 voorverhaelde
1852 2032 2087 2085 plaessen
2115 2041 2261 2087 onser
2290 2042 2553 2089 voianden,
2581 2042 2670 2089 dat
2698 2036 2995 2086 dierhalven

919 2146 982 2194 de
1011 2144 1196 2191 chunde
1226 2143 1470 2189 clachten
1500 2144 1561 2190 en
1592 2145 1715 2192 kele
1744 2147 1989 2199 leugeren
2019 2155 2142 2203 geen
2171 2159 2354 2210 gehoor
2384 2164 2659 2210 behoorden
2687 2163 2751 2210 te
2781 2163 2964 2212 geven,

934 2275 1090 2321 boven
1120 2272 1246 2319 dien
1277 2271 1339 2317 so
1370 2270 1495 2317 'tal
1526 2271 1807 2318 geschiede
1838 2274 1994 2323 conde
2024 2279 2118 2325 den
2149 2280 2368 2331 keijser
2398 2286 2492 2334 van
2523 2289 2679 2334 Japan
2708 2286 2804 2334 hem
2834 2285 2928 2330 met

928 2394 1110 2443 rechte
1139 2392 1290 2439 sulcx
1320 2391 1439 2437 niet
1469 2391 1679 2439 belgen,
1708 2392 1798 2439 als
1828 2394 1889 2439 in
1918 2395 2067 2441 ruijm
2097 2395 2188 2440 see
2217 2396 2426 2443 buijten
2456 2398 2576 2444 sijn
2606 2396 2816 2443 gebiet,
2845 2394 2905 2440 ho

929 2518 1048 2568 ware
1076 2516 1365 2564 insgelijcx
1393 2512 1682 2561 onbellijck
1709 2512 1768 2558 te
1797 2512 2028 2561 beletten
2056 2516 2287 2565 revengie
2315 2519 2374 2564 te
2402 2519 2547 2566 nemen
2575 2518 2691 2565 vand
2719 2512 2979 2562 ongelijck

937 2638 1062 2687 door
1093 2641 1156 2686 de
1186 2637 1405 2686 chinsen
1435 2635 1530 2681 ons
1559 2636 1778 2682 diverse
1808 2637 1965 2686 malen
1995 2641 2307 2690 aengedaen,
2338 2646 2431 2692 opt
2462 2646 2618 2693 welke
2649 2643 2773 2691 gess
2804 2643 3054 2697 antwoord

944 2760 1250 2807 bequamen,
1284 2759 1488 2805 immers
1521 2759 1657 2806 niet
1691 2760 1794 2807 ten
1826 2763 2166 2815 propooste,
2200 2770 2336 2819 maer
2369 2774 2641 2819 vermoede
2675 2774 2777 2821 den
2810 2776 2980 2822 tolck

932 2887 1051 2933 iess
1079 2887 1258 2933 anders
1287 2888 1406 2933 ofte
1435 2888 1702 2934 eenelijck
1731 2889 2027 2938 aengosande
2056 2892 2116 2939 't
2145 2894 2293 2942 noijt
2323 2897 2648 2944 Beschadigen
2678 2899 2767 2944 der
2796 2897 3034 2945 chinesen

927 3012 1253 3060 overgeseijt
1282 3012 1460 3058 heeft,
1489 3012 1609 3058 also
1637 3014 1756 3061 haer
1785 3016 1934 3063 Ed:le
1963 3019 2052 3066 ons
2081 3022 2378 3073 aenseijden
2407 3027 2762 3075 gelicentuert
2791 3027 3008 3082 woukden

926 3137 999 3183 te
1034 3135 1214 3181 mogen
1248 3136 1643 3183 vertrecken,
1678 3137 1822 3185 voor
1857 3141 2036 3191 welke
2072 3146 2394 3196 aengename
2429 3150 2823 3197 uijtspraake
2857 3149 3002 3197 haer

930 3261 1086 3312 Ed:en
1113 3255 1426 3304 hoogelijck
1457 3253 1644 3299 hebben
1673 3256 1921 3308 bedanct,
1951 3263 2169 3317 wijders
2199 3274 2416 3322 vermits
2447 3277 2540 3323 tot
2570 3274 2694 3322 noch
2724 3272 2787 3317 op
2818 3263 2944 3317 onse

2946 3345 3003 3391 en

924 3387 1239 3433 voorstellen
1267 3382 1410 3431 noijt
1438 3380 1610 3427 eenich
1639 3380 1896 3434 bescheijt
1925 3389 2126 3440 becomen
2153 3396 2326 3443 hadden
2354 3398 2640 3446 versochten
2668 3396 2783 3442 haer
2811 3393 2983 3440 Ed:len

926 3518 1048 3568 daer
1078 3518 1170 3565 aen
1199 3519 1261 3565 te
1291 3519 1475 3566 willen
1504 3522 1779 3570 gedenken,
1808 3526 1931 3574 daer
1960 3530 2023 3577 op
2050 3532 2174 3581 voor
2203 3535 2477 3582 bescheijt
2506 3531 2751 3580 bequamen
2781 3529 2873 3577 U1:
2902 3527 3024 3575 ver:

923 3644 1130 3693 soecken
1159 3643 1277 3689 sijn
1305 3643 1716 3694 geregistreekt,
1746 3649 1804 3694 de
1833 3649 2128 3699 dispositie
2156 3655 2275 3703 dies
2301 3653 2567 3704 aengaande
2595 3652 2713 3699 hebt
2742 3652 2801 3698 na
2830 3651 2977 3697 desen

931 3773 997 3820 te
1029 3772 1257 3818 wachten
1288 3770 1614 3816 vertrocken
1646 3770 1776 3815 alzo
1807 3769 1906 3815 met
1938 3767 2231 3818 Beijschap
2261 3773 2360 3821 ten
2393 3772 2620 3820 aensien
2650 3766 2915 3817 'tlangen

941 3893 1195 3940 verwacht
1226 3893 1543 3941 afscheijt,
1575 3890 1670 3938 tot
1701 3890 1860 3939 mijnr
1891 3895 2082 3943 groote
2113 3897 2525 3946 verworderinge
2556 3895 2747 3942 wierde
2778 3891 2874 3939 als
2903 3886 3033 3936 noch

904 4019 1179 4068 (gelijck
1213 4019 1384 4066 noijt
1416 4020 1793 4068 geduijrende
1826 4023 1930 4070 dat
1963 4026 2032 4072 in
2065 4027 2202 4073 jedo
2236 4026 2373 4073 sijn
2406 4024 2543 4070 Gew:
2576 4019 2748 4069 ths.)
2779 4009 2987 4063 vanden

2441 4218 2882 4276 trefues/.

2795 293 2972 346 635
