3567 4883
1301 747 1501 796 maer
1546 745 1699 792 wel
1746 744 1848 790 d'
1891 736 2443 791 overcomende
2493 731 2990 783 persoonen,
3038 739 3189 787 die
3236 744 3389 797 hun

1307 876 1437 924 als
1480 874 1612 921 dan
1654 876 1828 922 daer
1870 875 2002 921 toe
2042 869 2523 921 vrijwillich
2566 869 3001 919 verpluhten
3040 867 3174 915 aen
3216 866 3304 913 te

1288 1009 1490 1062 gaen,
1529 1007 1609 1054 in
1648 1000 1849 1051 allen
1888 999 2208 1046 gevallen
2247 999 2487 1047 eenige
2527 1001 2727 1048 nader
2765 1001 2927 1050 ende
2962 994 3287 1043 speciale

1295 1142 1504 1190 ordre
1545 1135 2088 1186 dienaengaende
2130 1135 2422 1181 sijnde,
2463 1132 2672 1180 soude
2713 1131 2839 1177 mij
2879 1123 3131 1179 dselve
3171 1121 3384 1172 (olle

1292 1281 1549 1330 noijdt
1590 1275 1762 1325 daer
1804 1273 1932 1319 van
1974 1272 2230 1318 alhier
2272 1269 2443 1317 geen
2484 1264 2997 1313 notificatie,
3038 1262 3210 1308 noch
3250 1254 3338 1306 te

1292 1410 1748 1465 publicadie
1790 1413 2108 1462 gedaen,
2152 1417 2559 1463 midtsdien
2604 1414 2875 1461 geheel
2919 1412 3237 1460 Buijsen

1265 1555 1467 1605 onse
1501 1553 1962 1604 kennisse)
2010 1550 2260 1597 niedt
2301 1546 2606 1597 cunnen
2654 1536 3254 1592 prejudiceren

3271 1543 3318 1588 ,

1281 1688 1370 1739 nu
1411 1683 1668 1730 echter
1710 1683 1839 1731 soo
1881 1683 2053 1729 ued„
2095 1680 2394 1728 mochten
2436 1677 2822 1725 verstaen,
2863 1677 2949 1724 d'
2990 1670 3078 1721 op
3119 1660 3334 1715 nieuw

1285 1817 1755 1870 aengeboden
1800 1821 1988 1867 ende
2033 1811 2643 1864 g'accepteerde
2689 1807 3111 1858 Condutie,
3156 1797 3345 1851 mede

1293 1966 1713 2023 ampliatie
1759 1966 1946 2013 ende
1992 1958 2597 2012 verbintenisse
2643 1958 2783 2005 van
2824 1949 3062 2002 thien
3107 1946 3247 1995 ijn

1260 2122 1590 2175 plaetse
1636 2121 1777 2167 van
1824 2121 2058 2168 drije
2105 2118 2433 2167 Jaeren,
2478 2117 2666 2169 ende
2711 2110 2946 2160 alsoo
2993 2105 3180 2153 naer
3225 2101 3325 2149 de

1281 2268 1691 2328 Expiratie
1736 2268 1872 2314 van
1915 2267 2098 2314 dese
2142 2266 2369 2312 drije
2411 2262 2685 2313 Jaeren
2729 2255 2957 2306 miede
2997 2246 3091 2297 in
3134 2237 3362 2290 mijne

1274 2415 1511 2469 vrije
1558 2414 1795 2460 wille
1841 2412 2077 2460 ceur,
2123 2410 2313 2457 ende
2354 2410 2642 2459 opdie,
2688 2403 2877 2450 tsij
2923 2399 3112 2447 omme
3159 2396 3349 2444 naer

1284 2553 1644 2606 spadria
1693 2551 1796 2599 te
1846 2548 2102 2596 mogen
2152 2544 2714 2594 vertrecken,
2764 2543 2969 2589 ofte
3019 2537 3276 2588 mijne

1278 2710 1646 2764 verderen
1692 2707 1969 2757 dienst
2014 2704 2153 2751 aen
2199 2700 2752 2749 presenteren,
2798 2692 3029 2744 soude
3073 2685 3352 2735 wesen,

1285 2871 1494 2920 daer
1544 2863 1702 2914 toe
1754 2860 1962 2908 niet
2012 2858 2170 2906 wel
2221 2858 2430 2907 kan,
2469 2849 2792 2908 nochse
2844 2841 3364 2895 immermeer,

1257 3016 1434 3069 (als
1477 3004 1869 3060 ongenegen
1912 3002 2043 3050 den
2086 2993 2523 3046 geduirigen
2565 2997 2739 3043 tijt
2781 2996 3043 3043 mijnes
3087 2994 3348 3041 levens

1279 3181 1415 3235 van
1459 3174 1639 3224 mijn
1683 3168 2133 3218 vrijheijt,
2177 3167 2358 3214 ende
2401 3155 2852 3212 Vaderlandt
2897 3146 3394 3200 gefrustreer

1274 3334 1367 3386 te
1410 3327 1772 3378 Beijven)
1816 3325 2041 3372 soude
2086 3318 2356 3369 cunnen
2400 3305 2895 3363 Resolveren,
2940 3294 3390 3350 versoecken

1263 3468 1394 3516 als
1436 3465 1566 3511 dan
1609 3462 1868 3510 gansch
1911 3458 2516 3508 reverentlijck,
2556 3457 2688 3503 uEd
2728 3448 2904 3501 mijn
2946 3439 3380 3492 verlossing

1248 3608 1385 3656 pr.
1430 3592 1885 3650 aenstaende
1930 3591 2158 3638 jaer,
2203 3591 2386 3639 omme
2430 3588 2614 3635 naer
2658 3588 2977 3636 spatria
3022 3589 3114 3636 t'
3159 3586 3390 3636 mogen

1257 3737 1741 3794 vertrecken,
1784 3726 2137 3781 gelieven
2181 3724 2313 3771 toe
2356 3722 2445 3768 te
2489 3718 2753 3765 staen,
2796 3719 2973 3765 ende
3016 3715 3149 3763 tot
3192 3712 3369 3760 dien

1268 3873 1548 3923 eijnde
1595 3872 1782 3918 mijn
1828 3869 2251 3919 vervanger
2295 3874 2716 3922 herwaerts
2756 3872 2856 3920 te
2902 3863 3326 3916 schicken,

1255 4015 1566 4064 sullende
1603 4008 2105 4060 middelerwijle
2143 4008 2259 4054 tot
2298 4007 2491 4054 uEd„s
2529 4003 2762 4052 nander
2799 3992 3185 4051 dispositie
3223 3988 3379 4036 mijn

1267 4128 1614 4179 maentlijk
1650 4129 2109 4178 tracksemendt
2148 4130 2224 4175 op
2262 4128 2377 4175 den
2415 4124 2682 4173 vorigen
2719 4120 2951 4168 voedt,
2985 4121 3140 4169 ende
3178 4120 3370 4168 alsoo

1261 4249 1712 4305 onverandert
1750 4254 2074 4300 Blijven,
2114 4252 2237 4298 met
2276 4251 2358 4298 op
2396 4248 2761 4296 offeringh
2802 4248 2923 4295 van
2962 4228 3327 4291 geduerige

1257 4373 1777 4427 danckbaerh„t
1820 4383 1993 4429 over
2036 4380 2210 4428 uEd„
2251 4376 2383 4423 aen
2426 4375 2556 4421 mij
2597 4373 2772 4422 door
2814 4367 3032 4417 gaend
3074 4359 3379 4414 Bewesen

1215 4524 1358 4572 Een
1404 4521 1595 4567 noch
1642 4520 1738 4566 te
1783 4515 2165 4564 genieten
2212 4513 2687 4561 favorabile
2734 4511 3116 4559 weldaden
