3560 4937
687 696 1045 755 antonio
1096 692 1250 740 van
1301 684 1864 735 Broeckhorst
1916 682 2070 731 ver

692 827 816 877 den
855 818 1141 870 adsist.
1181 810 1466 862 keijser
1507 804 1710 854 aende
1750 795 2077 848 Schipper

691 944 1110 1007 Reijnout
1160 931 1786 983 Engbrechtsz:
1828 930 2045 979 over

694 1073 913 1127 land
963 1064 1239 1117 gesz.

660 573 1197 639 opiebrieffken
1236 567 1403 617 door
1443 566 1567 612 den
1608 566 2101 617 oppercoopman

713 1365 1187 1434 Schipper
1245 1355 1732 1408 Keijnout

1035 1585 1115 1632 Op
1154 1577 1476 1632 gisteren
1515 1576 1717 1622 awond
1756 1576 1958 1622 comen
1997 1578 2157 1624 door
2197 1579 2318 1628 mr.
2357 1580 2678 1628 Cornelis
2718 1579 3201 1630 totleetwesen
3239 1585 3320 1631 te

1198 1699 1491 1753 verstaen
1525 1695 1672 1743 aent
1708 1690 1927 1739 Eyland
1962 1688 2290 1735 overtonan
2326 1690 2798 1740 droeghgeraect
2833 1693 2980 1745 bent
3016 1700 3161 1747 ende
3198 1702 3344 1751 over

1194 1819 1270 1866 de
1307 1815 1457 1863 drie
1495 1814 1720 1860 voeten
1756 1809 2058 1859 verneken
2094 1811 2244 1857 sith
2282 1812 2432 1859 daer
2469 1814 2582 1862 toe
2617 1815 2806 1862 ngeen
2844 1815 3032 1861 ander
3068 1816 3262 1865 hulpe

1202 1938 1448 1991 cunnen
1488 1937 1611 1983 toe
1650 1935 1896 1981 voegen
1936 1933 2059 1979 als
2099 1932 2262 1979 dese
2303 1932 2425 1979 met
2466 1934 2751 1981 keijser
2791 1933 3242 1982 medekomende
3276 1937 3365 1985 6.

1178 2064 1511 2115 matroosen
1547 2067 1658 2113 die
1694 2064 1952 2112 't'uwen
1988 2061 2210 2109 dienst
2245 2062 2577 2110 gebruiken
2613 2065 2760 2112 kind
2797 2067 2834 2112 t
2871 2067 2981 2113 soo
3018 2067 3202 2114 lange
3237 2066 3398 2114 daer

1189 2192 1500 2240 affsijt,
1538 2192 1655 2238 als
1693 2189 1964 2236 wanneer
2003 2189 2274 2235 deselve
2312 2190 2428 2238 met
2467 2193 2815 2241 gedachten
2854 2192 3125 2238 keijser
3164 2193 3361 2241 weder

1201 2316 1652 2368 bovenblijven
1688 2318 1989 2364 wachten,
2025 2319 2439 2369 willenhopen
2476 2325 2664 2371 onder
2701 2321 3001 2370 tusschen
3038 2320 3189 2366 door
3226 2321 3340 2367 den

1211 2448 1401 2499 regen
1438 2448 1590 2495 alst
1628 2448 2006 2496 aenstaende
2042 2451 2271 2498 sprngh
2308 2451 2762 2499 affwateringe
2799 2452 3102 2501 gemoeten
3137 2454 3255 2503 sal

1146 2573 1485 2623 waermede
1526 2571 1611 2616 te
1653 2571 1864 2620 beter
1906 2576 2286 2626 vlodraken
2328 2582 2582 2629 cunnen
2620 2583 2876 2631 soudet
2918 2584 3044 2632 als
3086 2587 3382 2637 wanneer

1202 2704 1681 2754 gerecommand:t
1718 2707 1901 2754 blyft
1936 2708 2670 2762 voortaenvoorsightige
2707 2717 2891 2764 ijver
2926 2718 3000 2764 te
3037 2716 3369 2764 gebruyken

1188 2837 1255 2884 op
1288 2838 1388 2884 dat
1421 2838 1554 2883 niet
1587 2838 1754 2886 weder
1787 2841 1920 2888 wast
1953 2841 2120 2888 compt
2153 2843 2221 2889 te
2253 2846 2453 2894 blyven
2486 2849 2685 2896 litten
2718 2851 2852 2897 ende
2884 2850 3185 2897 ingevolge
3217 2853 3386 2909 vande

1199 2967 1468 3019 reijse
1513 2966 1912 3013 wersteken
1956 2968 2046 3014 te
2089 2970 2356 3020 vallen
2400 2974 2678 3031 vale/.

1003 3108 1129 3164 Jnt
1169 3105 1493 3156 Comptoir
1534 3103 1858 3150 Joncquin
1895 3103 2062 3150 dese
2100 3105 2263 3153 23:'
2303 3108 2425 3156 d:o
2465 3112 2627 3162 1646
2666 3114 2830 3162 ende
2870 3116 2992 3164 was
3031 3117 3356 3164 getekent

1200 3244 1566 3294 Antonio
1617 3245 1773 3291 van
1825 3245 2400 3296 Broeckhorst

870 3377 1021 3424 adij
1058 3380 1209 3425 23:e
1245 3377 1360 3425 d:o
1393 3372 1698 3422 smorgens
1736 3372 1849 3417 met
1887 3370 2000 3417 den
2037 3371 2190 3420 dagh
2225 3376 2490 3423 mottigh
2527 3379 2716 3426 weder
2753 3382 2904 3429 gaet
2940 3384 3054 3432 den
3091 3381 3357 3434 adrist=

1230 3499 1436 3552 keyser
1469 3496 1572 3543 met
1605 3496 1945 3543 bovenstaen
1979 3496 2286 3544 brieffkan
2318 3500 2455 3550 ende
2487 3505 2523 3551 6
2556 3503 2829 3554 matrosen
2862 3510 2964 3555 van
2998 3510 3134 3556 hier
3167 3512 3236 3558 na
3269 3514 3350 3560 be

1221 3626 1414 3673 neden
1452 3623 1568 3671 aen
1605 3619 1913 3667 Schipper
1951 3617 2259 3664 Reijnont
2297 3617 2643 3667 teneijnde
2681 3621 2952 3668 voorm:,
2987 3624 3103 3670 met
3142 3624 3373 3673 ordren

1212 3739 1350 3787 sigh
1383 3735 1694 3784 beneffens
1727 3735 1797 3781 d.
1831 3735 1866 3780 o
1900 3732 2210 3780 matroosen
2244 3733 2451 3782 soodra
2484 3737 2658 3785 weder
2691 3741 2967 3790 herwarts
3001 3746 3346 3801 aentevough

1208 3854 1315 3899 als
1348 3856 1420 3902 't
1454 3856 1630 3903 Schip
1664 3852 1841 3901 vande
1875 3850 2087 3897 droogh
2121 3850 2192 3896 te
2227 3850 2578 3898 salgeraert
2613 3853 2789 3902 wesen
2823 3857 3001 3907 onder
3034 3863 3332 3920 tusschen

1208 3972 1434 4020 begint
1471 3970 1584 4017 het
1621 3969 1735 4015 vry
1771 3971 1847 4016 te
1883 3968 2147 4016 regenen
2183 3966 2259 4012 't
2297 3966 2522 4014 welcke
2559 3970 2973 4024 willenhopen
3009 3981 3122 4027 soo
3159 3983 3312 4033 veel

1750 1190 1929 1240 Een
1986 1195 2224 1244 same
2281 1189 2822 1246 discreete

2955 4121 3119 4174 aff

737 273 948 339 Julio
987 269 1031 316 a
1071 266 1155 312 o.
1195 262 1365 310 1648

689 432 886 483 Julio
924 431 1043 478 ao.
1081 429 1239 475 1646
