3567 4883
1361 1130 1568 1178 Alsoo
1609 1129 1693 1175 de
1732 1126 2064 1175 vijanden
2105 1128 2271 1177 naer
2311 1134 2641 1183 ontrendt
2683 1138 2765 1183 d'
2807 1138 2972 1184 vier
3013 1139 3304 1187 maenden

1229 1244 1742 1298 Belegeringh
1789 1249 1975 1295 ende
2018 1249 2488 1296 Besettinge
2532 1249 2767 1296 deser
2812 1251 2999 1298 ende
3044 1252 3185 1299 Bij

1262 1374 1621 1424 leggende
1664 1370 1935 1418 plaets
1978 1373 2248 1424 siende
2291 1378 2651 1425 weijnich
2695 1380 2875 1426 ofte
2919 1382 3144 1429 niets
3188 1385 3380 1433 daer

1270 1510 1457 1561 mede
1503 1508 1597 1555 te
1639 1507 1918 1557 cunnen
1960 1503 2381 1553 vorderen,
2424 1506 2794 1558 hebbende
2839 1513 2931 1559 nu
2977 1514 3070 1561 al
3116 1516 3393 1568 eenige

1266 1652 1553 1707 maelen
1600 1643 1744 1695 jnt
1791 1632 2222 1684 uijtcomen
2269 1631 2461 1680 ende
2508 1627 3180 1678 schermutsceren

1288 1784 1555 1833 tegens
1598 1779 1734 1829 den
1777 1776 2090 1823 anderen
2135 1778 2670 1825 genootsaeckt
2713 1776 3026 1822 geweest
3070 1776 3212 1825 met

1271 1926 1558 1980 verlies
1598 1925 1762 1973 ende
1802 1920 2089 1970 schande
2129 1920 2253 1967 tot
2292 1921 2375 1967 in
2415 1919 2538 1967 hun
2578 1914 2864 1964 wercken
2903 1912 2987 1959 te
3028 1911 3396 1967 retireren

1261 2060 1643 2120 vreesende
1685 2058 2107 2105 dagelijcks
2149 2057 2235 2104 te
2275 2055 2446 2103 meer
2487 2055 2614 2104 hun
2655 2054 2868 2101 volcq
2909 2057 3080 2106 door
3120 2062 3376 2115 faulte

1259 2226 1398 2274 van
1441 2217 1902 2270 Betaelinge
1943 2217 2314 2264 begonnen
2359 2214 2451 2261 te
2494 2205 3093 2258 meuijtineren,
3138 2203 3322 2253 ende

1269 2370 1433 2418 vele
1473 2367 1555 2413 te
1595 2364 1962 2412 verloopen
2001 2360 2124 2407 hun
2163 2357 2247 2403 d'
2286 2358 2409 2404 een
2449 2359 2531 2405 of
2571 2358 2856 2404 d'ander
2897 2359 3060 2405 tijt
3100 2358 3385 2406 mochten

1257 2523 1471 2571 Comen
1513 2522 1600 2569 t'
1636 2517 2109 2570 overvallen,
2150 2512 2322 2560 daer
2364 2509 2493 2556 toe
2534 2509 2663 2556 wij
2704 2508 2833 2553 wel
2873 2504 3302 2553 geduijrich

1261 2648 1724 2696 getracht,
1773 2646 1979 2696 doch
2029 2643 2287 2692 noijt
2335 2640 2491 2690 van
2541 2638 3107 2692 mancquement
3157 2647 3311 2693 van

1243 2782 1677 2843 Bestante
1730 2770 2055 2825 macht,
2108 2769 2327 2815 ende
2374 2767 2812 2817 bequaeme
2866 2771 3355 2822 gelegenht

1261 2911 1479 2966 ende
1533 2902 1748 2954 omme
1798 2883 2234 2944 sComp=es
2285 2889 2985 2939 verseeckerden
3039 2885 3308 2932 staet

1267 3037 1455 3084 niet
1501 3033 1596 3081 te
1639 3023 2254 3077 lichtvaerdich
2301 3021 2396 3068 in
2441 3012 2865 3064 perijckel
2910 3011 3006 3057 te
3047 3008 3382 3055 stellen

1242 3187 1632 3238 Cunnende
1680 3187 1778 3234 jn
1826 3186 2021 3234 alle
2069 3173 2459 3228 gevallen
2506 3173 2604 3219 d'
2651 3170 2946 3218 saecke
2993 3175 3140 3222 ten

1234 3337 1741 3399 principaele
1787 3338 1971 3384 Daer
2014 3337 2200 3385 door
2246 3334 2429 3381 niet
2469 3330 3072 3379 geredresseert
3116 3332 3397 3380 werden

1273 3484 1420 3535 tot
1462 3484 1615 3535 ons
1663 3479 2102 3527 voornemen
2150 3478 2442 3525 hebben
2491 3480 2783 3528 cunnen
2830 3477 3272 3526 geraecken

1249 3626 1769 3681 eijndelijck
1815 3614 2428 3670 genoodtsaeckt
2474 3611 2664 3658 sijn
2710 3609 3135 3659 gewerden,
3182 3610 3324 3659 hun

1249 3777 1505 3824 leger
1553 3761 1964 3821 plaetsen
2013 3757 2117 3804 te
2167 3754 2629 3801 verlaten,
2679 3755 2884 3802 ende
2934 3753 3089 3800 met
3133 3753 3295 3803 hun

1253 3905 1895 3967 overgebleven
1943 3900 2216 3950 macht
2268 3895 2483 3944 naer
2535 3892 2857 3939 mansie
2909 3894 3177 3942 wacke
3229 3888 3337 3941 te

1220 4054 1559 4110 wijcken
1606 4051 1799 4098 ende
1844 4042 2183 4097 tsedert
2229 4036 2519 4085 aldaer
2564 4038 2663 4086 op
2706 4039 2998 4087 eenich
3046 4038 3289 4087 nader

1247 4211 1590 4266 secours
1635 4206 1836 4256 dach
1885 4199 1983 4248 te
2032 4191 2474 4242 vergeeffs
2523 4188 2866 4234 gewacht
2913 4178 3308 4233 hebbende

2630 4438 3058 4497 hun

1761 723 2277 776 onderdach
2331 731 2506 778 Den
2561 733 2735 779 4en
2790 735 3249 783 Januarij

1602 859 1951 908 anno
2037 863 2388 913 1646
