3703 4828
1443 566 1764 615 hooghmoet,
1795 570 1925 619 bose
1956 574 2085 621 ende
2116 575 2470 629 onversadel.
2501 584 2823 634 begeerten,
2854 589 2950 636 als
2982 591 3111 637 uijt
3143 593 3305 638 eygen
3335 595 3533 652 boesem

1431 678 1472 725 &
1508 676 1813 728 hersenen
1851 683 1965 729 van
2003 684 2155 730 over
2193 685 2384 735 lange
2421 690 2954 739 geconcipieert,
2991 695 3106 743 toe
3143 699 3526 754 geschreven

1441 778 1549 825 sal
1583 780 1833 833 werden,
1865 788 1938 834 te
1972 790 2151 838 meer,
2185 794 2257 841 't
2291 797 2681 849 verbreecken
2716 804 2823 851 van
2858 806 2894 852 u
2929 806 3178 856 Jonghst
3212 811 3531 859 gemaeckte

1433 893 1572 941 ende
1605 895 1913 947 beswooren
1946 902 2220 951 contract
2253 906 2357 955 met
2390 911 2493 959 ons
2526 915 2765 961 alhier,
2800 916 2868 962 't
2902 917 3073 965 roven
3106 920 3347 968 stropen
3379 925 3516 972 ende

1434 997 1714 1045 besetten
1749 1000 1855 1046 van
1889 1002 2029 1050 alle
2063 1006 2413 1058 passagien,
2448 1013 2554 1060 als
2587 1016 2727 1062 dese
2762 1017 2972 1063 stadt,
3006 1018 3111 1066 tot
3146 1021 3505 1071 destructie

1435 1102 1545 1149 van
1581 1105 1728 1152 d'E:
1763 1107 1983 1153 comp=s
2019 1108 2312 1158 negotie,
2348 1113 2494 1163 ende
2530 1118 2714 1167 ruine
2748 1120 2859 1167 van
2895 1120 3078 1168 darme
3113 1123 3516 1174 Ingesetenen

2886 1173 2905 1218 ^
2923 1174 2998 1222 ende
3016 1178 3170 1229 vermogen

1418 1209 1570 1256 (dat
1608 1210 1835 1257 Immers
1872 1213 1948 1259 te
1985 1214 2175 1262 verre
2212 1218 2477 1267 buijten
2515 1222 2667 1268 uwen
2702 1223 2894 1271 staet
2930 1227 2969 1273 ^
3002 1225 3308 1273 getreden
3345 1225 3501 1275 was)

1420 1312 1807 1363 mitsgaders
1844 1318 1960 1365 ul:
1997 1319 2269 1371 valsche
2305 1327 2730 1378 aenclachten
2767 1335 2921 1382 over
2959 1338 3190 1386 mijnen
3228 1341 3501 1389 persoon

1425 1416 1537 1464 p=r
1572 1421 1646 1467 d'
1682 1422 2051 1473 Engelschen
2087 1428 2235 1476 ende
2271 1431 2492 1479 deenen
2529 1434 3008 1486 schriftelijck
3044 1441 3192 1490 naer
3228 1446 3486 1493 Batavia

1423 1523 1755 1575 gesonden,
1791 1530 2159 1579 Innegesien
2196 1534 2454 1584 zijnde,
2491 1539 2712 1587 sonder
2748 1542 2860 1588 dat
2895 1543 3007 1591 ons
3043 1548 3191 1595 noch
3227 1551 3337 1599 bij
3374 1554 3413 1601 u

1429 1624 2003 1677 Jegenwoordige
2048 1632 2490 1683 schrijvens
2533 1640 2798 1690 blyckt
2841 1645 2975 1695 van
3010 1649 3415 1698 Hooghmoet

1428 1729 1732 1778 verandert
1765 1734 1934 1782 zijt,
1966 1738 2102 1785 sich
2134 1741 2304 1791 (:als
2336 1747 2471 1794 voor
2504 1750 2673 1799 dato)
2705 1755 3076 1805 Inbeeldende
3109 1761 3177 1807 d'
3209 1763 3278 1810 E:
3310 1766 3512 1813 Comp=e

1424 1837 1666 1886 sonder
1704 1842 1826 1890 uwe
1864 1847 2146 1898 negotie
2184 1854 2346 1902 ende
2385 1858 2786 1911 vruntschap
2826 1867 2986 1915 niet
3026 1870 3107 1916 te
3145 1872 3394 1925 cunnen

1433 1942 1732 1997 bestaen,
1767 1953 1916 2003 doch
1952 1958 2028 2006 In
2063 1962 2398 2015 tegendeel
2434 1971 2546 2017 hoe
2582 1974 2730 2022 veel
2766 1977 2843 2025 ul
2878 1982 3064 2032 aen't
3100 1987 3508 2043 onderhouden

1401 2057 1673 2103 d'selve
1712 2058 2024 2111 gelegen,
2061 2067 2179 2116 ene
2217 2071 2296 2118 't
2333 2074 2568 2124 sedert
2605 2080 2722 2129 uwe
2760 2085 3188 2140 aengevangen
3226 2095 3423 2142 quade

1411 2166 1776 2219 concepten,
1812 2174 1959 2226 ende
1994 2182 2322 2235 separatie
2358 2191 2431 2239 In
2467 2195 2650 2245 staet
2685 2202 2832 2250 ende
2867 2206 3159 2255 middelen
3195 2209 3490 2259 gedecli

1377 2282 1600 2331 neert
1636 2284 1822 2333 sijt,
1852 2288 1930 2336 is
1965 2291 2040 2338 ul
2075 2294 2223 2346 best
2258 2302 2516 2359 bewust,
2551 2316 2625 2362 nu
2660 2318 2882 2367 echter
2917 2323 3102 2371 nader
3137 2327 3505 2379 verseecker

1401 2390 1657 2439 zijnde,
1693 2395 1803 2442 ul:
1839 2398 1949 2446 van
1985 2402 2206 2455 goeder
2240 2412 2461 2467 harten
2496 2424 2789 2481 genegen,
2824 2437 2971 2483 ende
3007 2436 3190 2482 ernst
3226 2432 3337 2481 sij

1411 2505 1931 2561 d'reconciliatie
1962 2519 2067 2567 met
2100 2524 2171 2571 d'
2204 2528 2274 2576 E:
2307 2532 2516 2583 Comp=e
2548 2540 2618 2585 te
2651 2539 2929 2593 soucken,
2962 2549 3100 2596 ende
3134 2550 3446 2600 desselffs

1401 2619 1702 2671 schaduwe
1738 2628 1925 2675 weder
1962 2630 2039 2679 't
2075 2636 2563 2697 amplecteeren,
2599 2654 2714 2705 sal
2748 2662 2900 2714 daer
2936 2670 3087 2719 over
3123 2676 3275 2726 naer
3311 2678 3499 2728 batta

1320 2666 1490 2717 onse
1520 2674 1856 2727 gebiedende
1887 2684 2021 2738 hra,
2054 2688 2156 2736 ten
2188 2693 2456 2741 respecte
2487 2698 2623 2749 hare
2654 2705 2789 2756 Erd:

1404 2731 1531 2779 aen
1571 2736 1740 2786 hare
1779 2743 1906 2795 Ed:
2029 2753 2156 2800 van
2196 2757 2280 2803 ul
2321 2759 2572 2811 vorige
2613 2767 3031 2822 proceduren
3071 2779 3280 2828 reede
3321 2784 3446 2831 ten

1413 2846 1639 2894 vollen
1675 2850 2163 2910 g'informeert,
2197 2867 2649 2927 d'excessijve
2684 2884 2947 2935 schaden
2983 2892 3282 2943 schanden
3319 2898 3472 2946 ende

1398 2953 1692 3011 gewelden
1726 2967 1873 3016 d'E:
1909 2972 2166 3026 Comp=e,
2200 2983 2347 3032 ende
2382 2988 2639 3039 d'haren
2673 2994 3003 3046 aengedaen
3039 3002 3295 3054 bekent,
3329 3010 3477 3058 ende

1399 3065 1827 3122 dienvolgende
1861 3077 2289 3141 d'dispositie
2323 3097 2467 3148 daer
2501 3104 2645 3153 over
2678 3109 2893 3161 alleen
2927 3117 3391 3170 toebehoorende
3423 3125 3497 3171 js

1394 3168 1512 3216 ter
1549 3172 1861 3225 bequamer
1898 3181 2171 3237 occasie
2208 3192 2599 3250 schrijven,
2636 3207 2753 3255 ten
2791 3211 2948 3261 ware
2985 3218 3491 3272 middelerwijle

1393 3269 1503 3316 een
1539 3272 1648 3319 der
1684 3275 1794 3325 Ed:
1828 3282 2012 3336 H=ren
2046 3293 2229 3346 raden
2263 3303 2374 3352 van
2408 3309 2591 3362 India
2625 3318 3097 3380 Jegenwoordigh
3133 3336 3208 3384 op
3241 3341 3502 3391 Cheylon

1394 3384 1633 3433 alhier
1671 3390 1870 3443 quame
1908 3400 1989 3448 te
2026 3404 2502 3465 verschijnen,
2539 3423 2659 3473 off
2697 3429 2817 3480 wel
2855 3436 2936 3486 ul
2974 3442 3172 3493 goedt
3210 3448 3416 3500 vonde

1395 3497 1608 3544 selffs
1643 3499 1714 3545 in
1749 3500 1998 3552 persoon
2031 3508 2139 3558 een
2173 3514 2316 3565 keer
2349 3521 2668 3575 herwaerts
2702 3531 2774 3580 te
2808 3535 2986 3588 doen,
3020 3544 3162 3594 ende
3197 3550 3304 3596 ons
3338 3553 3446 3602 bij

1392 3603 1469 3649 te
1507 3604 1738 3654 comen,
1775 3610 2160 3667 alswanneer
2198 3623 2352 3672 oocq
2389 3628 2506 3679 wel
2543 3635 2813 3690 eenigen
2850 3646 3197 3701 voorslagh
3233 3658 3387 3707 ende

1370 3714 1682 3763 middelen
1719 3719 1837 3768 tot
1874 3724 2223 3783 reparatie
2259 3739 2415 3788 ende
2452 3744 2879 3804 satisfactie
2916 3761 3264 3815 beraempt,
3302 3770 3461 3820 en:e

1384 3821 1681 3874 daerinne
1716 3830 1829 3882 soo
1864 3838 2050 3888 verre
2085 3844 2381 3894 d'reden,
2417 3850 2714 3902 'trecht,
2749 3859 2824 3905 &e
2859 3861 3302 3923 billickheijt
3339 3878 3487 3923 mach

1383 3931 1741 3986 toelaten,
1780 3942 1861 3990 op
1898 3947 2257 4003 aprobatie
2295 3959 2416 4008 van
2454 3965 2614 4015 hare
2653 3972 2932 4026 gemelte
2969 3982 3090 4032 Ed:
3129 3988 3486 4039 gehandelt

1381 4048 1584 4096 soude
1623 4052 1865 4102 cunnen
1904 4057 2185 4110 werden,
2225 4066 2386 4113 naer
2425 4069 2547 4117 dat
2585 4074 2708 4125 dan
2745 4083 2907 4134 sien
2946 4091 3068 4139 uL:
3106 4096 3470 4152 voornemen

1388 4154 1464 4203 te
1499 4159 1833 4215 tenderen,
1868 4171 2091 4219 sullen
2127 4175 2239 4221 ons
2274 4177 2349 4223 te
2386 4178 2757 4234 reguleren,
2792 4190 2867 4236 &n
2903 4191 3126 4245 vougen
3161 4202 3421 4254 hebben,

1382 4272 1495 4322 off
1531 4276 1606 4321 nu
1643 4276 1756 4324 uL:
1792 4280 2017 4329 handel
2052 4286 2201 4332 ende
2238 4287 2462 4336 wandel
2498 4291 2835 4350 duijster,
2870 4307 3021 4356 ende
3056 4313 3399 4366 verburgen

1371 4385 1535 4435 voor
1574 4391 1778 4438 mijne
1818 4393 2062 4441 ooghen
2102 4397 2387 4446 geweest
2426 4402 2590 4450 sij,
2629 4406 2711 4455 d'
2751 4411 3118 4466 waerheijt
3156 4423 3320 4473 daer
3358 4428 3482 4475 van

3168 4528 3388 4579 over
