3410 4985
1071 512 1254 566 Prete
1289 512 1399 559 end
1434 511 1690 560 lanckte
1725 514 1835 560 van
1870 516 2235 569 alcatijven
2270 526 2416 572 door
2451 528 2525 577 de
2560 533 2815 586 tolcken
2850 541 2996 587 inde
3032 540 3216 587 logie

1158 624 1415 673 gesonden
1446 629 1638 676 heeft,
1670 631 1767 678 dat
1798 634 1927 680 best
1958 636 2278 690 geoordeelt
2309 644 2502 694 hebben
2532 649 2597 695 de
2628 649 2789 697 forme
2820 650 2916 697 der
2948 652 3141 701 helver

1149 742 1251 789 van
1284 742 1485 790 papier
1519 745 1687 792 aende
1719 746 1955 800 anderen
1988 756 2056 802 te
2088 758 2224 805 doen
2256 761 2491 810 placken
2524 764 2793 811 daermede
2826 761 2893 808 de
2926 760 3163 807 tolcken

1147 864 1356 913 Besich
1390 867 1530 913 sijn
1565 866 1704 912 ende
1739 867 1810 913 op
1844 869 1984 919 mijn
2018 876 2297 926 vertreck
2328 878 2436 925 mij
2471 879 2575 925 ter
2609 876 2749 924 land
2784 873 3028 921 gesteld
3062 871 3174 920 zal

1138 982 1366 1030 werden,
1398 985 1463 1031 't
1495 985 1658 1033 welcq
1690 988 1819 1034 iE:r
1851 988 2143 1042 derhalven
2176 995 2306 1042 over
2337 994 2597 1042 Battavia
2629 995 2727 1041 toe
2758 994 2986 1041 tecomen
3017 996 3262 1052 staat/.

651 1176 772 1226 wat
809 1176 929 1223 den
967 1178 1203 1232 handel
1242 1185 1480 1233 alhier
1518 1190 1834 1243 Belanght
1871 1200 1951 1249 is
1988 1205 2147 1252 niet
2185 1207 2265 1254 zo
2303 1206 2658 1254 geluckicg
2697 1207 2815 1253 als
2854 1207 2973 1252 wel
3011 1208 3212 1260 twek:

1133 1307 1300 1357 leden
1333 1311 1466 1357 Jaer
1499 1311 1866 1364 gesucedeert
1897 1321 2330 1379 principalijck
2360 1332 2429 1380 om
2461 1331 2562 1377 dat
2595 1332 2728 1378 vrij
2759 1331 2960 1379 minder
2993 1328 3260 1376 Capitael

1095 1425 1130 1470 (
1164 1424 1726 1479 voornaementlijck
1760 1434 1901 1483 uijt
1936 1439 2217 1494 taijouan
2250 1446 2497 1495 Becomen
2531 1448 2672 1494 ende
2706 1447 2952 1495 vermits
2986 1449 3232 1496 Contin„

1132 1544 1298 1590 natie
1330 1545 1430 1593 der
1461 1549 1727 1602 chintsen
1759 1558 1991 1609 grooten
2023 1565 2254 1613 toevoer
2287 1566 2683 1614 naeherwaarts
2716 1569 2849 1616 dien
2881 1571 3079 1617 handel
3111 1570 3211 1615 ge„

1135 1666 1413 1714 noechsaem
1444 1669 1629 1717 geheel
1660 1672 1722 1718 in
1752 1673 1877 1722 haer
1907 1677 2093 1728 geweld
2123 1683 2309 1729 hebben
2338 1683 2401 1729 op
2431 1684 2587 1731 veele
2617 1687 2712 1735 van
2740 1692 2864 1738 daer
2895 1693 3268 1747 aengebrachte

1128 1793 1397 1840 goederen
1431 1793 1700 1841 weijnich
1734 1796 1802 1842 of
1834 1798 1903 1845 te
1935 1801 2071 1848 geen
2103 1804 2274 1855 winst
2305 1811 2542 1861 vallen,
2575 1817 2710 1863 ende
2743 1818 2946 1868 andere
2978 1823 3147 1870 Coop:

1124 1921 1492 1970 manschappen
1524 1926 1624 1971 den
1657 1926 2024 1980 voorjarigen
2057 1936 2224 1985 prijs
2254 1939 2389 1986 niet
2423 1940 2590 1987 mogen
2622 1943 2922 1995 Berijken,
2954 1950 3191 2001 gelijck

1127 2057 1296 2106 meede
1328 2058 1395 2104 de
1428 2059 1693 2110 tonkunse
1725 2062 1892 2109 zijde
1925 2063 2091 2112 ruijm
2123 2068 2389 2120 veertien
2421 2076 2588 2126 teijl
2620 2080 2786 2128 ijder
2819 2080 2985 2127 picol
3017 2083 3219 2134 minder

1132 2181 1432 2228 rendeert,
1465 2181 1666 2232 echter
1698 2187 1865 2236 heeft
1897 2191 1965 2239 de
1997 2196 2197 2244 Comp„e
2230 2200 2397 2249 desen
2428 2202 2596 2252 Iaare
2628 2206 2762 2254 noch
2795 2209 3229 2266 smaeckelijcke

1117 2301 1450 2357 proffijten
1482 2312 1549 2358 te
1581 2313 1946 2368 verwachten.
1978 2321 2145 2370 Boven
2177 2325 2310 2373 dien
2342 2329 2409 2376 is
2441 2331 2542 2378 den
2574 2334 2839 2387 uijtvoer
2872 2342 2972 2388 van
3004 2342 3170 2388 Coper

1091 2423 1257 2479 (daer
1288 2435 1485 2487 langh,
1517 2443 1582 2489 om
1615 2444 1911 2493 gewenscht
1942 2449 2040 2495 is)
2072 2448 2302 2497 vrijed:
2334 2453 2694 2504 toegestaen,
2726 2460 2792 2506 't
2824 2462 2988 2510 welck
3020 2464 3251 2512 verhope

1118 2556 1196 2604 de
1233 2556 1464 2609 Comp„e
1501 2564 1579 2614 al
1617 2569 2040 2621 Eenighsints
2077 2577 2423 2630 holageren
2461 2586 2616 2635 zal,
2650 2588 2922 2636 wijders
2959 2590 3115 2638 niet

1135 2682 1422 2731 hebbende
1455 2679 1529 2727 om
1565 2678 1745 2726 desen
1779 2683 1851 2728 te
1887 2683 2247 2737 preorgeren
2281 2694 2497 2743 zullen
2532 2699 2855 2751 eijndigen
2890 2703 3034 2749 ende
3066 2702 3147 2750 /.

1735 3129 2123 3203 Echtbaare
2163 3160 2379 3209 wijse
2418 3163 2934 3212 voorsienighe
2976 3167 3150 3218 helr

1758 3264 2075 3315 discrete
2114 3269 2313 3317 helke
2351 3273 2470 3321 uE:
2509 3275 2667 3321 waer
2707 3274 3141 3322 Groetenisse

1794 3377 1916 3425 met
1956 3376 2118 3425 zijn
2158 3377 2279 3423 bij
2319 3377 2642 3424 hebbende
2676 3375 3086 3426 Geselschap

1796 3496 1895 3544 de
1937 3496 2483 3546 mogentheijt
2531 3493 2778 3542 Godes
2826 3485 3173 3537 Bevelen

1810 3610 2251 3666 nangasachij
2291 3621 2411 3667 int
2451 3621 2731 3670 keijser
2771 3624 2971 3674 rijck
3010 3630 3214 3681 Iapan

2095 3673 2140 3719 en

1814 3752 2031 3798 desen
2074 3751 2204 3798 21:
2247 3750 2551 3799 october
2594 3749 2725 3796 a:o
2767 3749 3035 3798 1646/.

2459 3870 3049 3920 Onderssond/.

2305 4053 2454 4103 uE:
2474 4034 2941 4092 dienaer/.

2156 4221 2593 4279 Reijnier
2646 4215 2810 4264 van
2862 4202 3191 4257 Thuem/

2524 2918 2713 2977 hier
2759 2926 2947 2975 mede
2991 2919 3090 2971 /.
