3560 4937
1386 790 1564 838 Dagh
1608 788 1961 837 Register
2005 787 2271 838 wegens
2313 794 2403 841 't
2446 797 2935 851 gepasseerde

1495 1170 1976 1225 serieuselijck
2011 1182 2491 1240 recommanderen
2527 1196 2638 1241 die
2673 1195 3043 1249 importante
3079 1204 3301 1253 saecke

1500 1298 1819 1351 wijselijck
1850 1302 2198 1355 gedirigeert
2229 1311 2355 1358 ende
2387 1313 2608 1359 beleijt
2639 1313 2830 1362 werde,
2861 1317 3177 1367 dierhalven
3208 1322 3303 1369 tot

1491 1421 1807 1467 voldoeninge
1836 1421 1951 1468 uwer
1980 1423 2095 1471 Ed=e
2124 1425 2325 1471 bevelen
2353 1425 2441 1471 bij
2468 1425 2670 1472 missive
2699 1426 2785 1472 aen
2814 1427 2872 1473 de
2900 1428 2958 1473 E.
2986 1428 3073 1474 H=r
3100 1428 3276 1475 Caron—

1499 1556 1571 1603 om
1606 1556 1861 1603 neffens
1896 1556 2006 1603 den
2042 1558 2114 1604 E.
2150 1557 2513 1607 overtwater
2547 1558 2803 1603 volgens
2838 1557 2983 1604 uEd.
3018 1552 3239 1602 intent

1488 1696 1631 1744 daer
1666 1699 1737 1744 op
1771 1695 2022 1744 naerder
2056 1693 2163 1740 ten
2197 1690 2448 1738 meesten
2482 1686 2731 1735 dienste
2766 1680 2945 1730 vande
2978 1673 3193 1723 Comp„e
3227 1668 3300 1716 te

1493 1821 1722 1872 letten
1759 1818 1874 1866 ons
1911 1812 2215 1863 gevoelen
2252 1805 2481 1856 breder
2519 1800 2914 1850 extenderen

1339 2015 1575 2072 Treffen
1606 2010 1708 2060 der
1739 2006 1973 2054 pancado
2006 2005 2074 2051 is
2106 2006 2173 2054 op
2205 2008 2273 2054 12
2306 2007 2606 2055 september
2638 2011 3071 2060 g'effectueert
3104 2015 3237 2061 ende

1506 2141 2000 2200 sanderendaechs
2033 2140 2106 2186 de
2140 2142 2493 2193 pachuijsen
2527 2147 2880 2198 ontsegelt,
2914 2144 3161 2190 g'opent
3196 2143 3338 2190 ende

1508 2264 1843 2317 preparatie
1876 2261 1977 2309 tot
2010 2259 2178 2305 begin
2211 2259 2412 2308 vanden
2445 2261 2647 2307 handel
2679 2264 2948 2313 gemaect,
2979 2268 3352 2323 ondertmaken

1498 2400 1684 2448 vanden
1713 2397 1869 2445 prijs
1899 2396 2117 2443 toonden
2146 2398 2240 2445 hun
2269 2399 2332 2445 de
2363 2397 2610 2444 hooffden
2641 2395 2735 2442 der
2765 2396 2920 2441 vijff
2950 2395 3136 2442 steden
3166 2396 3354 2442 gansch

1498 2534 1854 2587 misnoecht,
1887 2528 2173 2577 seggende
2207 2524 2350 2572 ront
2384 2522 2527 2568 uijt
2562 2521 2669 2567 met
2704 2522 3024 2573 voordacht
3058 2529 3130 2578 so
3164 2533 3343 2581 clene

1913 2601 1945 2647 ^
1972 2597 2129 2648 sijde

1501 2661 1746 2712 partije
1781 2660 1956 2706 rouwe
1990 2659 2026 2704 ^
2059 2653 2235 2703 aende
2270 2653 2444 2699 merct
2476 2650 2793 2699 brachten,
2825 2650 2933 2697 met
2968 2650 3108 2698 meer
3142 2653 3352 2701 andere

1506 2795 1762 2853 scherpe
1797 2785 2159 2839 propoosten
2194 2785 2303 2831 ten
2337 2784 2484 2830 dele
2520 2784 2592 2829 in
2628 2783 2701 2829 't
2736 2775 3170 2827 dachregister
3205 2773 3318 2819 aen

1491 2919 1809 2967 getogen,
1849 2917 2008 2966 niet
2047 2905 2524 2961 tegenstaende
2562 2903 2761 2950 sulcx
2801 2896 3238 2949 genoechsaem

1492 3050 1599 3100 met
1633 3044 1877 3094 redenen
1911 3038 2329 3089 wederleijden
2363 3038 2468 3083 als
2502 3037 2572 3083 de
2606 3038 3163 3089 quaetwillicheijt
3197 3045 3303 3092 van

1490 3183 1710 3231 Jcquan
1745 3179 1819 3227 de
1854 3171 2037 3222 sijde
2070 3166 2220 3216 alle
2255 3164 2365 3210 uyt
2401 3164 2583 3210 China
2619 3162 2693 3208 in
2729 3162 3020 3208 Taijouan
3057 3162 3358 3213 gebracht

1487 3315 1660 3362 mocht
1694 3312 1936 3360 werden,
1969 3310 2108 3356 ende
2143 3308 2212 3354 't
2246 3305 2419 3352 selve
2452 3302 2591 3350 land
2626 3302 2764 3350 voor
2798 3305 3005 3352 d'onse
3040 3307 3316 3355 tenemael

1491 3438 1762 3492 gesloten
1795 3435 2031 3483 blijft,
2064 3431 2166 3480 met
2199 3430 2367 3476 grote
2401 3430 2704 3476 capitalen
2736 3431 2804 3478 in
2837 3433 3106 3480 Taijouan
3139 3434 3341 3480 ledich

1495 3572 1715 3621 blijven
1747 3566 1967 3616 sitten,
1998 3564 2124 3611 ende
2155 3561 2313 3608 Japan
2344 3562 2533 3607 echter
2564 3562 2659 3609 van
2690 3563 2849 3609 sijde
2879 3563 3005 3611 door
3034 3559 3100 3607 de
3128 3548 3354 3602 Chinese

1483 3708 1736 3755 gerijft
1772 3700 1953 3753 werd,
1987 3696 2060 3743 de
2095 3690 2312 3740 Comp„e
2348 3690 2493 3737 ende
2528 3690 2672 3738 niet
2708 3689 2888 3735 Japan
2923 3685 3068 3732 daer
3101 3679 3212 3730 bij

1466 3818 1921 3875 g'interesseert
1953 3816 2019 3862 is
2050 3812 2181 3860 ende
2213 3808 2376 3856 grote
2408 3807 2603 3853 schade
2635 3807 2897 3858 leijdet,
2927 3813 3318 3864 onaengesien—

1489 3962 1813 4009 sodanigen
1847 3956 2280 4010 tegenbericht
2314 3948 2530 4000 bleven
2565 3944 2674 3993 bij
2709 3941 2926 3989 thaere
2961 3938 3106 3986 ende

1476 4087 1790 4145 beraemden
1824 4085 1893 4132 so
1928 4084 2134 4130 gansch
2169 4084 2446 4135 slechten
2477 4087 2651 4137 prijs
2682 4081 2753 4130 op
2787 4080 2856 4125 de
2891 4078 3063 4124 rouwe
3097 4079 3309 4132 sijden

1475 4213 1570 4258 dat
1601 4213 1792 4261 gelove
1824 4213 1888 4261 't
1918 4208 2300 4257 uijtgeleijde
2331 4206 2461 4260 daer
2489 4217 2585 4263 van
2616 4216 2870 4262 qualijck
2901 4216 3220 4268 procederen
3250 4224 3346 4272 sal

1485 4344 1629 4394 alte
1664 4350 1915 4398 precijs
1950 4350 2165 4399 bleven
2199 4345 2344 4393 mede
2379 4344 2522 4391 niet
2556 4341 2737 4389 staen
2771 4337 2844 4385 om
2877 4326 3058 4379 hogen
3091 4319 3237 4368 mant
3270 4313 3346 4363 te

2972 4420 3274 4481 treffen

753 270 928 325 Jnlio
961 266 998 312 a
1033 263 1103 310 o.
1138 262 1278 307 1646

1972 568 2235 616 pie

1945 442 2405 496 Jonckem

2953 446 3160 495 164
