3505 4869
2749 550 2960 606 1034

735 676 920 726 hadde
954 670 1175 721 goeden
1211 668 1431 715 Indigo
1467 665 1540 713 te
1576 661 1870 709 maecken,
1905 660 1979 707 In
2014 655 2307 704 sirchees
2344 654 2526 700 heeft
2563 654 2709 700 doen
2745 650 3078 700 verbieden

734 783 946 837 enigen
981 780 1190 828 Indigo
1224 778 1295 824 te
1329 774 1678 822 vercoopen,
1711 772 1852 820 voor
1887 772 1992 817 dat
2026 772 2098 818 de
2131 770 2306 819 zijne
2340 770 2584 817 vercoft
2619 770 2760 816 was,
2793 772 3075 822 oorsaec„

732 897 810 946 ke
847 893 962 940 dat
999 889 1151 936 alle
1188 886 1265 934 de
1302 884 1720 933 vercoopers,
1757 882 1910 929 ende
1948 883 2251 930 verwarts
2289 883 2669 930 geweijgert
2705 882 2934 932 hadden
2971 886 3050 933 de

746 1004 936 1057 selve
972 1001 1086 1049 aen
1121 997 1198 1046 te
1234 995 1422 1042 slaen
1458 995 1534 1041 om
1571 994 1684 1040 dat
1720 993 1796 1039 de
1833 992 2021 1038 bevel
2057 994 2320 1040 hebbers
2356 995 2506 1041 daer
2544 996 2656 1043 van
2693 997 2769 1043 In
2805 999 3073 1053 plaets-

743 1121 859 1167 van
896 1117 1165 1166 schoon,
1203 1114 1471 1161 eendeel
1508 1113 1892 1161 ondeugendt
1925 1112 2082 1160 goet
2120 1112 2197 1158 op
2234 1112 2541 1159 gemaeckt
2579 1113 2847 1165 hadden,
2885 1121 3038 1167 ende

739 1239 930 1289 alsoo
967 1236 1043 1283 om
1080 1232 1233 1280 1200
1270 1228 1384 1276 lb:
1422 1225 1536 1272 die
1573 1223 1725 1270 noch
1762 1220 2180 1268 gebreecken,
2217 1219 2369 1265 niet
2407 1220 2710 1271 waerdich
2748 1226 2863 1275 was
2899 1231 3053 1279 daer

738 1375 819 1426 om
851 1361 1012 1418 veel
1048 1354 1321 1405 moeijte
1357 1351 1437 1399 te
1475 1349 1670 1396 doen,
1707 1344 1863 1392 veel
1902 1343 2019 1389 min
2056 1343 2366 1392 geraden,
2405 1346 2483 1392 om
2519 1344 2754 1390 eenige
2792 1346 2909 1395 van
2946 1347 3069 1398 des

732 1487 976 1539 Prince
1016 1480 1219 1531 (daer
1258 1475 1461 1524 onder
1502 1471 1704 1520 licht
1744 1469 1866 1515 soo
1904 1467 2068 1514 veel
2109 1467 2352 1517 goeden
2390 1471 2595 1518 zoude
2635 1469 2965 1520 gevonden

731 1611 920 1662 zijn,
956 1606 1033 1653 te
1069 1598 1522 1649 bemachtigen,
1558 1594 1635 1642 om
1672 1591 1748 1638 de
1786 1589 1975 1635 quade
2009 1588 2502 1637 consequentie,
2539 1588 2653 1634 dat
2690 1588 2766 1634 in
2803 1588 3072 1644 toeco:m

727 1733 959 1782 andre
1003 1735 1463 1784 Gouverners
1509 1733 1647 1781 hun
1691 1727 1876 1775 goet
1917 1724 2060 1772 ons
2104 1719 2289 1767 mede
2334 1715 2610 1765 zouden
2654 1712 3069 1760 opdringen

731 1852 920 1904 hebbe
957 1849 1255 1896 ditwercq
1292 1848 1404 1894 tot
1441 1847 1590 1894 noch
1627 1846 1739 1894 toe
1774 1844 1850 1889 op
1886 1838 2036 1888 zijn
2073 1836 2297 1882 beloop
2332 1834 2669 1881 gelaaten,
2706 1835 3079 1884 naderhandt

737 1968 892 2023 (soo
929 1965 1006 2012 't
1043 1958 1348 2009 schijnt)
1386 1958 1538 2004 moet
1574 1958 1690 2006 den
1723 1960 1955 2007 Engels
1993 1962 2108 2007 man
2145 1960 2336 2007 ordre
2371 1959 2488 2006 van
2519 1956 2677 2007 zijn
2715 1947 3059 2001 president

730 2084 1025 2137 becomen
1063 2079 1358 2131 hebben,
1398 2075 1483 2123 om
1524 2071 1900 2120 desselffs
1941 2074 2234 2122 procure
2276 2077 2359 2123 te
2400 2076 2860 2123 behertigen,
2900 2074 3069 2123 aen„

711 2202 1029 2263 gemercqt
1068 2200 1265 2247 onsen
1303 2198 1658 2246 president
1695 2194 2090 2243 aengesocht
2130 2193 2366 2241 heeft,
2405 2196 2484 2241 om
2523 2196 2602 2242 te
2641 2197 2917 2242 gelijck
2955 2194 3036 2242 in

725 2317 849 2370 een
888 2310 1250 2361 geschrift
1291 2310 1411 2355 aen
1450 2309 1572 2355 den
1608 2306 1854 2354 prince
1894 2306 1975 2352 om
2010 2302 2377 2353 licentie,
2414 2303 2659 2351 vanden
2696 2303 2941 2351 Indigo
2979 2308 3063 2357 te

724 2426 964 2480 coopen
1003 2423 1201 2470 waert
1240 2419 1359 2467 hun
1398 2419 1715 2466 gelieft,
1754 2420 1833 2465 te
1872 2417 2229 2467 versoecq:
2266 2415 2545 2463 t'welcq
2582 2414 2703 2462 hij
2742 2415 3061 2466 affgesla

713 2562 836 2608 gen
876 2554 1124 2606 heeft,
1164 2550 1493 2598 seggende
1534 2550 1657 2597 des
1697 2551 1739 2597 E
1780 2551 2067 2597 Comp=es
2108 2543 2354 2595 eijsch
2393 2542 2683 2590 voldaen
2722 2544 2806 2591 te
2845 2546 3011 2595 zijn

716 2680 862 2728 doch
891 2678 1077 2728 onder
1112 2676 1293 2722 wijle
1329 2676 1437 2723 sal
1472 2673 1617 2720 dito
1644 2667 1940 2719 (volgens
1975 2665 2121 2712 mijn
2156 2665 2373 2711 ordre)
2408 2664 2516 2710 een
2550 2663 2805 2710 waecken
2840 2664 3057 2714 d'ooch

722 2799 989 2851 houden,
1025 2796 1102 2843 om
1138 2794 1252 2841 ter
1290 2791 1667 2840 gelegender
1704 2789 1893 2836 tijt,
1930 2783 2195 2833 wanneer
2232 2786 2345 2833 den
2383 2787 2760 2833 Engelsman:
2797 2789 2949 2837 daer
2984 2791 3062 2838 op

723 2913 921 2963 minst
958 2913 1078 2960 zal
1117 2911 1432 2957 verdacht
1472 2910 1708 2956 wesen,
1747 2908 1905 2955 niet
1944 2904 2180 2953 alleen
2219 2907 2298 2952 't
2336 2905 2810 2952 gebreeckende
2849 2904 3047 2952 aende

713 3029 828 3078 30O
864 3024 980 3073 lb:
1017 3023 1170 3069 maer
1208 3024 1359 3069 oock
1397 3024 1701 3070 gelijcke
1739 3022 2157 3070 quantiteijt
2194 3022 2423 3068 vanden
2460 3024 2689 3071 besten
2726 3023 2955 3071 Indigo
2991 3021 3036 3069 —

723 3135 900 3182 onder
936 3135 1115 3184 d'een
1144 3137 1290 3186 off,
1326 3137 1504 3184 ander
1538 3138 1858 3185 pretecxt,
1893 3136 1966 3185 in
1995 3138 2141 3186 zijn
2175 3138 2390 3185 gewelt
2425 3138 2496 3183 te
2531 3138 2816 3188 crijgen,
2850 3143 2999 3193 ende

713 3255 1010 3302 d'Engels
1045 3257 1120 3303 't
1157 3257 1528 3307 ontrecken,
1563 3262 1638 3308 't
1674 3261 1786 3308 sij
1822 3263 1934 3310 dan
1969 3260 2082 3308 bij
2118 3258 2526 3305 begrootinge
2563 3259 2674 3306 van
2711 3260 2822 3306 der
2858 3248 3045 3304 H=ren

719 3388 1024 3441 meesters
1058 3388 1323 3437 petitie
1359 3389 1510 3435 noch
1547 3389 1698 3437 voor
1734 3391 1849 3437 dit
1885 3392 2075 3441 Jaer,
2110 3393 2261 3443 ofte
2298 3392 2449 3438 niet
2486 3391 2674 3437 voort
2712 3385 3095 3437 aenstaende

2355 3475 2423 3523 m

710 3513 911 3562 Jaers
947 3514 1187 3560 retour
1226 3512 1386 3559 comt
1422 3511 1504 3558 te
1543 3511 1820 3560 dienen,
1859 3514 2059 3563 voors
2096 3519 2216 3564 200
2255 3518 2454 3567 pacq:
2490 3519 2691 3567 (waer
2730 3518 2849 3564 van
2889 3518 3088 3566 ijder

2620 3585 2671 3632 no

719 3632 827 3679 lb:
861 3628 969 3676 tot
1005 3627 1112 3673 aen
1147 3626 1327 3672 boort
1362 3628 1542 3673 vande
1576 3627 1829 3674 schepen
1862 3631 1972 3677 14:
2005 3634 2257 3680 stver„s
2291 3636 2363 3682 15
2396 3635 2544 3683 3/8:
2575 3636 2722 3685 pen:
2756 3641 2863 3686 sal
2899 3641 3079 3689 comen

711 3746 793 3796 te
832 3742 1113 3788 costen,
1154 3741 1355 3788 hebbe
1395 3741 1476 3786 in
1515 3742 1837 3791 souratta
1877 3747 2038 3792 voor
2078 3747 2239 3793 dato
2278 3748 2560 3796 brengen
2600 3751 2882 3797 laeten,
2922 3750 3004 3797 om

710 3857 992 3906 doorden
1030 3858 1271 3910 spaden
1310 3866 1589 3914 reegen,
1628 3866 1748 3912 die
1787 3866 1868 3911 de
1906 3867 2107 3914 wegen
2145 3867 2345 3915 langh
2384 3864 2823 3915 onreijsbaer
2862 3871 3064 3920 hout,

720 3972 806 4022 in
845 3974 931 4022 't
973 3975 1225 4025 vroech
1266 3978 1729 4025 dispacheren
1770 3978 1898 4025 van
1938 3981 2023 4027 't
2064 3980 2275 4027 Jacht
2316 3983 2821 4033 valckenburch
2861 3986 3033 4035 niet

721 4093 1167 4140 verhindert
1201 4088 1300 4138 te
1344 4088 1658 4136 worden,
1699 4092 1879 4138 maer
1923 4090 2237 4138 'tselve
2280 4092 2414 4138 van
2455 4090 2638 4139 hier
2681 4095 3091 4151 derwaerts

710 4218 814 4265 te
866 4215 1333 4264 largeeren
1384 4212 1541 4258 soo
1591 4209 1853 4256 haest
1903 4212 2060 4258 van
2112 4211 2372 4258 Mocha
2423 4210 2631 4262 over
2683 4217 2995 4264 Gamron

2330 4338 2459 4385 zal
2501 4339 3054 4387 geretourneert

0 682 60 727 p

130 678 281 727 eter

208 1042 252 1088 00

172 1396 265 1444 pre„

137 1521 263 1576 twt

173 1654 205 1700 n

180 1765 249 1811 hoe

159 2848 202 2893 em

194 3218 242 3265 nde

180 3669 240 3715 erde

130 3778 209 3824 niet

157 4025 234 4071 van

86 4150 216 4200 belast

0 4149 51 4194 bela

0 4246 76 4291 de
