3553 4917
2801 326 2989 377 653

931 544 1023 592 nae
1053 547 1114 593 't
1143 548 1386 598 gevoelen
1415 554 1506 599 der
1536 551 1748 599 tolcken
1778 546 1869 596 die
1898 546 2051 595 zelve
2079 551 2171 598 tot
2200 552 2503 599 schenkagie
2532 549 2594 596 te
2623 545 2959 593 gebruijcken

951 664 1043 711 wel
1073 663 1225 709 mogen
1255 663 1589 714 excusetren,
1618 667 1741 714 ende
1770 666 1831 713 om
1862 667 1922 712 te
1953 666 2226 713 vercoopen
2256 668 2377 714 noch
2407 666 2772 715 ondienstiger
2800 662 2926 709 als„

948 786 1154 836 wanneer
1182 785 1299 831 geen
1329 785 1475 831 derde
1504 786 1592 833 van
1620 788 1679 833 't
1708 786 2059 833 uijtgeleijde
2087 784 2263 830 sullen
2292 783 2468 829 connen
2497 784 2702 832 haalen,
2730 783 2789 829 de
2818 782 2936 828 veld

948 906 1073 953 tent
1102 904 1166 951 is
1197 904 1322 949 mede
1353 905 1478 953 voor
1508 908 1664 955 Japan
1695 908 1976 955 onbequaem
2007 902 2319 953 geoordeelt
2349 901 2444 947 die
2472 899 2755 947 derhalven
2784 892 3007 942 netsehs

948 1018 1149 1069 eenige
1179 1018 1347 1065 goude
1377 1018 1677 1069 laackenen
1709 1025 1808 1072 den
1841 1025 2137 1072 Oppercoop
2170 1025 2269 1072 van
2301 1022 2664 1071 Bronckhorst
2697 1015 2929 1067 voorden

953 1133 1207 1182 Coninck
1242 1135 1351 1181 van
1387 1136 1677 1186 toncquim
1711 1141 1857 1187 mede
1893 1138 2147 1186 begeven
2182 1138 2327 1185 werd

490 1368 596 1418 Tot
628 1362 839 1411 groote
873 1361 1360 1413 verwoonderinge
1393 1366 1742 1416 gedeurende
1776 1371 1881 1416 ons
1914 1370 2194 1418 aenwesen
2228 1374 2298 1419 in
2332 1374 2472 1420 tedo
2506 1375 2716 1424 wierde
2749 1379 2819 1425 zo
2851 1373 2924 1424 te

968 1481 1130 1529 hoove
1161 1479 1258 1527 als
1290 1479 1610 1531 particulur
1642 1486 1835 1532 vanden
1867 1484 2027 1531 heere
2059 1485 2477 1539 Isukingodonne
2508 1493 2605 1540 die
2636 1491 2765 1539 doch
2796 1485 2925 1534 alle

960 1595 1136 1641 dingen
1165 1595 1224 1641 op
1253 1596 1311 1641 't
1341 1596 1516 1642 nanste
1545 1597 1837 1643 ondersoect
1866 1597 2013 1644 noijt
2041 1599 2099 1645 in
2129 1600 2333 1648 eeniger
2362 1602 2596 1648 manieren
2625 1603 2800 1649 vanden
2829 1603 2948 1650 tre„

955 1708 1075 1755 fues
1105 1709 1346 1757 tusschen
1376 1712 1436 1757 de
1466 1712 1767 1759 portugesen
1797 1713 1917 1760 ende
1947 1715 2097 1762 onsen
2127 1716 2278 1764 staat
2307 1718 2488 1765 eenich
2518 1720 2730 1769 vormaen
2758 1724 2978 1776 gedaen,

950 1820 1045 1869 dus
1075 1822 1483 1871 achterdencken
1514 1826 1795 1877 crijgende
1827 1831 1921 1877 off
1951 1830 2108 1880 zulcx
2139 1835 2264 1883 door
2296 1838 2358 1883 de
2389 1838 2608 1886 tolcken
2640 1841 2926 1890 verswegen

945 1941 1134 1989 mochte
1164 1942 1319 1991 zijn,
1348 1943 1475 1990 also
1503 1942 1599 1989 mij
1629 1944 1816 1992 bekent
1846 1948 1939 1994 was
1970 1949 2065 1998 den
2093 1955 2156 2001 E:
2186 1955 2313 2002 over
2341 1959 2559 2007 'twater
2589 1957 2808 2005 'tzelve
2835 1951 2924 2000 de

945 2054 1169 2104 toecken
1201 2056 1265 2102 om
1297 2056 1362 2102 de
1393 2058 1746 2110 Gouverneurs
1776 2066 1873 2113 aen
1904 2068 1969 2115 te
2000 2071 2193 2121 dienen
2224 2077 2416 2123 belast
2447 2077 2640 2124 hadde,
2671 2075 2800 2122 ende
2830 2071 2927 2119 bij

947 2172 1007 2220 't
1034 2176 1149 2222 dach
1178 2175 1408 2222 register
1437 2173 1639 2224 bleecq,
1667 2179 1869 2230 gelijck
1897 2186 2041 2234 inder
2069 2189 2185 2237 daat
2213 2192 2444 2242 bevonden
2470 2195 2558 2242 den
2587 2193 2731 2240 tolck
2759 2193 2846 2240 met
2870 2190 2963 2238 mij

943 2296 1011 2346 in
1042 2297 1172 2343 sedo
1202 2299 1395 2345 zijnde
1426 2299 1716 2347 dierwegen
1748 2302 2229 2354 ondervraeghende
2260 2308 2390 2355 rond
2421 2309 2551 2357 uijt
2581 2313 2903 2362 verclaarde
2933 2309 3005 2356 de

942 2411 1292 2461 Gouverneurs
1323 2414 1386 2459 in
1418 2414 1767 2462 nangasackij
1797 2418 1925 2466 daer
1956 2421 2052 2469 van
2082 2426 2210 2473 wijt
2240 2427 2494 2474 kennisse
2525 2426 2715 2474 hadden
2746 2426 3000 2474 becomen,

954 2524 1019 2570 de
1052 2524 1248 2570 zaacke
1280 2523 1673 2575 indusdanighe
1705 2530 2130 2586 gelegentheijt
2162 2541 2424 2588 vindende
2456 2541 2620 2587 hebbe
2652 2540 2750 2586 met
2783 2539 2882 2585 den

955 2648 1188 2696 tolcken
1221 2648 1454 2694 geraden
1487 2648 1686 2694 gealst
1719 2649 1787 2695 de
1818 2652 2051 2702 Compste
2083 2656 2183 2703 der
2216 2658 2449 2704 schepen
2482 2657 2581 2704 den
2615 2655 2950 2707 Gouverneur

962 2762 1138 2811 zulcx
1171 2766 1242 2812 te
1277 2764 1662 2812 verthoonen,
1690 2764 1941 2819 gelijck
1974 2775 2044 2821 in
2079 2776 2359 2824 manieren
2390 2776 2498 2823 met
2533 2773 2952 2822 Communicatie

951 2884 1141 2931 vanden
1173 2885 1268 2931 E:e
1300 2882 1586 2931 verstegen
1617 2882 1713 2930 int
1744 2885 1873 2932 dach
1903 2888 2160 2940 register
2188 2898 2316 2946 dato
2346 2899 2475 2948 7„en
2505 2903 2569 2949 en
2600 2902 2728 2947 8:en
2745 2884 2883 2946 7b:r

946 3006 1254 3057 geinereert
1283 3004 1501 3051 breeder
1531 3007 1594 3053 te
1618 3005 1716 3053 hun
1747 3006 1810 3052 is
1839 3008 2087 3058 geschiet

444 3242 514 3291 De
544 3235 748 3284 schuld
780 3239 881 3285 des
912 3238 1115 3285 leeken
1148 3236 1249 3282 van
1281 3235 1516 3283 firande
1549 3235 1617 3280 te
1650 3236 1918 3283 vorderen
1950 3238 2018 3284 is
2051 3239 2118 3284 't
2152 3238 2420 3286 weelmael
2453 3242 2554 3288 bij
2586 3244 2789 3292 mijnen
2820 3250 2956 3298 tijt

962 3352 1147 3399 expres
1178 3353 1240 3400 om
1270 3351 1548 3397 gesonden,
1578 3351 1704 3398 maer
1731 3352 1980 3401 weijnich
2011 3356 2135 3402 oste
2165 3358 2289 3405 geen
2320 3359 2476 3405 hoope
2505 3361 2598 3409 van
2628 3360 2907 3412 betalinge

969 3465 1212 3513 becomen,
1243 3465 1606 3511 d'eerstemael
1636 3466 1970 3518 excuseerden
1999 3473 2121 3521 haer
2151 3477 2212 3522 de
2242 3477 2485 3522 regenten
2514 3478 2636 3524 door
2666 3480 2788 3526 dien
2817 3482 2999 3529 'trijs

952 3567 1192 3617 gewasch
1225 3573 1499 3621 bedurven
1529 3574 1669 3622 door
1702 3576 1976 3624 tempelst
2008 3580 2145 3631 voor
2179 3587 2281 3632 die
2315 3587 2452 3634 tijt
2484 3582 2895 3634 onvermogende

956 3680 1205 3729 bleeven
1241 3684 1455 3731 eenige
1484 3684 1809 3737 Betalinge
1844 3693 1917 3739 te
1950 3696 2129 3745 doen,
2164 3701 2235 3747 de
2270 3702 2484 3748 tweede
2518 3700 2661 3747 ende
2695 3693 2945 3743 Jongste

948 3796 1081 3845 maal
1112 3798 1306 3845 sesges
1337 3797 1402 3843 de
1435 3798 1662 3845 missive
1692 3802 1791 3851 van
1821 3807 1919 3853 den
1950 3809 2274 3861 Cappiteijn
2305 3817 2402 3862 van
2434 3814 2596 3862 'thun
2628 3809 2920 3859 ontfangen

951 3913 1074 3960 ende
1102 3916 1193 3962 den
1222 3914 1403 3961 inhoud
1433 3916 1674 3964 verstaen
1703 3920 1763 3967 te
1793 3922 2004 3971 hebben,
2034 3925 2155 3971 doch
2184 3925 2244 3972 de
2273 3924 2394 3971 heer
2423 3924 2485 3971 en
2514 3921 2665 3969 heeft
2694 3917 2845 3966 egeen

951 4036 1067 4082 geld
1096 4033 1270 4081 zonder
1298 4032 1444 4079 meek,
1471 4030 1617 4078 sulcx
1646 4030 1908 4078 wetijnich
1936 4034 2081 4081 staat
2110 4036 2168 4082 op
2197 4038 2313 4084 dien
2341 4037 2516 4083 schuld
2544 4035 2603 4082 te
2631 4034 2835 4081 maacken
2862 4036 2951 4082 is,

945 4146 1011 4193 te
1043 4144 1174 4190 werk
1206 4144 1304 4189 nae
1336 4144 1434 4190 van
1466 4144 1532 4190 de
1563 4142 1792 4189 tolcken
1823 4140 2053 4187 bericht
2084 4139 2247 4186 werde
2280 4137 2508 4184 buijten
2539 4135 2608 4181 s'
2637 4134 2865 4185 Comp:es

2348 4327 2635 4389 bedith
2680 4313 2967 4368 meer/.

0 4266 76 4319 ƒ
