3410 4985
1108 587 1146 636 T
1173 591 1373 641 fluijt
1404 593 1570 640 schip
1602 592 1668 638 de
1701 592 1833 637 salm
1866 592 1966 639 bij
1997 596 2064 644 U.
2096 599 2163 645 E.
2196 598 2295 644 tot
2327 597 2525 645 zijnen
2558 600 2791 654 persoon
2821 611 2888 657 en
2920 611 3152 659 familie

1131 680 1235 729 nae
1267 685 1507 738 Batavia
1541 693 1678 741 over
1711 696 1781 742 te
1813 697 2020 747 voeren
2053 701 2533 749 geprojecteert;
2565 699 2773 750 hadden
2805 707 3012 760 geerne
3044 717 3148 765 ten

1124 783 1435 832 bestemden
1468 788 1606 836 dage
1640 791 1744 841 van
1778 796 1917 845 hier
1949 800 2329 851 gelargeert,
2363 804 2501 850 maer
2535 804 2743 851 tegens
2777 807 2881 855 den
2914 811 3161 868 eersten

1126 867 1229 917 een
1261 873 1398 923 dagh
1430 880 1567 931 ofte
1598 887 1735 938 twee
1767 895 2140 952 onbegrepen,
2173 907 2310 953 zijn
2342 905 2579 955 vermits
2612 906 2715 952 den
2747 907 2951 955 laeten
2984 911 3187 966 handel

1125 966 1261 1014 noch
1293 969 1564 1027 ongereet
1596 984 1867 1041 geweest,
1898 998 2068 1049 sulcx
2100 1005 2436 1059 voornemens
2470 1013 2571 1059 was
2604 1012 2671 1058 't
2704 1013 2874 1063 selve
2905 1018 3042 1068 5=en
3074 1024 3209 1069 ofte

1127 1072 1251 1119 6=en
1280 1075 1433 1124 deses
1463 1080 1526 1128 te
1554 1085 1708 1135 laten
1737 1091 2074 1151 geschieden,
2102 1107 2225 1156 doch
2254 1112 2408 1161 alsoo
2436 1115 2498 1161 't
2529 1115 2651 1161 noch
2681 1115 2864 1164 vroegh
2894 1119 3048 1169 inden
3077 1125 3201 1174 tijt

1113 1168 1331 1217 zijnde,
1361 1173 1516 1224 hebbe
1545 1180 1670 1230 hier
1700 1186 1824 1234 over
1854 1190 1949 1239 den
1977 1196 2103 1246 raet
2131 1203 2379 1257 vegadert
2409 1213 2534 1261 ende
2563 1217 2595 1263 t
2625 1218 2873 1267 gevoelen
2902 1223 2997 1271 van
3026 1228 3184 1279 ijder

1119 1263 1451 1320 gevordert,
1481 1277 1911 1340 vrnaementlijk
1943 1296 2043 1345 der
2075 1301 2406 1353 schipperen
2437 1310 2571 1358 ofte
2602 1314 2933 1369 zeeluijden
2965 1325 3065 1374 die
3097 1330 3163 1376 om

1117 1356 1423 1412 moverende
1454 1369 1694 1427 redenen
1725 1385 2032 1440 ongeraden
2063 1397 2302 1451 vonden,
2333 1408 2572 1458 vermits
2604 1415 3181 1472 d'ongelegentheijt

1119 1450 1221 1498 der
1253 1454 1422 1506 maene
1453 1463 1590 1517 ende
1619 1475 1822 1529 getij,
1853 1484 2022 1538 sulcx
2053 1493 2188 1544 inde
2220 1500 2522 1553 resolutie
2553 1509 2722 1557 Copia
2754 1513 2889 1562 hier
2921 1518 3221 1576 bijgaende

1120 1554 1330 1604 breder
1363 1561 1779 1623 g'extendeert
1812 1579 1884 1626 te
1915 1584 2194 1641 vernemen
2227 1597 2332 1645 is,
2365 1601 2642 1650 geseijde
2677 1605 2886 1655 fluijt
2919 1611 2990 1659 te
3022 1615 3164 1669 doen

1083 1649 1445 1709 verseijlen;
1475 1666 1770 1725 weshalven
1801 1680 2161 1738 eenstemmich
2193 1693 2586 1746 geresolveert
2618 1702 2683 1747 de
2715 1702 2880 1752 selve
2911 1708 3011 1757 tot
3042 1713 3173 1764 9=en

1125 1752 1297 1800 deser
1329 1756 1466 1806 opte
1498 1762 1736 1818 houden,
1769 1774 1838 1821 en
1871 1777 1974 1825 dan
2006 1781 2076 1829 in
2108 1785 2279 1836 Compe
2312 1792 2414 1840 van
2447 1795 2583 1844 noch
2617 1799 2719 1847 een
2750 1801 2922 1848 schip
2955 1803 3161 1853 beijde

1113 1847 1219 1894 met
1253 1850 1466 1902 silver
1498 1859 1605 1910 pro
1638 1866 1781 1917 rato
1813 1874 1991 1929 deses
2023 1886 2201 1940 Jaers
2232 1896 2516 1943 Capitael
2549 1899 2830 1949 verdeelt
2864 1904 2970 1951 van
3005 1904 3146 1952 hier

1123 1945 1204 1997 te
1243 1951 1609 2013 versenden

1075 2099 1147 2145 De
1179 2101 1423 2149 schepen
1456 2105 1561 2153 van
1595 2108 1908 2165 Manillhas
1941 2120 2081 2174 waer
2114 2130 2254 2178 voor
2287 2133 2359 2181 U.
2391 2137 2462 2183 E.
2495 2140 2738 2192 beducht
2772 2147 2878 2192 zij
2911 2148 3191 2200 Taijouan

1113 2184 1364 2243 voorbij
1398 2200 1470 2246 en
1504 2203 1613 2254 nae
1646 2211 1826 2263 Japan
1859 2220 2144 2271 vdreven,
2179 2226 2394 2279 willen
2428 2235 2713 2282 vtrouwen
2744 2236 2856 2283 nae
2890 2239 3032 2286 dato
3067 2238 3140 2286 vE

1108 2292 1379 2345 behouden
1410 2301 1747 2359 toegecomen
1778 2315 1981 2365 sullen
2013 2321 2181 2371 zijn,
2214 2326 2382 2375 alsoo
2416 2330 2584 2376 vande
2617 2332 2786 2378 selve
2818 2333 2952 2380 hier
2986 2335 3120 2385 niet

1091 2386 1350 2440 vnemen,
1383 2396 1494 2449 Soo
1527 2406 1745 2460 vnemen
1781 2416 1890 2465 van
1925 2421 2251 2476 gelijcken
2287 2431 2396 2477 tot
2432 2432 2576 2478 noch
2611 2431 2758 2478 geen
2793 2433 3156 2482 besendinge

1113 2485 1251 2534 uijt
1282 2491 1586 2553 Taijouan,
1618 2509 1788 2561 sulcx
1820 2517 1889 2566 vE
1921 2522 2192 2574 aenroert
2224 2530 2359 2578 3=en
2392 2533 2528 2580 ofte
2561 2535 2663 2582 wel
2695 2538 2831 2586 5=en
2864 2542 3172 2592 september

1105 2585 1313 2642 vastel
1347 2598 1692 2655 voornemens
1725 2611 1830 2658 van
1863 2614 2002 2663 daer
2035 2619 2106 2666 te
2139 2622 2312 2673 doen,
2346 2629 2450 2676 bij
2484 2632 2590 2680 non
2622 2638 3002 2692 vschijninge
3035 2648 3139 2694 sal

1095 2689 1199 2736 ons
1232 2692 1371 2740 seer
1404 2696 1508 2744 wel
1541 2700 1611 2746 te
1644 2702 1816 2750 passe
1851 2705 2057 2755 comen,
2091 2710 2196 2758 int
2228 2715 2469 2768 beginde
2503 2723 2745 2777 Negotie
2777 2733 3089 2788 spoedigen

1098 2783 1459 2842 voortganck
1492 2800 1743 2852 genomen
1779 2807 1852 2853 en
1886 2810 2138 2860 telcken
2172 2815 2353 2864 goede
2388 2820 2783 2874 quantiteijt
2818 2831 2926 2877 ter
2960 2834 3140 2881 vente

1102 2890 1336 2942 gestelt
1369 2897 1603 2949 hebben,
1635 2906 1934 2957 Ingevolge
1966 2911 2233 2960 weijnich
2266 2914 2767 2969 coopmanschappen
2797 2926 3134 2983 onvercocht

1092 2985 1408 3045 resteren,
1441 3001 1477 3047 e
1511 3004 1616 3052 met
1650 3008 1790 3056 noch
1823 3009 1930 3057 een
1963 3012 2103 3057 ofte
2137 3013 2243 3060 ten
2277 3016 2591 3068 hoochsten
2624 3024 2766 3076 twee
2799 3032 3119 3090 vercoopen

1108 3078 1277 3130 alles
1308 3087 1477 3139 aende
1509 3095 1611 3143 man
1643 3099 1912 3150 geholpen
1945 3106 2046 3153 sal
2078 3108 2246 3154 zijn,
2279 3109 2313 3155 t
2347 3110 2649 3165 uijtwegen
2681 3121 2784 3168 van
2815 3125 3190 3187 suijckeren,

1100 3180 1324 3232 aluijn,
1354 3188 1703 3245 Sappanhout,
1733 3201 2050 3249 Concquinse
2081 3204 2240 3253 zijde
2271 3208 2399 3257 ende
2429 3213 2811 3264 diergelijcke
2840 3221 3159 3271 verhindert

1100 3287 1197 3332 ons
1229 3287 1618 3347 grootelijcx,
1650 3302 1812 3350 alsoo
1845 3305 1911 3352 de
1941 3309 2298 3363 Coopluijden
2329 3318 2525 3364 traech
2557 3318 2686 3365 in't
2718 3320 3011 3371 ontfangen
3042 3327 3172 3374 ende

1094 3388 1273 3437 veele
1308 3392 1843 3447 moijelijckheden
1878 3402 1987 3450 int
2021 3406 2415 3469 uijtleveren
2448 3424 2807 3478 ontmoeten;
2841 3434 3128 3484 daerinne

1096 3487 1200 3533 soo
1233 3489 1302 3535 t'
1336 3490 1577 3541 schijnt
1611 3496 1920 3551 patientie
1954 3506 2162 3558 moeten
2194 3514 2408 3572 nemen.

1112 3698 1393 3748 T'geene
1431 3705 1511 3750 in
1549 3706 1751 3757 desen
1790 3713 2189 3767 naegelaten
2228 3722 2389 3771 mach
2428 3728 2668 3775 hebben
2707 3730 3147 3786 tobserveren

1108 3806 1251 3858 ende
1286 3813 1502 3868 advijs
1536 3824 1609 3871 te
1643 3827 1822 3876 geven
1857 3832 2107 3886 voorbij
2141 3841 2357 3891 gegaen
2392 3847 2499 3893 sal
2534 3849 2642 3897 mij
2677 3852 2927 3902 reseren
2962 3856 3070 3902 tot
3105 3852 3177 3903 de

2600 4009 3080 4066 Missive
