3505 4869
2736 508 2919 564 1029

866 576 1100 626 Remedie
1133 580 1267 627 was,
1299 583 1433 631 ende
1466 585 1567 632 ons
1596 586 1699 633 den
1732 587 1866 635 Coop
1897 590 2032 639 noch
2065 595 2165 640 wel
2198 595 2431 643 mochten
2464 597 2797 644 bedancken,
2829 597 2930 644 dat
2963 594 3031 642 de

886 672 1081 728 maij=t
1110 671 1176 718 de
1207 669 1495 718 betalinge
1524 674 1876 725 toegestaen,
1906 682 2035 731 ende
2064 687 2162 735 wij
2192 691 2320 740 over
2350 695 2416 743 de
2446 699 2700 747 Barbiers
2732 699 3019 748 ongerech„

903 765 1024 812 tige
1054 764 1326 810 doleantie
1355 766 1416 814 (:
1446 768 1538 814 soo
1567 770 1658 816 hij
1688 770 1778 816 die
1808 771 2021 821 noeinde
2050 777 2111 825 :)
2140 781 2262 828 niet
2291 784 2353 830 in
2382 786 2473 833 des
2503 788 2715 836 Conincx
2744 790 3021 839 disgratie

889 864 1183 911 geraeckt
1218 865 1476 916 waeren,
1511 871 1585 917 om
1621 872 2171 922 appoincteerende
2206 878 2757 936 s'anderendaeghs
2793 892 2903 939 bij
2939 891 3052 939 hem

884 959 947 1007 te
978 961 1166 1007 comen,
1197 962 1353 1010 soude
1384 966 1572 1016 alsdan
1602 971 1852 1019 geseijde
1883 975 2195 1026 assignatie
2226 982 2351 1028 voor
2382 984 2475 1029 ons
2507 984 2632 1030 sien
2662 986 2725 1031 te
2756 986 3069 1034 procureren

900 1061 1083 1110 ende:
1119 1061 1229 1107 een
1265 1062 1483 1109 firman
1519 1064 1773 1113 volgens
1809 1068 1918 1113 des
1954 1067 2209 1117 Conincx
2245 1073 2391 1120 last
2426 1076 2609 1123 wegen
2644 1080 2754 1125 den
2789 1081 3080 1128 salpeter

905 1160 1127 1210 handel
1163 1159 1642 1207 concipieeren,
1679 1162 1900 1211 alwaer
1935 1166 2048 1214 des
2082 1169 2341 1217 morgens
2377 1171 2599 1219 vrough
2633 1173 2783 1220 naer
2819 1172 2933 1219 toe

891 1262 1148 1316 gereden
1185 1261 1404 1307 sijnde
1439 1262 1658 1309 vonden
1693 1265 1803 1311 hem
1838 1265 2166 1313 (:vermits
2202 1268 2312 1315 den
2348 1270 2603 1317 Coninck
2639 1270 3040 1317 voorgenomen

905 1371 1075 1421 hadde
1108 1369 1311 1416 binnen
1344 1370 1412 1416 3:
1443 1369 1613 1414 dagen
1647 1368 1782 1414 naer
1815 1367 1984 1413 kabul
2018 1366 2085 1412 te
2119 1365 2456 1411 vertrecken
2489 1366 2557 1412 :)
2590 1366 2727 1412 seer
2758 1366 3062 1414 geoccup=t

901 1473 1008 1522 ons
1042 1468 1323 1517 ernstich
1358 1467 1708 1513 vermanende
1742 1466 1848 1512 wij
1883 1467 2023 1513 niet
2058 1468 2233 1514 laten
2267 1466 2478 1514 wilden
2513 1466 2584 1513 de
2618 1466 3074 1514 geordonneerde

902 1572 1241 1623 assignatie
1274 1572 1342 1617 op
1376 1570 1647 1617 souratta
1680 1567 1783 1614 aen
1816 1565 1884 1612 te
1917 1564 2121 1610 nemen,
2154 1563 2291 1610 ofte
2324 1564 2426 1609 soo
2460 1564 2595 1610 niet
2629 1565 2732 1611 dat
2764 1562 2969 1611 (:door

899 1676 1041 1727 dien
1076 1675 1146 1721 de
1180 1674 1426 1720 Coninck
1461 1675 1531 1720 nu
1565 1675 1637 1722 op
1670 1677 1811 1724 sijn
1845 1675 2125 1722 vertreck
2160 1672 2440 1720 stondt:)
2475 1672 2721 1718 grooten
2755 1671 2966 1720 Risico

895 1775 1115 1825 loopen
1151 1774 1334 1821 zoude
1370 1774 1480 1820 van
1516 1773 1662 1820 niet
1698 1771 1809 1818 een
1844 1769 2136 1817 stuijver
2172 1769 2246 1815 te
2282 1769 2502 1816 sullen
2538 1769 2866 1816 gewerden,
2902 1766 3013 1814 wes

866 1876 981 1923 wij
1019 1873 1171 1920 geen
1209 1871 1400 1918 beter
1436 1868 1859 1916 uijtcompste
1896 1871 2125 1917 siende
2163 1870 2621 1917 genootsaeckt
2659 1869 2936 1918 wierden

903 1974 1069 2023 voors
1102 1971 1430 2019 assignatie
1462 1968 1627 2015 (:die
1660 1968 1759 2013 hij
1791 1969 2054 2017 dadelijk
2086 1972 2219 2020 door
2251 1972 2514 2021 aselchan
2547 1972 2678 2017 liet
2710 1960 3006 2016 passeeren

900 2073 975 2119 te
1011 2071 1454 2118 accepteeren,
1490 2070 1638 2115 waer
1675 2070 1823 2115 naer
1860 2070 2044 2118 weder
2080 2072 2192 2120 bij
2227 2074 2339 2121 hem
2376 2072 2634 2119 gecomen
2669 2064 2929 2117 zijnde,

906 2167 1291 2215 verthoonde
1330 2166 1445 2212 ons
1483 2166 1599 2212 een
1636 2167 1867 2213 firman
1906 2167 2060 2213 door
2098 2169 2214 2215 hem
2251 2169 2444 2216 wegen
2481 2169 2597 2215 den
2634 2164 2944 2214 salpeter

900 2265 1116 2314 handel
1152 2265 1510 2312 ontworpen,
1545 2267 1688 2313 waer
1724 2267 1831 2312 van
1867 2267 1974 2314 den
2009 2267 2510 2314 principaelsten
2546 2267 2762 2313 teneur
2796 2268 2939 2314 was,
2975 2266 3022 2313 —

796 2410 1217 2466 Eerstelijck
1255 2417 1368 2462 dat
1406 2416 1519 2462 den
1556 2414 1783 2462 prince
1820 2414 2123 2462 Orangeep
2159 2416 2386 2462 sooder
2423 2416 2650 2462 eenige
2687 2412 2990 2461 goederen

902 2516 1042 2565 uijt
1076 2514 1180 2561 des
1214 2514 1491 2560 barbiers
1525 2512 1699 2559 Camer
1733 2509 1837 2557 met
1872 2509 2079 2554 gewelt
2113 2508 2356 2554 gehaelt
2390 2507 2599 2553 waeren
2633 2506 2806 2552 (:die
2840 2501 2982 2550 niet

904 2623 1046 2674 hem,
1080 2621 1221 2667 maer
1256 2620 1291 2665 d
1326 2620 1397 2667 E:
1430 2615 1642 2665 Comp=e
1675 2606 2064 2660 toequamen:)
2099 2606 2204 2653 hij
2237 2606 2310 2653 de
2344 2605 2520 2650 selve
2556 2605 2662 2651 aen
2696 2606 2872 2652 d'ons
2907 2603 2978 2651 in

896 2722 1334 2778 ammadabath
1377 2711 1900 2767 Restitueeren
1942 2704 2209 2755 zoude.

776 2857 850 2907 en
885 2856 1133 2902 anderen
1168 2854 1275 2900 soo
1310 2853 1416 2899 des
1451 2847 1735 2898 besneden
1770 2844 2018 2891 Barbier
2053 2840 2196 2889 sich
2230 2836 2373 2884 uijt
2408 2832 2620 2880 vrijen
2654 2827 2833 2877 wille
2868 2821 2975 2872 tot

904 2953 1022 3003 het
1060 2946 1447 2997 mahomettis
1484 2946 1756 2992 gelooff
1795 2941 2065 2991 begeven
2104 2938 2297 2986 hadde
2335 2938 2452 2984 hij
2490 2937 2606 2983 hem
2645 2928 2954 2982 daerinne

830 3056 873 3103 7
904 3052 1107 3106 soude
1146 3050 1344 3097 laten
1383 3042 1898 3096 continueeren,

667 3205 771 3254 Ten
798 3195 1007 3248 derden
1040 3191 1143 3239 dat
1176 3188 1347 3235 zijne
1379 3184 1585 3233 maij=t
1618 3179 1890 3228 niemandt
1923 3172 2230 3223 verbieden
2262 3168 2434 3215 conde
2467 3165 2570 3212 tot
2603 3161 2774 3209 zijne
2806 3151 3046 3204 religie

896 3297 963 3344 te
996 3293 1160 3342 comen
1193 3289 1325 3338 maer
1358 3287 1522 3334 sulcx
1554 3281 1786 3331 gelijck
1816 3278 1917 3326 dat
1949 3274 2049 3322 bij
2081 3272 2213 3318 alle
2245 3268 2575 3316 potentaten
2608 3263 3037 3313 gebruijcklijk

900 3389 1011 3439 is,
1046 3388 1155 3435 een
1190 3387 1516 3434 Iegelijck
1551 3371 1876 3431 toeliet:/

739 3530 847 3581 Een
882 3532 1132 3582 vierden
1166 3528 1274 3576 dat
1309 3526 1416 3572 den
1450 3519 1666 3571 prince
1700 3508 1950 3563 voorn=t
1985 3503 2093 3552 ons
2127 3499 2235 3546 den
2270 3493 2485 3543 rouwen
2519 3489 2805 3537 salpeter
2841 3487 3061 3535 handel

863 3630 927 3678 in
958 3626 1274 3678 ammadabath
1304 3620 1588 3670 toelaten,
1618 3616 1746 3664 ende
1777 3609 2029 3661 voorders
2061 3608 2124 3654 is
2154 3600 2313 3651 alles
2344 3596 2628 3644 favorabel
2658 3594 2816 3640 wesen
2848 3588 3006 3640 zoude

773 3768 916 3821 Ende
951 3772 1237 3821 gemerckt
1272 3770 1344 3816 't
1379 3766 1628 3814 voorsz.
1664 3766 1878 3811 firman
1913 3765 2056 3810 meer
2091 3763 2199 3810 tot
2233 3760 2341 3807 des
2376 3757 2626 3805 princen
2661 3753 2769 3801 als
2802 3749 2990 3797 onsen

902 3870 1200 3919 voordeel
1235 3865 1570 3915 ingestelt
1607 3863 1756 3910 was,
1792 3862 2014 3910 hebben
2051 3861 2236 3907 gants
2273 3856 2607 3906 ongeraden
2642 3845 2868 3899 geacht

901 3965 1144 4015 'tselve
1179 3961 1353 4010 aente
1387 3958 1596 4005 nemen,
1629 3959 1700 4005 te
1733 3957 1874 4004 meer
1908 3956 2013 4002 wij
2046 3951 2186 3999 niet
2221 3948 2534 3996 bevroeden
2565 3938 2777 3993 connen
2811 3936 2881 3983 d'
2914 3932 2985 3981 E:

913 4061 1136 4112 Comp=e
1172 4057 1285 4105 soo
1322 4056 1471 4101 veel
1508 4056 1731 4102 aenden
1768 4054 2177 4101 ammadabaths
2214 4055 2513 4101 salpeter
2547 4053 2810 4102 handel,
2842 4047 2959 4097 als

876 4164 981 4212 wel
1013 4159 1188 4208 aen't
1222 4154 1533 4204 besnijden
1568 4154 1775 4199 vanden
1808 4151 2155 4199 gevluchten
2190 4152 2432 4200 Barbier
2465 4154 2605 4201 ende
2639 4156 2743 4202 den
2777 4157 3020 4205 gevolge

907 4262 1168 4314 vandien
1204 4257 1463 4306 gelegen
1500 4257 1612 4302 is,
1647 4256 1869 4304 hackij
1906 4254 2164 4301 ketchan
2201 4254 2312 4300 dan
2349 4255 2571 4300 siende
2608 4255 2719 4301 wij
2755 4257 2977 4304 gedis„

879 4361 1282 4417 „contenteert
1316 4359 1550 4406 bleven,
1584 4358 1718 4404 ende
1751 4357 1885 4404 niet
1919 4356 2287 4402 resolveeren
2320 4355 2521 4401 wilden
2554 4355 2655 4401 dit
2688 4356 2890 4404 firman
2923 4360 3026 4411 aen

2672 4452 2736 4504 te
2768 4459 3022 4507 vaerden.

82 573 193 620 en,

132 683 204 729 en

164 1753 190 1798 Int

138 1862 213 1908 voor

130 2464 220 2510 was

177 2561 212 2606 aen

157 2778 212 2823 de

119 2875 215 2921 sijne

160 2973 211 3018 Inde

177 3384 207 3429 van

178 3586 202 3631 nde

118 3888 224 3934 eme

123 3974 232 4021 adel

117 4065 214 4112 teij

110 4163 214 4209 lijck

0 4069 24 4115 6

0 4582 226 4629 medie

126 4465 171 4510 re

0 2875 22 2920 dat

0 2779 23 2824 na
