3451 4937
1125 307 1376 356 prilis
1418 305 1502 352 ao
1543 303 1715 353 1646

931 448 1057 496 adij
1087 452 1273 497 ultimo
1303 452 1397 498 d:o
1427 450 1583 496 comen
1614 450 1676 495 te
1706 450 1955 499 verstaen
1985 455 2017 500 2
2048 454 2265 500 Chinese
2295 454 2544 502 Joncquen
2574 458 2667 503 van
2698 458 2854 504 Jquan
2884 460 3009 508 inde
3039 463 3256 513 keviere

1125 564 1398 611 arguaron
1432 562 1808 610 g'arriveert
1842 562 2048 611 waren,
2081 567 2218 613 daer
2252 568 2356 615 den
2388 570 2594 617 Jongen
2627 568 2867 615 Coningh
2899 566 3071 615 heden
3104 566 3278 622 ecom„

1082 678 1406 730 „mitteerde
1437 679 1534 725 met
1562 676 1821 726 Galeijen
1853 676 1951 722 nae
1981 678 2078 724 toe
2109 678 2270 724 hadde
2301 679 2655 732 affgesonden
2686 688 2814 734 omde
2846 689 3104 745 hooffden
3133 700 3230 747 die

1125 795 1213 841 van
1241 793 1416 840 Jquans
1445 793 1592 839 wegen
1619 795 1679 842 om
1707 797 1766 843 ij
1794 797 1940 843 tobes
1969 797 2056 843 met
2086 797 2231 843 desen
2260 798 2465 847 Coningh
2491 800 2551 847 te
2580 799 2902 848 verhandelen
2930 804 3076 852 tiede
3104 808 3311 864 quamen)

1120 912 1178 959 op
1206 912 1263 957 te
1291 912 1434 959 halen
1462 915 1576 961 ende
1604 915 1690 960 soo
1718 915 2173 964 voorgegevenwbord
2202 919 2258 964 't
2287 919 2459 965 sonden
2485 921 2657 967 Japans
2684 920 2856 966 Silver
2884 921 3141 969 beneffens
3168 925 3288 973 hare

1123 1028 1411 1083 Coopmans:
1442 1029 1795 1076 aenbrengen:
1825 1032 1954 1078 omme
1985 1033 2176 1080 alhier
2208 1034 2272 1080 in
2303 1034 2465 1080 sijde
2495 1035 2624 1081 ende
2655 1036 3071 1088 stuckgoederen
3101 1043 3166 1089 om
3193 1037 3262 1088 te

1113 1157 1308 1205 setten,
1336 1153 1419 1201 die
1447 1152 1531 1198 tot
1559 1150 1698 1197 heden
1726 1150 1978 1195 contrarie
2005 1151 2200 1197 voorige
2227 1151 2395 1197 Jaren)
2423 1152 2562 1197 boven
2590 1152 2870 1197 Expectatie
2897 1153 2981 1198 soo
3008 1154 3148 1199 sober
3175 1154 3261 1204 aen

1116 1260 1276 1309 marct
1306 1261 1494 1308 comen,
1525 1262 1620 1308 dat
1650 1263 1839 1311 naalle
1869 1267 2214 1317 vertoonende
2244 1273 2558 1323 apparentie
2587 1278 2714 1325 niet
2744 1281 2932 1329 cunnen
2963 1284 3215 1338 voorsien

1118 1388 1211 1434 ons
1241 1387 1368 1434 mede
1395 1385 1680 1434 gebrachte
1709 1388 1960 1439 Capitael
1989 1396 2270 1448 opverrena
2300 1404 2612 1453 salverseth
2643 1409 2861 1457 worden,
2892 1412 3240 1470 onaengesien

1114 1517 1204 1565 soo
1233 1516 1293 1562 nu
1322 1515 1383 1561 en
1412 1515 1502 1560 dan
1531 1515 1591 1560 op
1621 1515 1681 1560 't
1710 1516 2098 1568 'eenent'ander
2126 1524 2275 1571 inden
2304 1527 2454 1574 prijs
2483 1529 2782 1581 allenskens
2810 1537 3137 1588 steijgeren,
3166 1541 3228 1588 te

1111 1636 1225 1684 meer
1253 1636 1309 1681 de
1336 1636 1534 1683 Coopl:k
1560 1639 1840 1689 daerselffs
1867 1643 2176 1690 slappehoope
2203 1646 2287 1692 toe
2315 1647 2482 1696 geven,
2510 1651 2622 1696 daer
2650 1651 2930 1698 seggenveel
2958 1653 3127 1701 indoet
3153 1658 3237 1704 't.

1119 1753 1398 1803 vergangen
1428 1757 1584 1805 Jaer,
1613 1761 1676 1808 13
1706 1763 1923 1809 maenden
1953 1765 2108 1813 langh
2137 1770 2200 1816 is
2230 1771 2447 1819 geweest
2477 1772 2601 1819 ende
2631 1770 3002 1818 dienvolgende
3032 1770 3145 1818 hun

1110 1881 1304 1929 nieuwe
1335 1883 1464 1930 Jaer
1496 1885 1848 1933 ditsaijsoen
1879 1888 1975 1934 een
2007 1889 2168 1936 ganse
2199 1892 2359 1937 maent
2390 1892 2551 1938 later
2581 1891 2807 1938 gekomen
2837 1891 2935 1937 nae
2966 1889 3030 1935 't
3062 1885 3255 1935 welcke

1109 2006 1198 2051 hun
1227 2005 1317 2051 met
1347 2005 1466 2052 hare
1495 2006 1794 2052 plantingen
1823 2007 1943 2055 ende
1972 2010 2091 2055 land
2121 2010 2449 2057 bonoberijen
2478 2010 2777 2057 Reguleren,
2806 2007 3074 2056 bovendien
3103 2006 3284 2052 worden

1084 2141 1143 2187 de
1171 2135 1407 2186 Cassiens
1436 2133 1583 2179 (daer
1612 2132 1671 2178 de
1699 2130 2023 2178 voorcoopers
2052 2130 2199 2176 alles
2228 2131 2346 2176 mede
2375 2132 2434 2178 in
2463 2134 2668 2180 coopen)
2698 2135 2874 2180 langhs
2903 2134 2991 2180 soo
3019 2128 3255 2178 duijrder

1094 2267 1214 2319 ende
1242 2259 1571 2311 beswaerlijk
1599 2257 1660 2303 te
1688 2255 1928 2301 bekomen,
1955 2256 2105 2302 sulcx
2135 2255 2403 2302 alseroocq
2432 2254 2611 2300 alsyde
2640 2255 2760 2302 was,
2789 2258 2909 2305 mede
2937 2261 3235 2311 dierhalven

1100 2383 1468 2442 gefrnstreert
1499 2381 1681 2428 bliven
1711 2381 1773 2427 te
1802 2381 1925 2427 gaen
1955 2382 2016 2427 op
2046 2381 2261 2428 Coopen,
2290 2384 2443 2430 alsoo
2473 2385 2535 2431 de
2564 2387 2901 2436 landluijden
2928 2391 3052 2437 ofte
3081 2388 3175 2438 sij

1101 2498 1355 2551 teelders
1387 2498 1735 2546 geenkenisse
1766 2500 1957 2548 hebben
1988 2504 2084 2550 met
2115 2505 2306 2555 silver
2336 2511 2400 2557 om
2430 2512 2495 2558 te
2526 2509 2653 2557 gaen

1815 2670 2050 2725 Maijo
2093 2662 2292 2714 1649

788 2848 873 2894 At
914 2846 1042 2894 dij
1083 2843 1296 2890 Primo
1337 2845 1464 2891 d:o
1506 2846 1634 2897 den
1673 2854 2013 2904 Japander
2055 2858 2520 2911 Fisemond:re
2563 2866 2689 2912 ter
2732 2866 2944 2912 logie
2985 2867 3199 2920 wesen

1086 2966 1260 3014 wiste
1294 2966 1364 3012 te
1398 2965 1676 3013 verhalen
1709 2968 1814 3015 van
1848 2970 2090 3022 voorss.
2124 2976 2367 3024 Chinese
2401 2979 2644 3028 Joncque
2677 2984 2747 3030 10
2781 2985 3024 3032 psoonen
3058 2987 3233 3036 waren

1092 3091 1162 3142 in
1194 3083 1459 3135 Catsiouw
1491 3082 1723 3129 gekomen
1755 3084 1855 3130 met
1888 3085 2020 3131 1000
2053 3086 2120 3132 s.
2151 3087 2185 3133 o
2217 3087 2450 3135 Schuijt
2481 3091 2680 3140 silver
2713 3095 2813 3143 bij
2845 3099 2977 3145 haer
3010 3098 3274 3146 apparent

1097 3205 1167 3251 om
1202 3204 1688 3254 voorbereydinge
1721 3210 1826 3257 tot
1859 3212 2067 3259 hunnen
2102 3214 2172 3259 te
2206 3214 2414 3261 doenen
2448 3217 2656 3263 handel
2691 3217 2968 3266 temaeken
3002 3220 3210 3266 welcke

1105 3329 1239 3376 mede
1272 3329 1608 3376 alobstakul
1640 3332 1708 3379 in
1741 3335 1875 3382 onse
1908 3336 2143 3382 procure
2176 3337 2278 3383 van
2310 3339 2611 3389 Coopmans.
2644 3341 2813 3388 staet
2845 3343 2913 3389 te
2945 3342 3216 3390 causeren

1092 3457 1220 3506 door
1249 3455 1440 3502 diense
1471 3454 1691 3503 deselve
1721 3458 2005 3505 veeltijts
2036 3457 2225 3504 binnen
2256 3459 2508 3509 waerdije
2538 3465 2758 3514 betalen
2790 3469 2917 3515 ende
2947 3471 3043 3520 den

1089 3580 1435 3633 toncquinder
1465 3580 1560 3625 den
1591 3580 1749 3627 meest
1779 3583 2094 3631 betalenden
2124 3587 2188 3633 na
2217 3588 2376 3635 loopt
2406 3590 2470 3637 in
2500 3592 2689 3639 vougen
2719 3595 2816 3644 bij
2845 3601 2940 3648 ons
2970 3604 3221 3656 (gelijck

1096 3701 1398 3749 voornemens
1427 3703 1609 3752 blijff
1638 3708 1758 3754 ende
1788 3708 1879 3754 met
1909 3708 2060 3754 goede
2089 3710 2420 3762 opmerckinge
2449 3717 2752 3769 albegonnen
2780 3725 2872 3774 is)
2900 3730 3023 3781 alle
3050 3738 3262 3793 practi„

1058 3822 1308 3870 „cabele
1341 3823 1624 3872 middelen
1660 3827 1765 3875 ten
1801 3830 2048 3875 dienste
2083 3830 2261 3877 vande
2294 3833 2472 3882 Comp.
2506 3839 2543 3885 e
2576 3842 2929 3895 aengewendt
2964 3850 3176 3903 dienen

2746 4028 2848 4078 ady
2879 4035 2979 4084 4:e
3012 4039 3112 4088 d:o
