3505 4801
2743 473 2927 534 1001

899 585 1440 639 ontinueerde,
1483 594 1620 642 dat
1663 597 1844 643 sijn
1888 598 1980 646 E:
2024 603 2474 654 onvermogen
2518 607 2699 654 was,
2744 607 2928 655 onte

971 693 1234 742 vorige
1276 693 1584 741 Brieven
1627 693 1715 739 te
1758 690 2284 744 beantwoorden
2328 699 2416 744 en
2456 698 2547 744 d'
2588 693 2766 743 eene
2804 683 3072 738 nieuwe

956 796 1286 855 petietie
1327 793 1492 841 voor
1531 789 1657 836 dat
1697 786 1986 833 quart„r
2028 787 2110 832 te
2151 786 2358 833 doen,
2398 785 2564 832 maer
2605 778 3100 830 genootdruckt

958 899 1083 948 dat
1123 895 1207 942 te
1247 887 1618 939 surcheren
1660 888 1783 933 tot
1824 888 1949 934 het
1988 883 2320 935 vertreck
2360 883 2566 929 vande
2608 869 3102 928 vogelstruijs

947 993 1077 1043 die
1119 991 1248 1037 tot
1291 986 1592 1036 mijnder
1634 978 1935 1030 grooter
1977 969 2536 1022 verwonderingh
2578 965 2750 1013 noch
2792 961 2966 1009 niet

947 1090 1337 1154 aengelandt
1375 1087 1530 1133 was,
1568 1083 1724 1132 doch
1761 1072 2033 1127 verhope
2072 1064 2265 1115 corts
2304 1059 2614 1109 daernaer
2651 1051 3078 1103 geparress=t

959 1205 1039 1252 en
1074 1193 1198 1246 dat
1237 1186 1397 1237 sijn
1436 1188 1516 1234 E:
1556 1187 1676 1234 tot
1714 1178 1876 1230 sijn
1913 1162 2194 1221 voorige
2233 1147 2712 1204 gesondtheijt
2751 1144 2877 1191 sal

947 1291 1309 1345 geraackt
1352 1282 1625 1334 wesen,
1669 1275 1941 1327 twelck
1980 1271 2121 1320 met
2166 1267 2347 1315 d=es
2389 1262 2663 1312 comste
2706 1257 2979 1307 gaerne

917 1398 1352 1455 Overnemen
1399 1390 1691 1441 sullen

894 1598 1024 1650 van
1068 1600 1462 1651 gelijcken
1504 1604 1767 1652 sullen
1809 1606 2030 1652 wed„e
2072 1607 2247 1655 daer
2290 1607 2378 1653 in
2420 1606 2770 1659 bevinden
2813 1614 2945 1664 hoe
2988 1617 3126 1670 dat

955 1714 1034 1761 d'
1072 1707 1467 1761 resterende
1507 1704 1782 1752 poeijer
1819 1697 2216 1749 suijckeren
2254 1696 2570 1742 qualijck
2610 1695 2689 1741 11
2728 1693 3045 1741 larijnen

943 1817 1209 1871 haelen
1252 1811 1517 1861 conde,
1560 1800 2002 1856 ontstaande
2045 1791 2267 1844 desen
2309 1787 2619 1837 grooten
2663 1786 3021 1835 affslach

946 1921 1393 1976 allenelijck
1430 1914 1597 1965 uijt
1635 1908 1759 1957 den
1799 1901 2084 1952 grooten
2123 1898 2409 1946 toevoer
2450 1897 2653 1943 vand'
2693 1892 3062 1941 arabische

948 2022 1129 2074 cust
1174 2020 1265 2065 en
1307 2013 1490 2064 niet
1533 2006 1807 2058 minder
1852 2000 1988 2049 met
2033 1994 2214 2044 onse
2258 1985 2622 2038 schepen,
2666 1984 2802 2031 van
2846 1983 3028 2030 hier

941 2125 1117 2183 doch
1159 2117 1289 2167 ten
1331 2107 1721 2162 onrechten
1764 2101 2066 2150 doleert
2109 2095 2282 2145 sijn
2324 2095 2412 2141 E:
2453 2092 2627 2140 daer
2670 2091 2887 2137 over,
2929 2086 3114 2135 want

944 2225 1074 2275 met
1117 2222 1204 2270 de
1244 2215 1375 2266 tot
1417 2211 1591 2260 dato
1630 2196 2065 2255 aengelande
2106 2190 2194 2240 's
2234 2184 2495 2233 Comp„e
2535 2182 2885 2231 scheepen

939 2328 1204 2382 waeren
1246 2323 1379 2372 van
1421 2320 1597 2367 hier
1640 2310 2035 2364 derwaerts
2078 2303 2385 2355 gevoert
2428 2298 2604 2348 niet
2646 2293 2822 2342 meer
2866 2286 2997 2336 als

936 2459 978 2507 1
1011 2438 1208 2501 pack,
1244 2430 1400 2481 ende
1437 2427 1554 2474 met
1592 2425 1670 2471 d'
1706 2417 2170 2468 vogelstruijs
2207 2411 2478 2463 stonden
2514 2406 2670 2455 noch
2708 2405 2824 2452 189
2858 2396 3017 2450 d=os

925 2550 1014 2602 t'
1053 2534 1353 2593 volgen,
1394 2528 1651 2578 welcke
1693 2526 1990 2573 geringe
2033 2520 2500 2573 quantiteijt
2543 2520 2628 2565 op
2659 2515 2797 2564 een
2840 2515 3097 2562 plaets

945 2638 1117 2688 daer
1157 2633 1289 2681 soo
1328 2625 1590 2677 groote
1632 2619 2019 2669 consumtie
2062 2617 2191 2665 is,
2230 2609 2578 2661 weijnich
2620 2593 2971 2653 affslach

927 2725 1303 2783 Causeeren
1344 2720 1470 2769 can
1511 2712 1719 2764 sulcx
1760 2711 1928 2758 sijn
1968 2709 2052 2755 E:
2094 2709 2261 2755 oock
2300 2706 2386 2754 te
2426 2693 2802 2750 vergeeffs
2843 2684 3095 2737 wensch

937 2823 1079 2876 dat
1121 2815 1310 2867 niet
1354 2811 1449 2859 en
1494 2803 1727 2854 soude
1772 2791 2328 2846 licentieeren
2374 2786 2652 2836 eenige
2696 2780 2976 2830 Baelen

923 2906 1024 2960 in
1067 2897 1266 2950 onse
1313 2885 1654 2942 schepen
1701 2880 2043 2929 geladen
2091 2876 2480 2924 wierden,
2528 2870 2723 2920 maer
2770 2863 2917 2914 met

893 3006 1136 3080 moors
1181 2980 1700 3051 vaertuijgen
1742 2977 1888 3024 die
1934 2967 2406 3021 overvaeren
2452 2961 2736 3012 laeten
2782 2953 2924 3005 als

941 3102 1305 3167 wanneer
1355 3087 1669 3144 immers
1720 3079 1928 3130 niet
1974 3070 2292 3124 minder
2342 3053 2966 3115 veranderingh

928 3203 1298 3273 Baaren
1356 3176 1724 3244 connen

725 3376 1143 3427 Generaele
1188 3374 1467 3424 packet
1513 3372 1606 3418 p.
1652 3372 1699 3418 r
1744 3366 2117 3418 geseijde
2162 3360 2488 3412 nassouw
2533 3357 2673 3404 aen
2713 3355 3046 3405 uEd=les

936 3475 1467 3536 geadresseert
1510 3474 1731 3522 hebbe
1772 3464 2305 3519 genootsaackt
2347 3459 2659 3508 geweest
2702 3460 3056 3510 t'openen

1006 3583 1098 3630 om
1143 3576 1281 3625 dat
1326 3565 1829 3619 sustineerde
1875 3564 2058 3610 daer
2103 3562 2195 3608 jn
2240 3557 2470 3606 soude
2515 3556 2790 3602 vinden
2836 3554 2977 3602 die

963 3674 1347 3738 notiesie
1392 3665 1632 3718 vande
1678 3665 1917 3711 moors
1954 3660 2343 3712 goederen
2391 3659 2486 3705 en
2532 3654 2961 3704 contanten

933 3786 1078 3835 p=r
1124 3767 1512 3827 gemelten
1556 3762 1799 3815 schip
1847 3750 2474 3806 overgebracht,
2521 3745 2811 3794 welcke
2859 3746 3005 3792 aen

950 3895 1139 3946 mijn
1184 3891 1280 3938 te
1326 3883 1608 3939 senden
1653 3870 2078 3927 versuijmt
2124 3866 2314 3914 was,
2357 3865 2688 3916 gelijck
2735 3860 2923 3908 oock

912 3991 1292 4054 geschiet
1338 3986 1480 4036 is,
1526 3979 1667 4030 als
1714 3971 2043 4024 wanneer
2088 3964 2324 4016 (:jnt
2370 3959 2512 4009 wel
2558 3951 2841 4002 nemens
2887 3946 3031 3994 van

936 4112 1299 4189 UEd=les
1344 4103 1502 4161 met
1550 4089 1809 4146 eenen
1859 4076 2320 4132 doorlesen
2370 4069 2627 4120 hebb,
2677 4052 2934 4112 tgene

1266 4051 1398 4112 les

958 4246 1067 4298 d'
1113 4232 1222 4289 E:
1270 4196 1791 4275 Geleijnsen
1842 4191 1999 4240 p=r
2048 4189 2154 4236 d'
2205 4184 2466 4232 fuijt
2517 4174 2933 4228 Overschu

2360 4396 2525 4442 orse
2565 4397 2606 4442 &
2645 4395 2730 4442 de
2771 4396 2935 4442 Cust
