3567 4883
1240 764 1637 828 raeckende
1678 780 1769 830 d'
1812 785 2256 843 malicxsche
2296 803 2560 851 tollen
2604 806 2781 855 ende
2824 811 3398 882 gereechtiched

1279 892 1424 940 met
1471 896 1616 943 den
1661 892 2049 943 viceroij
2095 894 2240 943 Bij
2288 897 2481 951 haer
2529 906 2674 953 Ed:
2721 909 3399 964 g'authoriseert

1287 1014 1435 1061 ten
1483 1017 1826 1067 anderen
1870 1021 1972 1068 d'
2021 1021 2218 1069 mede
2262 1021 2608 1071 gegeven
2657 1019 3405 1072 Coopmanschappen

1270 1144 1488 1194 door
1542 1141 1705 1188 ons
1759 1141 2085 1190 metter
2138 1145 2356 1196 tijt
2410 1143 2953 1197 verhandelt
3006 1140 3235 1190 ende

1390 1268 2127 1325 Gebenificeert
2177 1273 2519 1320 sullen
2574 1269 2913 1318 Cunnen
2969 1265 3307 1314 werden

1266 1403 1692 1464 versuijmt
1737 1398 1880 1448 sal
1927 1398 2165 1447 sijn,
2201 1404 2350 1451 met
2397 1400 2728 1450 tnodige
2773 1392 2963 1442 voor
3009 1388 3386 1439 mallacca

1256 1534 1490 1588 weder
1535 1532 1951 1582 derwaerts
1996 1538 2181 1584 niet
2226 1536 2319 1583 en
2365 1525 2688 1581 Behoort
2733 1522 2826 1570 t'
2872 1511 3333 1567 verseijlen

1267 1673 1315 1721 t
1350 1668 1896 1723 voorschreven
1940 1666 2076 1713 van
2121 1664 2300 1710 sijn
2345 1662 2435 1709 E:
2480 1661 2615 1707 met
2658 1656 2884 1706 goede
2928 1651 3339 1700 voordacht

1267 1804 1690 1855 overleijt,
1732 1803 1817 1849 en
1854 1801 1943 1847 op
1983 1799 2028 1846 t
2069 1795 2197 1842 een
2236 1791 2323 1841 en
2365 1791 2449 1837 't
2491 1788 2702 1836 ander
2742 1785 3337 1835 geconsidireert

1253 1932 1527 1990 sijnde
1571 1930 1663 1978 js
1707 1929 1843 1975 een
1884 1924 2386 1975 parichlijck
2427 1913 3019 1970 geresolveerdt
3062 1919 3108 1966 t
3152 1919 3379 1967 naer„

1235 2057 1853 2122 „volgende
1922 2054 1995 2102 —

1237 2303 1790 2379 Eerstelijck
1838 2297 1992 2352 dat
2040 2287 2193 2339 men
2243 2284 2445 2331 inde
2493 2281 2848 2329 fluijdt
2898 2278 3354 2328 maeslandt

1270 2422 1467 2475 voor
1514 2421 1612 2468 't
1657 2420 1999 2466 compt=r
2046 2412 2677 2465 mansulipatant
2724 2405 2871 2457 een
2915 2396 3355 2448 cargasoen

1244 2553 1683 2608 bestaende
1729 2549 1927 2598 uijt
1970 2547 2218 2596 20000
2265 2545 2364 2592 lb
2409 2532 2801 2589 giroffel
2849 2520 3192 2577 nagelen

1246 2687 1483 2737 25080
1526 2681 1626 2732 lb
1672 2678 1910 2725 loodt
1957 2678 2147 2727 4396
2194 2664 2526 2722 cattijs
2572 2654 2953 2712 jappanse
2999 2647 3333 2697 Campher

1247 2806 1432 2854 449½
1471 2799 1660 2853 d„os
1705 2797 1980 2843 siamen
2023 2792 2437 2844 agulhoudt
2481 2794 2574 2841 63
2619 2790 2756 2839 p„s
2802 2785 3216 2838 diversche

1263 2926 1793 2995 Gecouleurde
1841 2924 2271 2971 laeckenen
2318 2922 2557 2968 15000
2602 2919 2700 2966 r.
2748 2918 2796 2964 a
2840 2911 2987 2962 van
3033 2898 3321 2955 achten

1236 3067 1446 3123 50000
1483 3052 1733 3108 theijl
1773 3049 2064 3098 jappans
2103 3041 2640 3091 schuijtsilver
2680 3041 2887 3091 30000
2928 3045 3052 3091 lb.
3093 3036 3383 3090 alluijt

1242 3204 1451 3249 2245
1502 3198 1713 3248 Bits
1764 3196 2079 3244 peguws
2130 3191 2393 3241 lange
2444 3193 2706 3239 peper
2756 3191 2810 3238 1
2863 3191 3072 3238 kist
3124 3192 3281 3239 met

1229 3353 1786 3401 medicamenten
1832 3355 1926 3402 13
1968 3354 2249 3404 legger
2294 3347 2482 3396 wijn
2526 3349 2573 3395 1
2619 3350 2804 3396 vadt
2851 3341 3361 3396 hollantsche

1198 3496 1485 3549 Booter
1532 3496 1582 3544 3
1625 3497 1869 3546 stucx
1914 3498 2489 3550 persiaensche
2534 3499 2870 3548 paerden
2918 3503 3109 3550 1176
3156 3498 3252 3547 p=

1199 3631 1645 3684 diversche
1689 3629 2138 3681 peguwsche
2187 3630 2486 3680 gorijs
2531 3636 2683 3684 729
2725 3621 3277 3684 palliacatle

1204 3777 1552 3827 pagoden
1598 3779 1702 3825 op
1732 3773 2148 3824 respende
2197 3769 2347 3817 als
2396 3768 2696 3814 vracht
2744 3766 2944 3812 ende
2994 3759 3293 3811 eenige

1205 3913 1688 3960 cleeriheden
1730 3911 1820 3959 't
1864 3909 2083 3956 samen
2126 3909 2260 3955 ter
2303 3911 2611 3961 monture
2654 3918 2786 3968 van
2829 3922 3401 3977 ƒ228846„8:13.

1201 4048 1459 4098 laten
1510 4048 2025 4095 verblijven
2076 4049 2644 4097 tresterende
2682 4044 3057 4096 lichten

3079 4051 3109 4096 -

1212 4183 1399 4234 ende
1444 4181 1767 4231 gemelte
1813 4186 2136 4233 fluijdt
2181 4188 2457 4234 jegens
2497 4186 2549 4234 t
2594 4184 2871 4235 eerste
2916 4188 3055 4235 van
3100 4188 3335 4235 april

1214 4324 1374 4375 ten
1426 4325 1792 4373 aensien
1844 4327 2471 4377 genoeghsaeme
2523 4331 2994 4382 afladinge
3045 4332 3150 4379 op

2332 4545 3207 4601 Masulipataim
