3614 4780
2061 249 2393 311 April

2495 802 2647 849 819

657 488 777 537 Aen
815 488 894 535 d'
932 483 1131 536 Ed=le
1164 485 1322 536 h=rn
1359 488 1555 539 Raden
1591 495 1672 542 en
1709 499 1947 553 direc„

592 501 645 551 E

526 610 729 663 teurs,
759 606 929 654 wegen
962 605 1062 651 den
1094 604 1563 659 Nederlantschen
1595 616 1763 664 staet
1795 619 1863 665 in

848 987 1123 1035 gewerden,
1153 985 1215 1031 t'
1244 979 1398 1029 Jacht
1426 976 1519 1023 lis
1549 974 1611 1020 op
1641 972 1733 1019 19'
1761 967 1946 1017 stantj
1976 965 2068 1011 van
2097 961 2312 1009 Carcal,
2341 957 2464 1005 ende
2493 950 2738 1001 trinele„

826 1085 981 1134 „vaes
1011 1081 1105 1129 met
1135 1079 1228 1125 78½
1258 1076 1444 1123 packen
1474 1071 1691 1120 cleden,
1720 1067 1845 1115 ende
1874 1066 1938 1111 81
1967 1060 2092 1109 st=r
2120 1052 2307 1103 slaven
2336 1049 2431 1097 als
2461 1042 2739 1093 slavinnen

844 1177 1022 1232 alhier
1049 1170 1460 1221 geretourneert,
1487 1167 1576 1214 tot
1605 1165 1722 1212 dien
1751 1159 1927 1209 eijnde
1954 1151 2247 1203 advoicture
2276 1150 2335 1196 v:
2363 1147 2481 1195 E:d:
2509 1146 2597 1192 toe
2627 1144 2686 1191 te

868 1270 1131 1326 schicken
1162 1263 1393 1313 staende
1425 1261 1459 1307 u
1491 1259 1590 1306 Ed:
1622 1253 1885 1303 daermede
1916 1250 2016 1297 toe
2048 1249 2114 1295 te
2147 1248 2344 1295 connen
2377 1248 2442 1293 In
2473 1245 2573 1293 295
2605 1239 2741 1289 pack

865 1364 1145 1418 diversche
1176 1352 1550 1408 sorteringen,
1580 1350 1674 1397 soo
1704 1343 2110 1393 geschilderde,
2139 1342 2328 1388 witte,
2359 1342 2453 1388 als
2483 1339 2677 1388 andere

822 1469 852 1514 9
878 1457 1119 1514 doucken,
1148 1452 1327 1501 13121,
1356 1449 1416 1496 lb
1445 1442 1773 1493 bengaelsche
1801 1437 2010 1486 poeijer
2040 1437 2368 1487 suijckeren,
2395 1442 2516 1488 5464
2543 1441 2634 1488 lb.
2663 1439 2753 1485 was

830 1558 955 1608 4200
983 1548 1140 1602 st=rs
1168 1535 1540 1591 rochevellen,
1571 1532 1725 1580 15914
1755 1530 1818 1577 lb
1848 1529 2126 1576 boscruijt
2157 1531 2219 1577 16
2249 1532 2374 1582 st=r
2404 1538 2743 1585 martavanen,

876 1657 944 1704 81
974 1645 1109 1700 st=r
1141 1634 1373 1687 slaven,
1405 1630 1539 1678 ende
1571 1623 1903 1674 slavinnen,
1936 1623 2268 1673 mitsgaders
2299 1628 2400 1674 12½
2431 1628 2598 1675 sware
2629 1625 2665 1672 —

869 1745 1058 1798 lasten
1086 1736 1247 1789 groff
1276 1730 1404 1779 sout
1432 1725 1529 1773 een
1560 1719 1938 1769 cargasoentge
1969 1717 2064 1763 van
2094 1716 2127 1761 ƒ
2158 1715 2441 1763 134556„-„
2472 1715 2535 1763 14
2567 1717 2744 1763 nader

866 1833 1138 1893 blijckende
1164 1828 1273 1877 uijt
1299 1817 1543 1872 d'facture
1569 1813 1679 1861 daer
1704 1810 1786 1857 van
1813 1807 1895 1854 bij
1921 1807 2057 1852 desen
2084 1805 2327 1853 gevought,
2352 1802 2462 1849 waer
2488 1800 2571 1847 toe
2596 1796 2680 1844 mij

866 1929 1037 1982 voorts
1062 1918 1290 1972 gedrage,
1317 1911 1487 1962 gaende
1513 1906 1656 1955 onder
1682 1900 1853 1951 voorsz
1880 1897 2050 1945 cleden
2078 1896 2135 1942 10
2162 1894 2333 1940 packen
2359 1888 2586 1938 drongams
2612 1879 2783 1931 gingam

867 2026 956 2078 tot
981 2018 1069 2069 een
1094 2005 1297 2061 preuve,
1323 2001 1439 2049 ende
1466 1995 1695 2045 cledinge
1722 1991 1837 2039 voor
1864 1988 2093 2035 soldaten
2121 1984 2407 2032 dienstigh,
2433 1977 2635 2029 meerder
2661 1974 2750 2021 van

867 2111 956 2163 die
982 2095 1268 2154 sorteringe
1294 2090 1382 2138 p=r
1409 2084 1638 2134 aenstaen
1665 2080 1837 2128 nodigh
1865 2075 2122 2124 hebbende,
2149 2073 2321 2119 sullen
2349 2073 2378 2118 u
2406 2072 2492 2118 Ed:
2519 2063 2776 2116 Jaerlijck

871 2203 958 2251 van
983 2191 1129 2246 goede
1156 2180 1473 2235 quantiteijt
1501 2173 1674 2224 cunnen
1702 2164 2018 2217 versorghen,
2045 2161 2132 2208 den
2161 2158 2391 2206 opperste
2419 2155 2592 2203 piloot
2620 2147 2707 2199 wil

861 2288 1098 2347 genoemde
1124 2281 1215 2331 lis
1242 2275 1332 2324 met
1360 2270 1479 2319 sijn
1508 2262 1773 2314 ingeladen
1801 2251 2185 2305 voorspoedich,
2213 2249 2332 2296 ende
2361 2244 2597 2293 behouden
2625 2243 2730 2289 bij

864 2391 921 2441 v:
945 2385 1029 2434 Ed:
1053 2368 1324 2429 geleijden,
1347 2354 1646 2410 alswanneer,
1671 2351 1727 2398 U.
1752 2346 1834 2395 Ed:
1859 2342 1942 2390 van
1968 2339 2103 2386 goede
2129 2335 2426 2384 quantiteijt
2452 2329 2779 2379 geschilderde

858 2471 1058 2530 doncken
1084 2466 1143 2514 In
1168 2450 1425 2509 voorraedt
1451 2441 1623 2493 sullen
1649 2434 1792 2485 sijn,
1819 2430 1962 2478 welcq
1989 2428 2075 2474 ten
2102 2421 2386 2472 principale
2413 2416 2669 2466 ontstaet,
2695 2405 2783 2459 dat

857 2563 976 2615 vele
1001 2555 1092 2605 der
1118 2543 1295 2598 selver
1321 2536 1439 2586 vant
1468 2527 1730 2581 voorleden
1757 2522 1904 2571 Jaers
1931 2517 2166 2567 contract
2194 2505 2514 2561 resterende,
2541 2498 2660 2549 ende

845 2641 1097 2704 geruijmen
1124 2632 1263 2684 tijdt
1288 2616 1597 2675 onderhanden
1622 2610 1764 2659 vande
1791 2603 2070 2654 schilders,
2097 2600 2182 2647 die
2209 2596 2321 2643 door
2347 2593 2404 2640 d'
2431 2584 2766 2637 becommeringh

867 2737 956 2787 van
983 2720 1217 2779 Chinanna
1245 2711 1420 2763 achter
1448 2697 1682 2755 gehouden
1709 2688 1915 2741 geweest
1943 2684 2089 2733 sijn,
2117 2681 2206 2729 soo
2234 2678 2322 2724 dat
2349 2674 2409 2722 nu
2438 2673 2554 2719 voor
2583 2670 2731 2718 eerst

870 2826 983 2877 daer
1007 2818 1093 2869 van
1119 2803 1371 2862 weijnigh,
1396 2797 1482 2846 ten
1508 2786 1705 2840 aensien
1730 2773 2066 2829 d'oorloghen,
2092 2768 2205 2817 ende
2232 2754 2649 2812 g'imbruljeerden
2674 2751 2760 2799 toe

877 2906 1019 2957 stant
1043 2895 1189 2950 deser
1216 2882 1416 2938 landen,
1440 2877 1501 2926 In
1527 2869 1671 2921 allen
1697 2861 1926 2913 gevallen
1954 2856 2125 2907 totsop
2153 2850 2352 2900 maecken
2378 2846 2465 2894 van
2490 2837 2607 2889 d'op
2635 2834 2778 2881 nieuw

848 2975 1303 3051 gecontracteerde
1330 2962 1513 3018 cleden
1542 2958 1574 3005 5
1602 2954 1664 3001 a6
1692 2945 1905 2997 maenden
1933 2943 2025 2989 van
2054 2941 2206 2988 noden
2235 2937 2356 2985 sijn
2385 2933 2447 2981 te
2474 2920 2780 2977 verwachten

853 3074 1065 3137 hebben,
1089 3062 1213 3115 waer
1241 3057 1302 3106 op
1331 3054 1391 3100 E.
1418 3047 1510 3097 Ed:
1537 3039 1659 3090 inde
1686 3029 1868 3082 vente,
1895 3025 2016 3073 omme
2045 3022 2195 3069 alles
2223 3020 2314 3067 met
2342 3011 2552 3063 meerder
2580 3005 2776 3055 advang

834 3159 1039 3222 „tagie,
1062 3148 1182 3202 ende
1208 3134 1439 3190 voordeel
1465 3130 1525 3177 te
1551 3111 1898 3173 beneficieren
1924 3102 2155 3154 gelieven
2182 3096 2413 3146 verdacht
2441 3095 2499 3141 te
2527 3088 2673 3139 sijn,

817 3333 874 3382 Jn
901 3330 1236 3383 Masulipatnam
1263 3325 1403 3374 sijn,
1430 3324 1459 3370 a
1485 3318 1682 3369 present
1709 3316 1766 3362 in
1791 3309 2072 3360 voorraedt,
2099 3303 2295 3353 ontrent
2323 3302 2379 3347 d'
2406 3300 2490 3346 550
2517 3293 2687 3344 packen

810 3421 1062 3477 diversche
1088 3412 1313 3465 lijwaten
1338 3408 1396 3455 en
1421 3399 1618 3453 cleden,
1644 3394 1729 3443 die
1756 3391 1840 3438 p=r
1866 3388 2007 3436 nader
2034 3381 2396 3433 gelegentheijt
2423 3377 2508 3425 van
2535 3370 2737 3421 scheeps

855 3500 1057 3551 ruijmte
1083 3493 1230 3543 staen
1256 3489 1316 3537 te
1342 3477 1546 3533 volgen,
1573 3471 1661 3520 den
1689 3465 1949 3515 almogende
1977 3463 2093 3510 geve
2121 3462 2179 3508 d'
2208 3457 2467 3506 verwachte
2495 3447 2670 3501 fluijt

860 3579 1060 3637 schepen
1086 3566 1313 3622 d'wolff,
1339 3559 1454 3609 ende
1480 3551 1735 3602 Maeslandt
1763 3549 1905 3596 (door
1932 3545 2102 3595 saecke
2130 3541 2215 3588 van
2242 3537 2468 3585 welckers
2496 3534 2581 3581 soo
2608 3527 2750 3578 lange

858 3663 1119 3717 tardance,
1145 3651 1320 3706 Jmmers
1346 3639 1579 3695 waeromme
1606 3632 1895 3683 t'gelichte
1923 3629 2039 3675 uijt
2067 3628 2126 3674 t'
2153 3624 2414 3672 tauoijans
2441 3616 2730 3668 cargasoen,

860 3750 963 3800 daer
988 3744 1116 3794 onder
1139 3740 1193 3787 d'
1216 3731 1397 3784 partije
1420 3725 1550 3775 goudt
1574 3721 1652 3768 tot
1676 3714 1932 3764 merckelijk
1956 3711 2289 3758 verachteringh
2314 3709 2391 3756 van
2416 3709 2468 3754 d'
2492 3707 2544 3753 E:
2568 3698 2723 3751 Compi.
2746 3696 2781 3744 e

863 3830 1006 3885 comen
1033 3827 1090 3873 te
1115 3818 1286 3870 missen
1312 3814 1369 3862 en
1396 3807 1537 3858 welck
1563 3804 1621 3851 in
1647 3799 1789 3848 allen
1817 3795 2013 3843 gevalle
2040 3794 2096 3840 in
2124 3792 2320 3839 plaetse
2348 3790 2488 3837 vant'
2515 3784 2684 3834 silver
2711 3783 2741 3829 —

862 3912 1005 3967 inden
1031 3905 1145 3956 haen
1171 3900 1257 3949 wel
1283 3892 1424 3943 hadde
1450 3887 1592 3936 mogen
1618 3879 1927 3932 verblijven,
1954 3875 2039 3922 ons
2066 3872 2179 3919 niet
2206 3868 2459 3916 spoediger
2486 3866 2571 3913 p=r
2598 3863 2798 3911 d'wolft

869 3987 1164 4044 nageschickt
1188 3982 1271 4031 is,
1295 3974 1404 4025 niet
1429 3970 1511 4017 can
1536 3963 1805 4015 bedencken)
1831 3963 1885 4010 in
1912 3964 2073 4010 corten
2099 3961 2421 4008 verschijnen,
2448 3960 2501 4006 en
2527 3959 2582 4005 v.
2608 3959 2662 4004 E.
2687 3955 2743 4004 d:

871 4079 951 4126 van
975 4068 1186 4123 t'verder
1211 4059 1370 4112 nodige
1394 4050 1605 4103 d'retour
1630 4046 1788 4095 dienen
1814 4046 1971 4092 mogen,
1997 4045 2076 4091 als
2102 4045 2286 4091 wanneer
2312 4046 2417 4092 oocq
2440 4045 2495 4092 t'
2521 4037 2786 4089 g'eijschte

867 4158 980 4209 voor
1005 4150 1173 4202 Jappan
1199 4145 1283 4194 soo
1309 4142 1366 4189 na
1392 4134 1614 4186 doenlijk
1641 4128 1835 4178 excepto
1861 4123 2056 4172 t'nieuw
2083 4123 2221 4169 slach
2249 4124 2332 4170 van
2359 4125 2608 4173 sarassen,
2634 4123 2718 4171 die

868 4238 986 4286 voor
1012 4234 1131 4283 anno
1159 4226 1451 4277 aenstaende
1478 4219 1597 4270 niet
1623 4212 1800 4263 sullen
1828 4209 2004 4257 cunnen
2033 4209 2266 4255 vaerdigh
2294 4207 2441 4253 sijn,
2469 4204 2793 4251 gesuppleert

2627 4293 2766 4350 verte

0 1038 137 1086 gaens
163 1041 273 1091 ende

0 1134 275 1189 duchten.

0 1226 230 1275 sal

0 1322 212 1370 neert

0 1413 270 1462 condaet.

0 1501 98 1546 sijn
122 1501 272 1553 leggen

0 1595 95 1643 bij
120 1599 277 1648 tijdt

0 1691 270 1744 voorsorghe

0 1789 147 1837 schip
175 1791 266 1838 den

0 1875 272 1923 geprovid

0 1969 246 2021 ntijdt

0 2063 134 2109 xop
174 2064 266 2112 de

0 2157 248 2206 ordre

0 2449 272 2500 tshoorn

0 2537 135 2583 onder
161 2538 273 2585 ande

0 2628 166 2674 passe
198 2629 266 2676 to

0 2721 38 2766 e
76 2721 192 2771 den
230 2725 269 2772 H

0 2816 132 2865 egens
157 2820 265 2869 onse

0 2913 223 2964 den

0 3005 232 3054 uijten—

0 3103 264 3154 oriteijt

0 3196 148 3244 andt
185 3194 262 3241 te

0 3290 262 3338 ulieerde

0 3383 243 3434 eerder

0 3482 27 3529 t
53 3473 270 3526 verlenen

0 3577 121 3627 gens
151 3573 273 3622 vand

0 3657 194 3714 nde

0 3762 61 3811 te
89 3755 274 3805 handel

0 3999 243 4055 mijne

0 4092 266 4143 twijffe

0 4186 160 4238 ade

0 4277 262 4327 gewerden
