3553 4712
1413 968 1595 1016 zenden
1625 964 1777 1012 ziet,
1808 958 2020 1009 megelik
2049 955 2141 1002 oor
2172 953 2293 1000 geen
2323 947 2749 998 gesuspendeede,
2778 948 3174 1001 gedeporteerde
3203 956 3326 1003 ofte

1433 1112 1891 1178 gesententeerde
1922 1115 2183 1163 personen
2212 1111 2442 1162 tochoon
2473 1109 2572 1155 hun
2604 1109 2669 1155 op
2701 1110 2766 1155 de
2798 1109 2962 1155 reyse
2993 1111 3091 1157 wel
3123 1112 3254 1160 com„

1437 1263 1746 1312 porteeren)
1776 1263 2085 1312 herstellen
2116 1261 2239 1308 inde
2270 1258 2610 1306 qualiteyten
2640 1261 2764 1306 ende
2794 1255 3169 1306 tractemenren

1458 1413 1521 1459 so
1552 1412 1615 1457 te
1645 1409 1832 1456 vooren
1862 1402 2081 1453 geweest
2112 1400 2330 1447 mochten
2358 1397 2517 1447 zijn,
2545 1394 2610 1440 of
2640 1396 2704 1443 de
2731 1396 2889 1444 zelve
2918 1393 3108 1442 anders
3137 1398 3231 1447 ge„

1452 1554 1720 1608 bruijcken
1748 1553 1838 1599 als
1866 1549 1986 1598 waar
2016 1548 2135 1594 voor
2164 1549 2253 1595 van
2281 1549 2401 1596 hier
2430 1547 2520 1593 aan
2549 1545 2697 1593 boort
2726 1541 2993 1590 gesonden,
3023 1541 3231 1590 werden,

1450 1706 1509 1752 op
1537 1699 1683 1750 paene
1710 1694 1799 1743 dat
1828 1690 2060 1738 geroerde
2089 1690 2148 1737 h.
2176 1693 2205 1738 r
2234 1693 2293 1740 M.
2320 1695 2524 1742 (gelijk
2552 1695 2640 1743 ons
2668 1696 2959 1744 schrijven)
2986 1687 3225 1740 alsalcke

1446 1849 1613 1901 gagie
1644 1848 1807 1896 vande
1838 1845 2131 1893 geboerte,
2161 1846 2553 1895 versteeckene
2583 1844 2650 1890 of
2680 1843 2974 1893 herstelde
3006 1833 3299 1890 personen—

1460 1999 1628 2047 boven
1661 1996 1795 2044 haar
1828 1993 2062 2041 hoogste
2096 1992 2433 2040 indignatie
2464 1995 2665 2043 zullen
2698 1991 2903 2040 houden

1465 2145 1596 2196 ende
1627 2137 1855 2188 brengen
1887 2136 1985 2182 tot
2017 2134 2179 2181 laste
2211 2132 2408 2183 vanden
2436 2138 2633 2185 geenen
2665 2137 2762 2183 die
2795 2137 2860 2182 't
2891 2134 3056 2182 zelve
3084 2136 3281 2185 gedaan

1458 2288 1683 2336 hebben,
1714 2288 1843 2335 waar
1873 2283 2002 2331 mede
2034 2282 2389 2332 afflatende,
2418 2289 2677 2337 tenschen
2706 2294 2803 2339 uE.
2834 2292 3221 2341 gesamentlijk

1439 2437 1545 2487 den
1577 2436 1746 2484 zegen
1779 2433 1881 2480 des
1914 2427 2387 2479 Alderhoochsten
2420 2431 2556 2479 ende
2589 2430 2691 2478 een
2723 2431 2995 2481 spoedige
3028 2435 3265 2480 behoude

1633 2514 1654 2559 ^
1673 2514 1733 2560 ter
1753 2514 2034 2561 gedestineerden
2054 2514 2216 2564 plaatse^

1445 2570 1606 2623 reyse
1635 2579 1667 2625 ^
1697 2577 1827 2624 amen

2795 2697 3105 2745 December

1412 2853 1618 2914 In't
1667 2850 2016 2899 Casteel
2058 2845 2414 2896 Batavia
2459 2855 2565 2910 dn
2594 2864 2709 2914 21
2752 2848 3207 2908 Jannuarij

1465 3082 1603 3130 Ao
1670 3077 1947 3127 1646

1979 3081 2149 3131 Naar
2191 3079 2445 3126 gedane
2487 3079 2826 3129 collatie
2866 3085 2952 3133 is
2993 3089 3165 3138 dese

2115 3211 2214 3258 met
2244 3212 2345 3258 syn
2377 3208 2707 3257 principaal
2738 3209 3067 3260 accorderen
3100 3210 3332 3260 bevonde

1918 3386 2041 3434 Int
2080 3373 2328 3431 Castel
2367 3368 2654 3420 voorsz.
2694 3366 2817 3414 16.
2857 3361 2981 3412 Ao.
3019 3354 3189 3405 1647

2441 3539 2691 3601 Johan
2707 3536 3036 3591 Cuneus

2670 3634 2851 3690 sens

1981 521 2111 570 Caron
2135 520 2315 566 Millime
2340 521 2443 567 daor
2467 521 2545 566 den
2570 522 2647 568 Cr.
2671 519 2902 567 directeur
2927 520 3058 569 Arent
