3642 4828
978 502 1144 557 mey
1195 497 1415 547 1646

1311 686 1452 733 uijt
1482 686 1763 734 seeckere
1798 685 1973 731 copie
2007 686 2216 739 brieff
2251 694 2425 741 vande
2459 694 2565 740 Ho:
2599 694 2912 741 Endeseche
2947 695 3016 741 te
3051 696 3227 742 raden
3260 698 3295 743 —

1392 797 1499 844 van
1531 790 1783 839 Becasie
1818 788 1925 835 p:r
1960 788 1996 833 t
2031 788 2529 844 vooraengetogen
2562 795 2741 844 Jacht
2776 795 2919 845 Tsas
2953 796 3061 845 van
3094 784 3239 840 Gent

1396 909 1519 957 (dat
1548 905 1612 953 om
1640 900 1766 948 waet
1795 899 1858 944 er
1888 898 1919 943 p
1949 896 2289 943 hernaembocq
2319 896 2629 944 aengeweest
2657 901 2781 948 Is:)
2811 903 2966 955 aende
2996 911 3304 958 gouverneur

1395 1016 1603 1069 generael
1628 1013 1731 1060 ende
1756 1012 1911 1058 raeden
1936 1011 2013 1057 van
2039 1010 2167 1056 India
2193 1010 2244 1055 In
2270 1010 2372 1055 dato
2398 1009 2449 1055 19
2475 1008 2706 1054 september
2731 1009 2964 1058 voorleden
2987 1014 3117 1060 Jaers
3142 1016 3324 1069 geschri

1397 1111 1476 1157 als
1503 1111 1555 1156 d'
1582 1111 1767 1156 daerbij
1793 1112 2031 1159 gevoughde
2055 1112 2348 1160 verclaringe
2374 1115 2453 1161 van
2479 1115 2532 1160 d'
2558 1115 2875 1162 opperhoofden
2901 1116 2982 1163 des
3007 1118 3193 1169 geseide
3218 1125 3245 1170 b
3270 1125 3405 1173 achts

1378 1215 1617 1265 vernemen
1646 1217 1765 1263 mede
1794 1217 1943 1263 onder
1973 1216 2182 1263 anderen
2210 1219 2360 1268 hoed'
2388 1224 2775 1277 portugeessche
2803 1230 3131 1281 Ingesetenen
3160 1237 3340 1290 aldaer

1383 1337 1690 1387 gerevolteert
1715 1337 1818 1383 sijn
1842 1338 1893 1383 op
1919 1338 2022 1384 Hope
2046 1339 2123 1385 van
2149 1339 2252 1386 door
2276 1342 2328 1388 't
2353 1343 2532 1391 secours
2555 1345 2659 1391 haer
2685 1345 2787 1392 uijt
2812 1347 2863 1392 d'
2889 1347 3018 1394 Basia
3042 1350 3324 1398 toegesonden

1385 1448 1519 1497 vande
1546 1447 1812 1493 gandtscher
1839 1446 2079 1493 Conqueste
2105 1448 2158 1493 te
2185 1448 2345 1494 sullen
2371 1450 2558 1496 meester
2584 1452 2771 1499 werden,
2797 1454 3012 1502 alsvoren
3037 1458 3091 1504 in
3117 1460 3197 1506 'ts
3223 1461 3385 1510 patria

1380 1562 1433 1610 op
1457 1560 1509 1606 d'
1533 1556 1838 1605 behoudenisse
1864 1554 2067 1601 desselfs
2091 1555 2397 1602 behoorlijcke
2422 1558 2549 1604 ordre
2574 1559 2701 1606 soude
2726 1562 2855 1608 mogen
2878 1565 3081 1612 gesteldt
3106 1567 3265 1622 wesen—

1357 1716 1475 1763 der
1513 1713 1748 1761 needer
1786 1715 2021 1761 anders
2059 1716 2293 1762 swacke
2331 1715 2722 1764 Besettinge
2761 1719 2877 1764 die
2916 1719 3072 1765 door
3111 1719 3192 1767 't

1369 1823 1428 1870 d'
1457 1820 1929 1869 onvermogentheyjt
1958 1819 2106 1865 Vande
2135 1820 2401 1869 Compagnie
2430 1823 2520 1870 (om
2547 1826 2636 1872 des
2665 1827 2872 1875 menrges
2901 1825 3108 1874 Hilven)
3135 1823 3196 1869 te
3225 1823 3344 1871 seer

1349 1929 1622 1979 vermindert
1649 1929 1758 1974 was,
1784 1926 1921 1973 heeft
1947 1927 2002 1972 d'
2029 1927 2300 1973 Ingeletene
2327 1928 2653 1975 aenleijdinge
2679 1930 2869 1976 gegeven
2896 1930 2951 1975 om
2978 1929 3141 1975 hierop
3166 1927 3195 1974 t
3219 1922 3303 1971 toe

1370 2037 1424 2083 te
1451 2035 1641 2082 leggen,
1668 2032 1750 2079 die
1777 2031 1885 2077 oock
1912 2031 1994 2076 bij
2021 2032 2102 2078 die
2129 2033 2265 2080 vande
2292 2035 2428 2081 Bahia
2455 2037 2563 2083 ofte
2590 2038 2672 2084 wel
2699 2039 2862 2085 eerder
2888 2038 3079 2084 Conincq
3105 2038 3188 2084 van
3214 2037 3242 2085 —

1370 2156 1634 2209 portugael
1663 2153 1810 2201 selve
1839 2153 2044 2199 daertoe
2073 2154 2424 2205 g'annimeert,
2453 2160 2570 2206 niet
2598 2158 2775 2206 alleen
2804 2158 2892 2203 met
2920 2156 3126 2202 belofte
3155 2157 3243 2204 van
3271 2159 3303 2206 —

1385 2270 1723 2322 adsistentie
1754 2269 1877 2315 maer
1907 2269 2061 2317 alles
2091 2270 2153 2316 in
2183 2271 2306 2316 dier
2337 2271 2551 2317 maniere
2582 2271 2644 2317 te
2673 2267 2859 2315 sullen
2887 2266 2950 2313 In
2981 2262 3319 2311 vaderlandt—

1361 2380 1667 2427 beleijden,
1698 2380 1789 2425 dat
1820 2380 1881 2425 d'
1911 2379 2033 2425 onse
2064 2380 2186 2425 door
2216 2380 2430 2428 gebrecq
2461 2382 2552 2428 van
2582 2381 2827 2428 middelen
2856 2381 2949 2427 tot
2979 2378 3255 2426 Maintenue
3284 2381 3321 2427 —

1364 2499 1484 2549 alle
1512 2496 1660 2543 vaste
1689 2492 1925 2541 plaetsen
1954 2492 2013 2538 in
2040 2492 2189 2539 haere
2218 2490 2395 2537 handen
2424 2490 2601 2537 souden
2630 2492 2807 2538 moeten
2836 2491 3130 2538 overgeven,
3159 2487 3283 2535 twee

1367 2617 1658 2668 ongeluckige
1684 2616 1949 2662 rescontren
1976 2616 2135 2661 hadden
2161 2616 2214 2661 d'
2240 2616 2346 2661 onse
2373 2616 2426 2662 te
2452 2615 2585 2661 lande
2611 2612 2797 2660 gehadt,
2823 2611 2903 2657 die
2928 2609 2982 2655 d'
3007 2604 3114 2653 onse
3140 2600 3337 2649 'tvelet

1347 2739 1525 2791 hebben
1553 2736 1672 2783 doen
1701 2734 1966 2781 quiteren,
1994 2734 2083 2779 soo
2113 2734 2201 2779 dat
2231 2734 2289 2779 d'
2318 2732 2554 2779 Vijanden
2584 2732 2672 2778 ter
2701 2731 2878 2778 placte
2907 2726 3084 2775 landen
3112 2723 3324 2774 meester

1341 2860 1528 2910 sijnde,
1552 2855 1713 2903 d'onse
1740 2854 1793 2900 in
1820 2853 1927 2899 onse
1953 2852 2113 2898 forten
2138 2851 2352 2898 besloten
2379 2853 2565 2900 houden,
2592 2854 2672 2899 tot
2698 2853 2778 2899 dat
2805 2853 2885 2898 uij
2910 2852 2965 2898 't
2990 2845 3261 2896 vaderlande

1346 2981 1410 3032 op
1436 2976 1499 3024 d'
1528 2968 1800 3020 gesondene
1829 2967 2071 3013 aevijsen
2101 2968 2191 3013 met
2221 2968 2463 3016 sodanige
2492 2972 2643 3020 mucht
2672 2974 3004 3020 g'adsisteer
3033 2971 3216 3019 werden

1342 3098 1438 3147 dat
1469 3094 1595 3143 haer
1626 3087 1910 3138 Wederomme
1941 3087 2004 3132 te
2036 3087 2194 3133 velde
2224 3087 2383 3134 mogen
2414 3088 2666 3136 begeven,
2697 3087 2761 3133 t'
2792 3087 2949 3133 water
2981 3087 3170 3132 waeren
3201 3086 3265 3132 d'
3296 3082 3423 3130 onse

1368 3207 1559 3265 Ggodlof
1584 3203 1694 3250 Noch
1720 3201 1909 3250 Meester
1935 3201 2043 3248 ende
2069 3202 2233 3251 hadden
2258 3208 2314 3255 op
2338 3210 2420 3256 den
2446 3209 2581 3256 28.e.
2608 3208 2824 3254 Januarij
2851 3207 2985 3254 1646.
3012 3205 3120 3252 Inde
3146 3200 3284 3249 baije

1351 3323 1431 3372 van
1456 3320 1637 3367 samaere
1662 3318 1870 3365 victorie
1896 3318 2129 3364 bevochten
2154 3319 2336 3368 daervan
2361 3323 2387 3368 7
2413 3323 2620 3369 vyjandts
2646 3321 2879 3369 rhaseylen
2902 3314 3034 3365 drije
3058 3304 3319 3358 Caravellen

1344 3420 1447 3468 ende
1471 3419 1497 3464 4
1522 3416 1725 3464 barcquen
1751 3416 1827 3461 met
1851 3415 1928 3461 een
1954 3414 2233 3460 geschapeert
2258 3414 2309 3460 so
2334 3415 2385 3460 't
2410 3415 2537 3461 soude
2562 3416 2613 3462 d'
2638 3417 2740 3463 onse
2765 3416 2917 3463 haeren
2943 3412 3172 3461 vervallen
3196 3407 3325 3455 staen

1336 3515 1448 3561 vrij
1475 3511 1700 3559 gebetcht
1728 3508 1896 3555 hebben
1924 3507 2009 3553 ten
2036 3506 2177 3551 waere
2203 3505 2317 3552 door
2345 3507 2569 3554 ontrouwe
2597 3508 2681 3554 van
2708 3508 2878 3554 eenige
2903 3508 2989 3554 van
3017 3508 3073 3553 d'
3100 3502 3214 3553 onse

1335 3611 1510 3660 buyten
1538 3607 1683 3655 noods
1712 3606 1886 3653 'tfort
1914 3608 2060 3655 aende
2087 3610 2205 3656 Coep
2233 3611 2464 3657 augustyn
2493 3611 2581 3657 den
2608 3612 2783 3658 vyandt
2811 3611 3043 3659 Inlanden
3072 3610 3188 3656 niet
3216 3611 3390 3660 hadden

1332 3712 1557 3761 gelevert,
1582 3711 1632 3757 't
1656 3710 1781 3756 welck
1805 3710 1880 3756 een
1904 3710 2054 3756 groote
2079 3711 2452 3760 verslagentheyjt
2477 3715 2726 3763 gecauseert
2748 3715 2875 3763 heeft
2899 3712 3099 3761 bevreest
3123 3704 3300 3756 sijnde/

1340 3809 1420 3858 dat
1445 3807 1575 3854 sulcx
1599 3807 1652 3853 op
1678 3806 1988 3853 meerplaetsen
2014 3808 2170 3855 mochte
2195 3810 2454 3859 geschieden
2479 3814 2584 3861 alle
2609 3816 2764 3864 uijren
2789 3818 2919 3864 sagen
2944 3818 2997 3864 d'
3021 3816 3126 3862 onse
3150 3815 3255 3862 haer

1317 3914 1513 3970 secours
1540 3913 1624 3958 met
1650 3912 1789 3957 eenen
1816 3911 2010 3957 nieuwen
2038 3912 2149 3959 Gwel
2175 3913 2232 3959 te
2257 3910 2480 3956 gemoedt,
2507 3912 2618 3960 doch
2645 3914 3005 3961 ondertusschen
3031 3908 3198 3958 wierdt
3224 3903 3283 3952 de

1329 4007 1658 4063 Westindische
1685 4002 1931 4051 Compagnie
1959 4001 2124 4048 aldaer
2150 4004 2232 4050 van
2259 4005 2369 4050 haer
2396 4005 2588 4052 Incomen
2615 4006 2670 4051 en
2697 4006 2916 4051 middelen
2943 4004 3162 4051 ontbeth,
3189 3998 3408 4049 waermede

1326 4106 1417 4157 dan
1445 4101 1534 4149 ons
1561 4095 1709 4145 meede
1738 4095 1826 4141 wel
1854 4094 2001 4140 heden
2030 4096 2235 4143 gegeven
2264 4099 2381 4145 wort
2410 4100 2587 4148 segens
2614 4104 2703 4150 die
2731 4106 2790 4151 De
2819 4106 2994 4155 hunren
3023 4110 3141 4155 hier
3168 4108 3229 4155 te

2969 4185 3190 4234 lande
