3560 4958
1560 1155 1638 1208 te
1674 1165 1827 1216 gaen
1865 1171 2017 1216 omme
2055 1171 2170 1216 den
2207 1172 2550 1219 anderen,;
2587 1171 2702 1217 soo
2740 1167 3007 1215 ijemand
3042 1165 3236 1212 hadde

1561 1304 1855 1354 weijnich
1889 1302 2038 1348 inde
2073 1303 2294 1349 Japans
2329 1300 2476 1349 Tale
2512 1295 2805 1346 Ervaren,
2841 1293 2915 1339 in
2950 1289 3061 1336 zee
3096 1286 3170 1333 't
3206 1284 3353 1330 ont„

1564 1432 1811 1481 moeten,
1846 1435 1917 1481 en
1952 1432 2130 1479 sulcx
2163 1430 2306 1479 raat
2339 1428 2412 1475 te
2446 1425 2659 1472 leven,
2692 1420 2800 1470 dat
2835 1418 2942 1465 off
2975 1406 3295 1461 persoonen

1568 1555 1880 1608 wisselen
1918 1552 2036 1599 off
2075 1551 2192 1596 wel
2232 1551 2545 1599 benevens
2581 1551 2700 1601 hun
2739 1549 2896 1597 daer
2934 1549 3052 1597 toe
3090 1545 3403 1594 verstaen

1572 1673 1738 1721 naer
1779 1672 2149 1720 nancquijn
2191 1674 2273 1720 te
2310 1671 2603 1719 Gelijcq
2642 1668 2767 1715 met
2806 1668 2931 1715 ons
2973 1667 3179 1714 schip
3219 1661 3387 1711 gaen

1568 1807 1812 1855 Conde.
1850 1808 2013 1856 omme
2053 1808 2297 1859 d'onse
2337 1811 2661 1860 openingh
2696 1805 2822 1855 van
2863 1803 3146 1851 havenen
3185 1790 3349 1848 ende

1564 1949 1796 1999 baijen
1832 1951 1950 1998 opt
1988 1946 2258 1997 Eijland
2295 1945 2566 1993 Ninbpoe
2602 1943 2681 1991 te
2718 1939 2912 1987 doen,
2948 1932 3143 1984 daert
3179 1918 3412 1975 bequam

1566 2085 2061 2136 gelegentheijt
2098 2084 2175 2130 't
2213 2082 2517 2130 anckeren
2553 2077 2783 2127 Geeft,
2820 2075 2973 2123 ende
3009 2070 3124 2118 den
3162 2059 3391 2114 handel

1568 2220 1680 2270 met
1716 2216 1900 2265 donse
1935 2215 2230 2262 drijven,
2265 2216 2485 2264 soude,
2520 2213 2632 2262 bij
2667 2210 2742 2257 en
2777 2203 3034 2254 ontrent
3070 2194 3400 2247 Nancquijt

1570 2351 1724 2399 wast
1760 2351 1915 2397 seer
1952 2347 2220 2395 ondiep,
2258 2344 2412 2393 ende
2449 2338 2602 2386 niet
2640 2334 2717 2381 om
2753 2331 2869 2378 met
2907 2325 3137 2375 Groote
3175 2321 3405 2370 schepe

1587 2477 1666 2523 te
1703 2471 2020 2523 bevaren,
2057 2467 2372 2515 wesharen
2410 2463 2725 2514 allemael
2763 2460 3000 2508 ondiep
3039 2457 3196 2505 ende
3236 2454 3410 2502 seer

1569 2610 1827 2657 vlacq
1878 2608 2187 2657 Gaende
2237 2601 2496 2652 waren

1970 2848 2326 2899 tantij,
2372 2858 2524 2909 p:r
2573 2866 2675 2912 't
2724 2869 3177 2918 aenlanden
3226 2869 3390 2918 van

1420 2849 1580 2899 Op
1658 2853 1820 2902 10

1558 3041 1873 3093 seecker
1915 3039 2230 3094 Chinees
2273 3038 2632 3087 hoecheus
2676 3033 3080 3084 jonckjen,
3123 3025 3304 3074 niet

1562 3187 1702 3241 dan
1747 3181 1884 3229 met
1929 3179 2248 3226 weunich
2294 3178 2568 3225 swarte
2613 3175 2705 3223 en
2749 3171 2887 3219 wel
2928 3156 3114 3214 half

3100 3309 3249 3359 taen
3283 3309 3397 3357 den

1571 3329 1896 3387 bedorven
1935 3326 2220 3374 suucker
2255 3326 2584 3373 Geladen,
2623 3323 2786 3370 wert
2826 3318 3044 3368 vers„

2749 3387 3079 3445 fictorius

1576 3486 1819 3534 Tartar
1855 3481 1981 3531 int
2021 3476 2224 3525 Rijcq
2264 3473 2386 3520 van
2426 3471 2629 3518 China
2668 3464 2792 3515 soo
2831 3451 3155 3503 Glorieus
3195 3444 3398 3494 voort

1569 3626 1779 3675 gingh
1820 3620 1946 3669 dat
1984 3610 2155 3662 niet
2196 3608 2447 3656 alleen
2488 3607 2864 3655 nancquijn
2903 3602 3074 3652 maer
3113 3594 3368 3644 selffs

1576 3780 1657 3827 de
1696 3771 2057 3823 proventie
2095 3767 2217 3814 van
2253 3762 2577 3812 hockseuw
2618 3759 2778 3808 ende
2817 3749 3179 3803 Chancheuw
3218 3748 3403 3794 sich

1590 3916 2207 3969 'tondergebracht,
2245 3919 2401 3968 ende
2437 3926 2553 3972 den
2588 3919 2822 3970 Jongen
2857 3906 3130 3962 Conincq
3165 3895 3401 3950 nevens

1564 4067 1753 4119 Iquan
1789 4065 1866 4112 't
1897 4058 2052 4109 velt
2089 4056 2240 4103 doen
2276 4058 2537 4105 ruijmen
2574 4059 2836 4111 hadden,
2873 4060 3060 4109 sulcx
3096 4053 3210 4104 dat
3243 4037 3397 4095 niet

1592 4195 1732 4243 als
1778 4197 1916 4243 een
1961 4193 2191 4241 Groot
2236 4193 2514 4242 jammer
2558 4199 2742 4245 ende
2777 4194 3063 4244 gekerm
3107 4188 3385 4238 indier

2923 4389 3405 4441 Contreijen

796 265 916 320 lio
954 262 1070 309 ao.
1108 261 1266 308 1646

1457 781 1626 832 Dagh
1663 785 1994 837 Register
2034 785 2283 840 wegens
2324 796 2407 844 't
2448 800 2904 851 gepasseerde

2002 570 2201 617 pie

1933 443 2382 500 Jonckem

2947 454 3227 504 1646
