3614 4780
2044 249 2381 312 April

2519 863 2711 913 818

637 489 760 541 Aen
800 489 880 534 d'
920 486 1123 535 Ed=le
1158 486 1280 538 h=r
1316 483 1520 539 Raden
1558 496 1638 543 en
1677 497 1923 551 direc„

592 505 634 552 E

506 611 710 664 teurs,
741 606 910 654 wegen
943 604 1044 651 den
1077 604 1546 659 Nederlantschen
1576 615 1745 662 staet
1778 617 1847 665 in

856 980 1026 1029 reecq:
1053 985 1419 1032 uijtvallende,
1446 988 1588 1035 sober
1615 990 1981 1039 contentement,
2008 995 2121 1041 ende
2148 997 2261 1043 eere
2289 998 2513 1046 Inleggen
2541 1001 2738 1048 souden,

844 1070 990 1118 hebbe
1019 1070 1135 1117 daer
1163 1072 1250 1119 van
1279 1074 1396 1120 noyt
1423 1075 1540 1122 jets
1569 1077 1656 1123 aen
1684 1079 1714 1124 u
1742 1080 1800 1126 E:
1829 1081 1887 1126 d:
1916 1081 2090 1127 derven
2117 1081 2495 1132 remonstreren,
2524 1087 2757 1135 alhoewel

847 1154 1122 1202 vertrouwe
1152 1155 1244 1200 die
1274 1155 1487 1205 plaetse
1518 1160 1884 1210 mettertijdt,
1913 1163 2311 1213 Jnsonderheijt
2341 1168 2524 1217 metten
2555 1172 2739 1218 keijcq

853 1245 918 1291 In
950 1240 1310 1290 vrundtschap
1342 1241 1473 1289 over
1505 1245 1605 1291 een
1635 1247 1897 1294 gecomen,
1929 1249 2061 1295 ende
2092 1250 2720 1314 t'zonghstoverleende

852 1335 978 1387 caul
1007 1331 1101 1379 van
1131 1330 1255 1375 sijn
1285 1330 1564 1378 overleden
1593 1335 1841 1385 broeder,
1871 1340 2272 1392 g'approbeert,
2303 1345 2427 1393 ende
2457 1349 2768 1400 vernieuwt,

847 1430 935 1476 tot
964 1426 1082 1473 dien
1111 1422 1287 1469 eijnde
1316 1422 1404 1467 met
1434 1422 1522 1467 een
1551 1422 1845 1471 recognitie
1874 1427 2079 1474 bedacht
2108 1429 2314 1479 sijnde,
2343 1434 2403 1481 In
2431 1437 2609 1485 handel
2636 1439 2759 1487 ende

848 1516 1174 1569 conquesten
1205 1513 1303 1560 soo
1336 1513 1531 1560 danigh
1563 1515 1855 1562 toenemen,
1888 1517 1987 1563 dat
2017 1519 2116 1565 tot
2147 1521 2376 1571 meerder
2407 1526 2733 1574 solagement

847 1615 942 1667 als
972 1611 1065 1658 wel
1094 1606 1249 1655 laste
1279 1605 1372 1650 van
1402 1604 1464 1649 d'
1494 1605 1526 1650 E
1555 1606 1770 1653 compj:e
1801 1608 2139 1658 redunderen,
2169 1613 2416 1659 besijden
2445 1615 2538 1661 dat
2568 1616 2661 1662 dan
2691 1616 2788 1666 met

848 1705 946 1754 die
977 1701 1075 1749 van
1106 1690 1431 1745 tansjouwer
1464 1690 1561 1736 met
1593 1691 1821 1737 meerder
1853 1693 2210 1743 seguriteijt
2242 1699 2697 1752 corresponderen

849 1790 1070 1843 souden,
1100 1784 1227 1834 doch
1258 1780 1384 1828 (als
1415 1779 1667 1825 geseght)
1698 1779 1761 1824 is
1793 1779 1919 1824 maer
1950 1780 2045 1828 een
2075 1784 2422 1836 vertrouwen,
2452 1792 2578 1837 daer
2610 1792 2704 1837 van

845 1873 1224 1933 d'uijtcomste
1253 1864 1568 1918 onseecker,
1599 1864 1788 1910 eenige
1818 1865 1976 1915 Jaren
2006 1870 2289 1924 voorleden
2319 1879 2417 1929 bij
2444 1887 2602 1934 tijde
2633 1890 2729 1937 van

848 1976 911 2022 d'
943 1975 974 2021 E
1001 1968 1098 2018 H=r
1124 1955 1347 2013 Generl:
1378 1952 1628 2000 Crappee,
1658 1954 1754 1999 den
1783 1956 1940 2007 staet
1970 1963 2066 2011 der
2094 1968 2283 2018 deenen
2312 1975 2376 2022 In
2406 1978 2562 2028 Jndia
2593 1982 2720 2029 (als

846 2064 906 2111 v:
935 2061 1055 2111 E:d:
1082 2049 1293 2104 bewust)
1323 2047 1413 2093 soo
1442 2044 1562 2091 seer
1591 2043 1861 2094 vervallen
1889 2050 2100 2099 sijnde,
2128 2055 2219 2103 dat
2247 2059 2368 2108 hare
2396 2064 2665 2115 fortresse
2695 2070 2766 2118 op

847 2154 1147 2209 trangebare
1173 2148 1297 2198 voor
1325 2143 1476 2192 20000
1505 2142 1536 2188 r
1566 2142 1626 2187 dE
1656 2142 1866 2187 Compj=e
1896 2142 1986 2189 aen
2015 2144 2437 2202 presenteerden,
2465 2159 2525 2205 Is
2555 2160 2616 2207 om
2644 2163 2772 2216 ver„

825 2246 1109 2304 „scheijden
1136 2233 1534 2290 consideratien,
1562 2231 1676 2277 eens
1704 2231 1846 2278 deels
1874 2233 1960 2279 ten
1987 2234 2244 2284 aensiende
2270 2240 2328 2286 te
2355 2242 2554 2291 duchten
2582 2245 2784 2294 onlust„

825 2349 916 2401 „en
944 2343 1033 2392 met
1060 2338 1121 2386 d'
1147 2328 1296 2381 Erone
1323 2325 1413 2372 van
1442 2320 1793 2368 denemarcken,
1823 2321 1911 2368 ten
1939 2323 2145 2372 anderen
2174 2328 2233 2375 s'
2261 2331 2467 2379 Compj=s
2496 2333 2703 2383 cap=len

844 2438 932 2488 tot
957 2424 1159 2481 meerder
1185 2418 1301 2468 uijt
1329 2411 1615 2462 breijdinge
1643 2411 1814 2457 vanden
1842 2412 2013 2459 handel
2042 2414 2242 2465 alsdoen
2268 2420 2355 2467 soo
2383 2423 2583 2470 bestant
2611 2424 2727 2471 niet

846 2528 905 2574 en
930 2515 1107 2571 waren,
1133 2505 1309 2559 tselve
1336 2499 1685 2548 g'excuseert,
1714 2500 1830 2546 ende
1857 2500 2207 2551 affgeslagen,
2235 2507 2323 2553 bij
2351 2509 2525 2556 aldien
2552 2509 2612 2556 nu
2639 2508 2673 2556 —

839 2604 1111 2667 d'occasie
1139 2592 1410 2648 voorviel,
1438 2588 1529 2636 den
1559 2587 1829 2634 deenschen
1858 2588 2157 2637 Commandeur
2187 2592 2366 2640 willem
2396 2595 2606 2643 leijel,
2635 2596 2726 2642 die

842 2702 908 2753 in
936 2690 1157 2745 October
1186 2681 1406 2733 passado
1437 2678 1531 2725 met
1561 2677 1656 2723 een
1687 2677 2063 2725 cargasoentge
2092 2681 2187 2728 van
2217 2684 2407 2734 cleden
2435 2691 2468 2736 (
2498 2692 2623 2738 daer
2654 2693 2748 2741 van

843 2788 934 2840 ons
962 2775 1374 2831 d'quantiteijt,
1402 2771 1521 2820 ende
1550 2768 1844 2815 qualiteijt
1872 2767 1961 2814 tot
1990 2769 2108 2816 noch
2137 2772 2402 2821 onberast)
2430 2777 2549 2823 uijt
2577 2779 2758 2827 d'rede

846 2878 942 2925 van
972 2870 1291 2922 frangebare
1322 2868 1451 2914 over
1481 2865 1642 2912 queda
1670 2864 1800 2912 naer
1832 2864 2087 2911 Macasser
2117 2866 2468 2919 genavigeert
2499 2875 2595 2922 is,
2626 2876 2726 2924 Int

850 2968 996 3016 weder
1023 2963 1286 3014 herwaerts
1315 2962 1460 3008 keren
1489 2961 1605 3007 over
1634 2961 1838 3007 Bantam,
1866 2961 1925 3007 In
1953 2960 2157 3007 passant
2186 2962 2273 3007 bij
2302 2962 2332 3008 u
2360 2963 2419 3009 E:
2447 2965 2505 3010 d:
2533 2962 2718 3009 coftij

850 3060 994 3110 quame
1021 3057 1080 3104 te
1108 3052 1455 3102 verschijnen,
1482 3051 1598 3097 ende
1627 3051 1742 3097 mits
1771 3052 1857 3098 den
1886 3053 2145 3102 presenten
2174 3057 2375 3103 soberen
2403 3057 2548 3103 staet
2577 3057 2671 3105 der

852 3157 1068 3211 d'eenen,
1092 3155 1121 3200 v
1148 3151 1230 3200 Ed:
1255 3147 1418 3195 eenigh
1443 3143 1633 3191 accoort
1660 3143 1741 3188 met
1768 3143 1985 3190 gemelten
2010 3146 2200 3196 leijel,
2225 3151 2253 3196 t
2280 3151 2361 3196 sij
2388 3151 2469 3197 hun
2495 3146 2738 3196 fortresse

849 3258 939 3307 bij
967 3249 1114 3301 forme
1142 3245 1231 3292 van
1259 3241 1612 3289 verpandinge,
1641 3240 1729 3286 oft
1758 3241 1816 3287 Jn
1846 3242 2021 3289 vollen
2051 3244 2315 3292 eijgendom
2343 3248 2431 3294 aen
2460 3247 2578 3294 d'E:
2604 3240 2782 3292 compie

851 3343 1136 3399 overlaten,
1164 3342 1249 3388 off
1275 3338 1362 3386 tot
1390 3337 1475 3383 een
1503 3335 1759 3382 Magasijn,
1787 3335 1874 3381 ome
1900 3337 2158 3386 desselffs
2184 3343 2439 3392 goederen,
2467 3342 2753 3391 dependeren

848 3435 1014 3488 vanden
1040 3431 1205 3479 handel
1232 3429 1287 3475 om
1314 3426 1561 3474 d'Zuijdt,
1588 3426 1670 3472 ter
1697 3427 2025 3477 vereijschter
2053 3432 2190 3478 tijdt
2217 3433 2272 3479 op
2299 3435 2354 3480 te
2381 3435 2573 3482 leggen,
2599 3437 2712 3484 ende

847 3532 907 3578 te
936 3522 1237 3577 segureren,
1265 3518 1417 3567 onder
1447 3516 1747 3562 betaelinge
1777 3516 1868 3561 van
1897 3517 2079 3566 eenige
2107 3522 2408 3572 recognitie
2438 3527 2499 3573 In
2528 3529 2739 3576 ruijmen

848 3625 1028 3676 wilde,
1056 3618 1237 3669 conden
1265 3611 1597 3663 aentreffen,
1626 3609 1776 3655 soude
1805 3608 1956 3654 sulcx
1985 3610 2105 3658 (ons
2135 3613 2375 3664 geringen
2404 3619 2677 3671 oordeels)

842 3727 901 3773 d'
930 3725 960 3771 E
986 3716 1134 3768 Comp:
1163 3714 1222 3760 op
1250 3710 1397 3759 verre
1424 3706 1484 3754 na
1512 3704 1600 3750 soo
1628 3702 1834 3749 lastigh
1862 3704 2008 3750 niet,
2037 3706 2154 3752 maer
2182 3708 2300 3755 vrij
2328 3711 2475 3758 beter
2503 3713 2737 3761 gelegen,

841 3814 968 3861 ende
1000 3804 1476 3859 proffitabelder,
1507 3802 1603 3848 als
1633 3801 1729 3846 wel
1761 3801 2142 3851 d'besettinge
2173 3807 2333 3853 vande
2363 3808 2683 3858 tegenampat

840 3905 1125 3957 fortresse
1156 3900 1315 3950 sijn,
1346 3894 1632 3944 aengaende
1663 3894 1822 3941 d'een
1853 3896 1917 3942 en
1948 3897 2170 3949 d'ander
2201 3904 2519 3953 onderwerpe
2549 3904 2647 3950 mij

836 4007 898 4055 v:
926 4003 1017 4051 Ed:
1044 3995 1224 4045 rijper
1252 3987 1491 4040 oordeel,
1520 3985 1640 4031 ende
1668 3983 1847 4031 ordre,
1877 3986 1967 4033 ome
1996 3988 2087 4036 mij
2114 3993 2234 4040 daer
2262 3996 2324 4043 na
2351 3999 2412 4045 In
2440 3997 2738 4045 aenstaende

835 4097 899 4144 te
928 4089 1089 4141 mogen
1120 4079 1439 4133 reguleren,
1470 4076 1807 4123 d'advijso.

718 4226 851 4279 Door
883 4223 981 4268 den
1012 4212 1242 4266 soberen
1274 4209 1536 4257 gevallen
1569 4208 1765 4254 reghen
1795 4207 2091 4256 voorleden
2123 4211 2254 4258 hare
2287 4212 2352 4257 in
2384 4209 2549 4257 dees,
2581 4209 2680 4259 als
2711 4216 2748 4264 —

2538 4311 2696 4365 verte

0 987 67 1033 11
100 988 268 1034 decem

0 1072 262 1123 tsedert

0 1158 54 1204 In
78 1155 269 1202 d'selve

0 1245 132 1291 rdre,
157 1245 264 1292 ende

0 1330 230 1379 ende

0 1416 236 1464 lieven.

0 1496 99 1542 van
132 1496 264 1543 Idem

0 1582 270 1629 welckers

0 1666 249 1713 tgeen

0 1747 255 1796 d'subst.

0 1845 97 1892 nde
128 1843 271 1892 madu

0 1930 67 1975 v.
100 1930 167 1975 2.
199 1931 266 1977 d.

0 2014 128 2060 maer
159 2015 268 2062 een

0 2105 64 2151 el
95 2105 256 2150 nemen

0 2190 85 2236 tot
111 2190 251 2239 tijdt

0 2461 129 2507 ture,
154 2461 259 2507 soud

0 2541 264 2589 ende

0 2628 186 2683 ende

0 2713 248 2766 tniet

0 2808 230 2855 langen

0 3060 245 3108 s'comp

0 3149 251 3197 trisic

0 3314 233 3363 tuerich

0 3403 71 3449 e

0 3485 248 3532 doenlijk

0 3577 85 3623 ten
111 3573 254 3622 sware

0 3661 127 3706 selve
152 3659 256 3706 noij

0 3741 169 3789 tresse
195 3740 253 3786 In

0 3837 143 3884 eijcq
172 3838 267 3885 van

0 3924 263 3973 egesien

0 4019 267 4069 slepen

33 4208 241 4255 reecq:

116 4108 249 4156 ende

114 3403 198 3449 aff

133 3236 205 3290 gh
