3567 4801
2704 518 2889 580 846

945 712 1202 781 Jacob
1251 711 1555 758 Jansen
1604 709 1757 756 van
1807 706 2110 754 Londen
2160 704 2262 751 jn
2310 705 2563 752 jndia
2614 703 2968 752 gecomen

870 871 969 920 ao
1016 858 1212 914 1642
1257 842 1407 902 met
1455 832 1699 885 schip
1747 821 2285 879 herderwijck
2333 818 2432 866 in
2478 805 2968 864 qualiteijt

873 996 1038 1049 van
1091 976 1690 1038 Botschieter
1742 974 1798 1021 a
1852 972 2016 1019 ƒ10
2066 970 2179 1018 p.
2232 968 2287 1014 r
2342 961 2614 1013 maent
2662 947 2941 1005 werdt

861 1137 961 1187 op
981 1121 1202 1176 sijn
1250 1120 1691 1171 vertoogh,
1738 1109 1935 1161 ende
1982 1094 2619 1153 Bequaemheijt,
2667 1075 2864 1137 ende

887 1239 1606 1318 Gelegentheijt
1656 1256 1771 1312 d'
1825 1254 1881 1299 E
1916 1233 2156 1297 Comp
2211 1226 2268 1275 e
2319 1217 2541 1267 noch
2593 1211 2929 1267 langer

846 1443 940 1491 jn
986 1429 1220 1487 jndia
1263 1419 1359 1471 te
1404 1407 1685 1462 dienen
1731 1402 1826 1451 d'
1869 1394 2059 1445 novo
2104 1391 2291 1440 voor
2337 1385 2571 1435 drije
2617 1380 2898 1429 achter

858 1583 1004 1634 een
1050 1565 1438 1626 volgende
1483 1543 1773 1600 Jaeren
1820 1535 2014 1587 inde
2060 1529 2303 1580 selve
2349 1521 2882 1576 qualiteijdt

864 1707 1037 1760 van
1092 1691 1729 1748 Botschieter
1784 1669 2418 1740 aengenomen,
2473 1659 2706 1714 ende
2729 1647 2936 1698 een

851 1858 1370 1921 Belooningh
1418 1853 1577 1905 van
1625 1840 2042 1896 twaelff:
2093 1818 2456 1886 guldens
2507 1813 2662 1861 ter
2713 1807 2976 1858 maent

865 2018 1443 2074 toegeleijt,
1493 2004 1914 2062 t'nieuwe
1966 1987 2386 2050 verbandt
2435 1978 2648 2033 ende
2696 1963 2805 2021 de

2456 2071 2629 2132 me

811 2189 1483 2250 verbeteringhe
1530 2173 1689 2232 van
1737 2155 1999 2215 gagie
2049 2143 2257 2197 adij
2305 2138 2515 2188 p:ro
2565 2126 2930 2185 october

855 2334 1123 2401 1645
1181 2287 1848 2365 jnnegaende

902 2565 1338 2624 Hendrick
1389 2552 1774 2609 Janssen
1823 2554 1988 2605 van
2037 2544 2421 2597 alteren
2470 2532 2583 2586 jn
2635 2523 2911 2575 jndia

1006 2666 1130 2724 eee

1825 2689 2045 2739 met
2114 2687 2492 2737 schip

1118 2706 1500 2761 Gecomen
1552 2704 1662 2750 ao
1716 2699 1824 2749 16

1050 2717 1112 2763 E

872 2856 980 2913 in
1029 2834 1540 2896 qualiteijt
1590 2829 1745 2878 van
1794 2822 2154 2872 soldaet
2202 2820 2458 2875 werdt
2509 2819 2612 2865 op
2652 2804 2866 2861 zijn

847 3001 1248 3065 Vertoogh
1266 2976 1493 3039 ende
1539 2953 2188 3017 genegentheijt
2237 2950 2341 2999 d'
2373 2954 2485 3003 E.
2521 2944 2783 2998 Comp.
2827 2945 2882 2994 e

764 3151 1085 3206 langer
1132 3134 1244 3191 jn
1290 3113 1560 3172 jndia
1612 3112 1719 3158 te
1772 3107 2144 3158 dienen,
2195 3106 2460 3157 midts
2509 3103 2991 3154 experatie

805 3301 1096 3351 Sijnes
1141 3292 1527 3352 verbandt
1573 3277 1719 3333 Bij
1764 3263 2007 3319 desen
2054 3264 2151 3311 d'
2185 3255 2391 3310 novo
2438 3247 2631 3298 Voor
2678 3236 2969 3292 drijel

829 3442 1181 3499 achter
1233 3431 1413 3489 een
1469 3407 1935 3473 volgende
1990 3398 2342 3448 jaeren
2396 3382 2515 3438 in
2570 3371 2980 3427 gemelte

812 3585 1439 3653 qualiteijt
1497 3566 1690 3628 van
1745 3550 2186 3600 soldaet
2246 3529 2875 3591 aengenomen

851 3751 1075 3808 ende
1127 3741 1295 3791 een
1321 3723 1903 3781 Belooningh
1958 3718 2124 3766 van
2178 3703 2568 3761 twaelff
2622 3700 3020 3749 guldens

830 3900 939 3949 p.
992 3894 1101 3941 r.
1155 3881 1480 3938 maendt
1533 3863 2132 3926 toegeleijdt
2185 3849 2947 3910 d'verbeteringe

834 4032 997 4088 van
1049 4020 1372 4074 gagie,
1421 4009 1640 4064 ende
1690 4000 1800 4051 't
1853 3992 2175 4043 nieuwe
2224 3983 2658 4037 verbandt
2710 3986 2925 4033 adij

977 4175 1143 4223 P=o
1195 4156 1585 4219 october
1637 4149 1751 4200 ao
1805 4130 2027 4190 1645
2078 4094 2644 4170 jnnegaende

929 4108 1160 4169 mo

677 1255 763 1312 -
