3505 4801
2763 503 2945 563 1010

766 629 946 680 Daer
989 632 1169 680 mede
1213 631 1572 681 gelieven
1616 634 2288 682 taccommodeeren,
2331 631 2511 680 tsal
2553 630 2689 678 hem
2734 630 2913 677 seer

871 734 1092 784 lieff
1135 731 1312 777 ende
1352 726 1754 776 aengenaem
1797 723 2019 771 wesen

749 861 892 910 niet
926 858 1355 908 tegenstaende
1391 858 1605 908 Wed„es
1640 861 1961 909 (:gelijck
1997 862 2318 909 vertrouwe
2353 863 2426 911 :)
2460 868 2567 916 tot
2602 869 2674 915 d'
2709 864 3031 913 aenstaend

861 957 1105 1015 mochas
1144 953 1466 1001 voijagie
1505 952 1626 998 een
1665 950 1907 997 fluijt
1945 951 2147 998 offte
2186 948 2387 996 ander
2426 946 2628 993 schip
2667 947 3030 995 ordineren

877 1057 1042 1105 ende
1082 1049 1329 1101 senden
1369 1045 1658 1093 sullen,
1696 1045 1821 1092 soo
1859 1043 1985 1089 sal
2025 1038 2272 1087 echter
2311 1032 2559 1083 nodich
2600 1031 2806 1077 wesen

870 1158 1091 1208 voort
1135 1152 1357 1202 jacht
1399 1135 1976 1195 valckenburgh.
2018 1130 2418 1180 alderleij
2462 1121 2861 1176 proviesie

846 1267 1232 1330 herwaerts
1274 1252 1614 1310 gesonden
1656 1244 1912 1297 werde,
1953 1238 2124 1287 want
2166 1233 2295 1282 d„o
2335 1231 2506 1278 niet
2548 1228 2719 1276 meer
2761 1227 2891 1274 als

862 1380 1031 1437 voor
1071 1374 1155 1424 10
1195 1360 1485 1416 maenden
1526 1341 2021 1404 geprovideert
2063 1339 2146 1386 is
2184 1331 2517 1382 geweest,
2558 1325 2808 1375 sulcks

822 1469 1193 1535 wanneer
1245 1462 1405 1513 van
1453 1444 1721 1505 Mocha
1772 1434 2037 1487 condt
2089 1432 2195 1478 t'
2248 1410 2884 1478 retourneeren

875 1578 1051 1632 niet
1090 1567 1224 1620 als
1262 1559 1398 1610 van
1441 1551 1660 1603 alles
1702 1550 1834 1598 sal
1875 1547 2008 1594 ond
2048 1537 2356 1593 tbloodt
2397 1528 2619 1582 wesen

874 1675 1044 1728 ende
1085 1661 1339 1716 sonder
1379 1655 1676 1704 versien
1715 1651 1802 1698 te
1843 1646 2097 1696 worden
2136 1637 2308 1690 sijn
2348 1626 2603 1681 reijse
2643 1616 2814 1671 naer

820 1784 1137 1852 Batavia
1180 1772 1409 1828 offte
1454 1760 1635 1816 daer
1679 1753 1907 1804 ued„e
1950 1749 2089 1798 hem
2133 1738 2406 1791 sullen
2448 1724 2814 1781 gelieven

876 1880 1409 1946 t'ordineeren
1451 1865 1897 1923 swaerlijck
1939 1860 2074 1909 sal
2107 1846 2652 1904 performeeren

874 1986 1140 2041 connen
1181 1978 1361 2030 want
1404 1976 1494 2022 de
1535 1968 1847 2022 gecomen
1890 1954 2289 2011 proviesie
2332 1948 2599 1998 voorde
2642 1938 2908 1992 fluijt
2952 1933 2998 1981 —

864 2075 1294 2151 overschiet
1334 2065 1508 2118 ende
1549 2055 1935 2110 naderhant
1975 2047 2148 2100 door
2189 2042 2448 2092 ued=ts
2488 2039 2662 2089 voor
2704 2026 3004 2083 gemelte

887 2185 1133 2248 jacht
1180 2149 1811 2228 geprojecteert
1858 2143 2054 2193 alle
2101 2139 2297 2187 naer
2343 2131 2637 2183 parcia

875 2295 1105 2357 (:tot
1145 2269 1510 2335 behoefte
1554 2259 1692 2314 van
1735 2237 2189 2300 Cruijsende
2232 2222 2551 2280 jachten
2594 2211 2913 2265 aldaer)
2955 2209 3003 2255 —

884 2384 1248 2455 gesonden
1290 2372 1565 2427 hebbe,
1608 2361 1927 2419 gelijck
1967 2345 2198 2403 uEd=s
2241 2328 2470 2389 Bijde
2514 2319 2742 2370 mijne
2785 2318 3064 2371 vanden

864 2518 948 2565 24
981 2489 1316 2561 Januarij
1357 2468 1809 2534 g'adviseert
1847 2464 1932 2511 is

842 2728 997 2780 Een
1044 2714 1253 2767 meer
1303 2704 1510 2756 mosa
1560 2693 1869 2747 sijnde
1916 2686 2127 2738 twee
2177 2677 2486 2730 stucks
2537 2666 2954 2721 Laackens

874 2825 962 2877 (:
1001 2812 1173 2865 door
1210 2801 1426 2855 uEd=s
1467 2795 1595 2844 aen
1636 2789 1765 2839 hem
1806 2781 2102 2831 vereert
2142 2777 2229 2826 :)
2271 2774 2483 2822 vande
2525 2766 2949 2819 ammadabats

875 2897 1376 2964 residenten
1425 2887 1577 2940 ter
1625 2876 1827 2929 hant
1876 2861 2278 2919 gestelt,
2327 2853 2529 2905 ende
2578 2840 2845 2896 heeft

876 3020 1026 3081 d„o
1072 3009 1219 3062 aen
1264 2996 1460 3051 mijn
1505 2971 2038 3038 geschreven,
2085 2964 2230 3012 dat
2277 2957 2423 3007 tot
2469 2948 2616 3000 een
2663 2942 3002 2991 Teecken

2847 3023 2881 3069 s

877 3125 1024 3177 der
1063 3083 1744 3169 sanckbaerheijt
1790 3078 1888 3128 jn
1935 3057 2416 3121 recompence
2464 3056 2609 3103 aen
2656 3055 2898 3102 ued=e

876 3219 1090 3275 ijets
1130 3203 1386 3260 senden
1426 3195 1682 3246 soude,
1723 3192 1894 3239 doch
1935 3181 2148 3236 offte
2188 3176 2275 3225 nu
2316 3169 2571 3220 effect
2612 3162 2994 3214 sorteeren

883 3333 1009 3385 sal
1047 3312 1422 3375 twijffele
1462 3291 2001 3355 grootelijcks,
2042 3274 2415 3335 aengesien
2455 3265 2622 3317 voor
2661 3257 2995 3308 weijnich

884 3449 1108 3508 dagen
1150 3437 1286 3491 Bij
1328 3427 1464 3479 den
1505 3407 1821 3470 Conincq
1866 3387 2268 3450 ontbooden
2312 3380 2492 3430 ende
2536 3376 2715 3422 uijt
2759 3378 3075 3437 ammado:

877 3550 1182 3616 gelicht
1219 3538 1355 3590 is.

894 3792 1071 3847 hier
1112 3783 1371 3835 nevens
1411 3776 1627 3828 onder
1669 3772 1799 3821 NE.
1833 3767 1927 3816 23
1967 3759 2141 3812 gaet
2183 3756 2313 3804 een
2354 3745 2741 3799 Catalogus
2781 3743 2915 3793 van

887 3890 1161 3945 eenige
1205 3870 1752 3932 medicamenten
1797 3866 1934 3914 die
1975 3856 2161 3910 hier
2206 3841 2707 3899 noodwendich
2751 3833 2934 3884 ende

885 3972 1511 4045 principalijck
1556 3966 1656 4015 nu
1703 3959 1896 4009 hier
1942 3941 2281 4002 vrouwen
2328 3936 2425 3985 en
2473 3926 2858 3980 kinderen

864 4110 1036 4172 sijn
1076 4093 1290 4152 (:die
1330 4080 1544 4136 veele
1585 4067 1883 4123 meserie
1924 4052 2222 4111 subject
2263 4039 2476 4095 sijn)
2516 4031 2645 4082 van
2686 4026 2857 4076 doen

905 4224 1205 4289 hebben
1246 4207 1652 4267 daeromme
1699 4186 2150 4251 versoecke
2198 4152 2897 4229 reverentelijck
2942 4147 2997 4196 —

882 4357 977 4409 op
1006 4340 1249 4399 uEd=s
1293 4332 1433 4384 dat
1467 4324 1615 4375 ons
1654 4302 1981 4366 Conform
2024 4293 2210 4346 dien
2253 4275 2575 4335 gelieve
2619 4270 2712 4319 te
2757 4263 2998 4315 laten

2302 4414 2953 4487 provideeren

0 624 233 674 ges

0 722 24 768 e

0 807 248 856 itsgord=

0 908 232 956 hadde

0 1009 264 1057 ebben)

0 1803 232 1851 eijst

0 2122 92 2167 en

0 2390 173 2438 lle

119 2845 217 2891 ons

124 2902 160 2947 d

161 3259 212 3305 n

0 4200 190 4247 sten

3001 656 3037 702 k
