3567 4801
2771 572 2927 630 99

668 612 1130 671 January
1194 601 1457 653 1646

918 841 979 893 In
1003 823 1338 883 soutecourijn
1366 822 1505 868 waren
1532 822 1588 868 in
1615 819 1866 867 september
1893 818 1949 864 en
1976 817 2171 863 october
2197 815 2421 862 verleden
2446 813 2476 860 2
2504 808 2754 858 engelsche
2780 803 2977 854 sachten
3002 808 3031 853 —

908 936 990 987 uyt
1015 931 1233 984 souratta
1258 920 1556 975 g'arriveert
1582 918 1664 965 die
1689 913 1853 962 aldaer
1879 911 1987 957 over
2014 911 2068 956 d'
2094 910 2176 955 200
2203 907 2365 955 packen
2392 904 2527 952 meest
2552 900 2688 948 grove
2714 891 2985 945 sorteringe

923 1037 1079 1091 cleden
1102 1032 1181 1081 wel
1206 1030 1259 1076 20
1283 1028 1310 1074 a
1335 1028 1387 1073 25
1413 1028 1464 1073 p.
1489 1027 1516 1073 r
1541 1026 1593 1071 C.
1619 1026 1645 1071 o
1669 1018 1850 1070 dierder
1875 1016 1953 1063 als
1978 1013 2211 1061 ordinaire
2236 1010 2546 1059 aengeslaegen
2570 1003 2752 1054 hebben,
2776 1001 2880 1048 naer

926 1143 1106 1200 gerucht
1128 1134 1283 1187 wierdt
1307 1129 1434 1178 soude
1459 1127 1510 1173 d'
1534 1124 1611 1172 als
1636 1123 1712 1169 aer
1737 1121 1788 1167 t'
1812 1115 1990 1165 allende
2015 1112 2167 1159 Cleden
2192 1112 2294 1158 Inde
2318 1110 2547 1157 Manhilles
2571 1110 2648 1156 van
2672 1108 2724 1154 1„
2749 1105 2850 1153 3„4„
2875 1105 2900 1150 a
2925 1100 2977 1149 5-

930 1245 1201 1300 gemaeckt
1232 1235 1454 1289 Werden

775 1426 892 1484 Bij
921 1405 1166 1478 missive
1200 1401 1307 1448 van
1341 1399 1412 1446 d'
1447 1396 1553 1442 H:r
1586 1385 1939 1439 Gouverneur
1974 1383 2115 1429 Joan
2149 1382 2432 1430 Coijssen
2466 1381 2537 1427 In
2571 1376 2713 1424 dato
2747 1375 2783 1421 6
2815 1367 3030 1419 decemb

935 1503 1119 1564 passado
1144 1500 1274 1548 werdt
1298 1494 1582 1544 g'adviseert
1608 1492 1763 1539 hoedat
1788 1489 1866 1537 ten
1891 1486 2072 1534 aensien
2097 1485 2175 1531 met
2201 1485 2252 1530 d'
2277 1481 2536 1529 portugesen
2561 1480 2690 1526 wegen
2715 1479 2742 1524 2
2767 1477 2976 1524 plaetsen
2996 1478 3026 1526 —

960 1607 1148 1659 visnaga
1175 1605 1282 1652 ende
1309 1600 1469 1650 Houlou
1495 1596 1710 1644 geheeten
1737 1594 1817 1641 die
1844 1593 1924 1639 hun
1950 1592 2004 1637 t'
2030 1591 2219 1637 onrecht
2244 1590 2327 1636 soo
2352 1591 2406 1637 d'
2431 1582 2727 1636 Inwooneeren
2751 1575 2914 1625 seggen

928 1709 1290 1772 g'approprieert
1315 1705 1470 1753 hebben
1495 1704 1547 1750 en
1572 1698 1779 1748 questien
1803 1695 1907 1742 sijn
1933 1695 2036 1740 sich
2060 1691 2164 1739 voor
2190 1688 2395 1736 weijnich
2421 1683 2550 1733 tijts
2574 1681 2679 1727 Inde
2702 1667 2945 1727 fortchese

933 1819 1123 1873 Negombo
1149 1814 1283 1862 hadde
1309 1809 1499 1858 begeven
1524 1807 1633 1853 omme
1658 1805 1741 1852 met
1767 1804 1848 1849 den
1874 1803 1929 1848 E.
1954 1797 2197 1848 president
2224 1795 2440 1842 Nicolaes
2465 1791 2601 1839 Iacob
2628 1790 2682 1836 en
2708 1785 2951 1835 overschie
2976 1784 3004 1829 —

932 1933 1010 1982 als
1034 1930 1110 1977 ede
1134 1925 1311 1975 verdere
1336 1922 1588 1970 aenwesende
1611 1914 1864 1966 offecieren
1888 1911 1940 1958 te
1964 1907 2166 1955 beraetes
2189 1901 2367 1952 plegen,
2391 1899 2467 1946 wat
2492 1895 2618 1944 desen
2643 1890 2870 1940 aengaende
2894 1890 2971 1938 tot

925 2033 1142 2087 weistane
1169 2030 1251 2077 der
1277 2026 1521 2075 generaele
1548 2023 1684 2071 Comp.
1709 2021 1738 2067 e
1763 2019 1819 2064 te
1845 2017 1954 2064 doen
1980 2015 2144 2062 stont,
2170 2013 2279 2059 ende
2304 2009 2360 2056 ss
2387 2007 2495 2054 naer
2522 2000 2766 2051 overlegen
2791 1995 2874 2043 van
2899 1993 2928 2039 —

917 2147 1096 2205 saecken
1120 2144 1247 2192 goedt
1271 2138 1498 2188 gevonden,
1523 2137 1598 2183 dat
1622 2134 1724 2182 sijn
1749 2134 1799 2179 E.
1823 2132 1925 2179 sich
1949 2129 2050 2176 naer
2075 2125 2252 2174 Columbo
2276 2124 2352 2170 met
2376 2119 2704 2169 'tfluijtschip
2727 2116 2804 2164 den
2829 2113 3008 2161 Coninck

904 2272 984 2320 van
1007 2263 1142 2314 Volen
1167 2249 1512 2306 transporteren
1536 2245 1644 2293 sal,
1669 2242 1750 2290 ome
1775 2241 1829 2286 't
1855 2239 1961 2285 gene
1986 2236 2252 2283 aldaehrten
2277 2230 2463 2281 dienste
2489 2226 2622 2274 onser
2647 2215 2965 2270 principaelen

930 2374 1268 2441 gerequireert
1293 2369 1463 2419 voerdt
1489 2365 1574 2413 met
1600 2361 1685 2410 den
1713 2356 1936 2406 generael
1962 2354 2019 2400 te
2047 2349 2357 2399 verhandelen

899 2529 1191 2599 geroerde
1225 2520 1440 2571 fluijt
1474 2515 1654 2565 staet
1689 2514 1796 2559 met
1829 2508 1974 2559 1500
2008 2502 2223 2551 fardes
2257 2491 2472 2546 Caneel
2506 2487 2615 2535 die
2649 2471 2900 2530 omtrent

911 2648 991 2695 350
1012 2633 1149 2692 bhaer
1174 2627 1412 2677 bedraeght
1438 2624 1544 2671 naer
1570 2616 1993 2669 verrichtersaecke
2018 2613 2072 2660 in
2098 2607 2310 2658 Colmmbes
2336 2603 2468 2651 bhaer
2495 2601 2574 2648 god
2599 2598 2679 2644 den
2706 2591 2923 2643 Voorsten

942 2740 1152 2796 benevens
1176 2733 1361 2784 d'13630
1384 2730 1439 2776 lb
1464 2725 1621 2775 Indigo
1646 2723 1726 2770 uyt
1751 2719 1908 2768 kunnen
1933 2715 2091 2763 daerin
2116 2708 2456 2760 overgescheept
2481 2703 2561 2751 als
2585 2702 2639 2747 d'
2663 2696 2853 2747 Verdere

941 2837 1368 2903 Coopmanschappen
1394 2832 1509 2880 door
1536 2830 1622 2876 den
1650 2824 1991 2875 Opvercoopman
2017 2815 2218 2868 Adriaen
2245 2808 2417 2859 Vander
2444 2801 2615 2852 meijde
2643 2800 2700 2845 en
2727 2795 2909 2844 govert

931 2953 1216 3013 Crackouwn,
1242 2950 1358 2998 naer
1386 2946 1585 2994 Batavia
1611 2943 1670 2990 te
1697 2933 1982 2986 ravigeren,
2009 2928 2124 2976 noch
2152 2920 2379 2972 gelijcke
2406 2910 2691 2964 quantiteyt
2718 2902 2890 2954 Caneel
2917 2899 2947 2946 —

930 3074 1012 3124 als
1036 3066 1171 3118 boven
1197 3060 1382 3111 geseght
1408 3055 1541 3104 breef
1567 3048 1727 3099 binnen
1753 3045 1886 3092 Gaele
1912 3043 1992 3089 als
2018 3037 2178 3087 mature
2202 3026 2496 3081 overleggen,
2520 3020 2628 3070 waer
2652 3015 2734 3064 toe
2759 3008 2866 3059 niet
2891 3006 2974 3053 dan

920 3176 1123 3235 scheeps
1151 3167 1351 3220 ruijmte
1379 3163 1609 3212 ontbracg
1634 3159 1751 3209 omme
1778 3155 1894 3204 naer
1920 3150 2122 3199 Batavia
2150 3143 2408 3194 tevoeren,
2435 3137 2522 3186 soo
2549 3129 2722 3180 stondt
2746 3120 2865 3173 door

940 3294 994 3341 d'
1019 3288 1179 3338 Caneel
1204 3278 1442 3331 schelders
1466 3271 1600 3321 tegen
1625 3268 1732 3315 ult.
1758 3269 1785 3315 o
1808 3265 2022 3315 Januarij
2048 3264 2153 3310 noch
2180 3256 2391 3309 ongevaer
2416 3251 2496 3299 500
2520 3243 2681 3294 fardos
2704 3235 2918 3287 gelevert
2939 3227 3016 3279 te

928 3387 1118 3437 werden,
1144 3384 1280 3431 sulcx
1306 3381 1388 3428 dat
1414 3380 1469 3425 d'
1494 3375 1740 3425 gandtsche
1766 3371 1902 3419 somme
1928 3368 2091 3415 Caneel
2117 3365 2199 3412 die
2224 3360 2361 3409 deser
2386 3353 2523 3405 haere
2550 3343 2794 3397 Verloopen
2818 3341 2849 3387 —

930 3496 1104 3555 bijden
1130 3489 1329 3540 anderen
1355 3486 1414 3534 te
1441 3482 1639 3531 becomen
1666 3478 1724 3526 (t
1751 3473 1949 3523 onheijl
1976 3472 2203 3518 buijten)
2231 3469 2316 3517 uyt
2340 3462 2429 3514 800
2455 3458 2597 3506 bhaer
2624 3453 2710 3501 sal
2737 3442 2935 3496 bestaen

925 3639 997 3686 d'
1032 3638 1357 3687 Eliphants
1392 3630 1645 3681 panghst
1680 3627 1789 3674 was
1824 3615 2222 3672 doorgebreck
2256 3608 2366 3659 van
2400 3600 2546 3650 niet
2580 3589 3007 3644 genoechsaem

947 3732 1319 3797 Tammebeesten
1349 3731 1411 3776 t'
1440 3720 1627 3774 hebben
1658 3718 1906 3765 Weijnich
1936 3715 2246 3764 gevoordert
2274 3711 2339 3759 't
2369 3703 2679 3756 gandschege
2710 3702 2803 3748 sal
2833 3695 2927 3746 dat

923 3835 979 3882 in
1005 3829 1173 3881 mature
1200 3822 1422 3873 behalven
1449 3821 1477 3867 9
1504 3820 1588 3866 die
1615 3819 1671 3864 in
1699 3817 1866 3864 Corael
1892 3812 2143 3863 gestorven
2169 3808 2337 3856 bemen,
2364 3806 2420 3852 op
2447 3805 2503 3851 sy
2529 3798 2781 3850 gebraght,
2806 3789 3003 3841 bestaet

930 3942 1014 3989 uit
1041 3940 1098 3987 12
1123 3935 1209 3983 str
1234 3929 1430 3979 waervan
1455 3927 1541 3973 den
1567 3920 1874 3970 alderbesten
1901 3913 2151 3965 omgecomen
2177 3909 2262 3957 Is,
2289 3903 2428 3953 sulcx
2455 3902 2566 3947 maer
2592 3900 2650 3947 u1
2677 3897 2798 3945 wees

928 4045 1121 4099 overigh
1147 4038 1314 4090 bleeft
1339 4034 1423 4082 van
1450 4026 1616 4079 welcke
1642 4024 1698 4070 d'
1723 4018 2000 4068 portugesen
2026 4012 2219 4062 volgens
2244 4002 2466 4056 Contract
2492 3997 2576 4045 met
2603 3995 2686 4041 hun
2712 3984 2960 4039 gemweecke

923 4150 987 4198 d'
1016 4140 1175 4193 heeft
1203 4123 1550 4183 Competeert,
1580 4114 1831 4167 Invougen
1862 4113 2050 4160 d'onse
2080 4112 2175 4158 tot
2205 4104 2457 4156 SVanghst
2487 4101 2582 4149 van
2612 4099 2676 4145 't
2706 4093 2959 4143 aenstaen

918 4246 1045 4302 Iaer
1073 4238 1198 4289 niet
1227 4231 1353 4282 meer
1383 4228 1476 4275 als
1505 4226 1537 4272 5
1568 4218 1815 4271 resteren
1845 4210 1970 4262 sal,

158 827 231 879 m

164 1087 245 1132 aere

0 1086 73 1132 and

0 1309 80 1354 es

137 1305 259 1353 atam

160 1957 246 2007 el

0 2186 178 2233 omen

0 2409 263 2456 ontribuser

142 3374 204 3419 nen

0 3483 36 3529 dig

0 3593 95 3639 mbo
120 3589 193 3637 en
