<?xml version="1.0" encoding="UTF-8"?>
<PcGts xmlns="http://schema.primaresearch.org/PAGE/gts/pagecontent/2013-07-15">
  <Metadata externalRef="80f60dee-e468-43de-a98e-bfaa53ed19dc">
    <Creator>Laypa</Creator>
    <Created>2023-09-08T02:19:38</Created>
    <LastChange>2023-09-08T03:38:16</LastChange>
    <Comment>license: CC0</Comment>
    <MetadataItem type="processingStep" name="layout-analysis" value="laypa">
      <Labels>
        <Label value="228a7d24385cff0e51687c00d0e65a2c2a9703d5" type="githash"/>
        <Label value="61334eb4-edff-4af5-b036-b5927f35bbcf" type="uuid"/>
        <Label value="https://hdl.handle.net/10622/VMSCBR" type="laypamodelremote"/>
      </Labels>
    </MetadataItem>
    <MetadataItem type="processingStep" name="region-analysis" value="laypa">
      <Labels>
        <Label value="0a3442b4-835c-44bc-9115-3fd08263a5dc" type="uuid"/>
        <Label value="https://hdl.handle.net/10622/DMAS2T" type="laypamodelremote"/>
      </Labels>
    </MetadataItem>
    <MetadataItem type="processingStep" name="htr" value="loghi-htr">
      <Labels>
        <Label value="9efb3e0ff4338dc6e07d110ac4d435f27f5b0e16&#10;" type="githash"/>
        <Label value="3a9bdaa3-493c-483e-bbb2-f51961b8e5a0" type="uuid"/>
        <Label value="64" type="batch_size"/>
        <Label value="https://hdl.handle.net/10622/X2JZYY" type="loghihtrmodelremote"/>
      </Labels>
    </MetadataItem>
    <MetadataItem type="processingStep" name="word-splitting" value="loghi-htr-tooling"/>
    <MetadataItem type="other" name="dataset" value="https://hdl.handle.net/10622/LVXSBW">
      <Labels>
        <Label value="VOC transcriptions v2 - GLOBALISE" type="name"/>
        <Label value="Dataset in pagexml and txt format, including data card." type="description"/>
        <Label value="https://globalise.huygens.knaw.nl/" type="creator"/>
        <Label value="https://hdl.handle.net/10622/LVXSBW" type="url"/>
      </Labels>
    </MetadataItem>
  </Metadata>
  <Page imageFilename="NL-HaNA_1.04.02_1161_0539.jpg" imageWidth="3567" imageHeight="4801">
    <ReadingOrder>
      <OrderedGroup id="orderedgroup_8eeb45c7-3c45-4083-adae-5bd16d534008">
        <RegionRefIndexed index="0" regionRef="region_c8d16ad4-2ee4-4d40-aa3f-9e8b7bdb3ed1_3"/>
        <RegionRefIndexed index="1" regionRef="region_005342c4-5b3e-4327-bd1b-9ee25bea5443_5"/>
        <RegionRefIndexed index="2" regionRef="region_ebba59dc-fd2d-4ae8-a12c-b973ffcb8d7f_4"/>
        <RegionRefIndexed index="3" regionRef="region_e07faf25-7030-4a83-bf2d-d80cb699809e_2"/>
        <RegionRefIndexed index="4" regionRef="region_240dc325-8c6a-43a5-bdde-77802076ef9b_1"/>
        <RegionRefIndexed index="5" regionRef="c0919f8b-3932-4e72-adf8-bf52e668ff5e"/>
      </OrderedGroup>
    </ReadingOrder>
    <TextRegion id="region_c8d16ad4-2ee4-4d40-aa3f-9e8b7bdb3ed1_3" custom="structure {type:page-number;}">
      <Coords points="2696,456 2696,460 2693,463 2693,467 2689,470 2689,474 2686,477 2686,488 2689,491 2689,505 2693,509 2693,544 2696,547 2696,554 2700,557 2700,561 2721,582 2724,582 2738,596 2741,596 2745,599 2752,599 2755,603 2762,603 2766,606 2769,606 2776,613 2797,613 2801,610 2891,610 2895,606 2898,606 2898,603 2902,599 2902,596 2909,589 2909,585 2912,582 2912,578 2919,571 2919,568 2923,564 2923,561 2919,557 2919,491 2912,484 2912,481 2909,481 2905,477 2902,477 2898,474 2895,474 2891,470 2884,470 2881,467 2877,467 2874,463 2870,463 2867,460 2860,460 2856,456 2835,456 2832,453 2818,453 2815,449 2808,449 2804,446 2794,446 2790,442 2780,442 2776,439 2721,439 2717,442 2710,442"/>
      <TextLine id="d4e28c3b-1d43-4de8-b818-cd0f9387c34a">
        <Coords points="2691,472 2788,472 2800,484 2931,484 2931,572 2800,573 2740,625 2691,625"/>
        <Baseline points="2734,553 2784,556 2834,557 2884,555 2889,551"/>
        <Word id="word_7b1d75cc-ccff-4ca4-9473-88b198a31ca6">
          <Coords points="2736,518 2786,521 2835,522 2867,524 2883,520 2895,559 2884,565 2834,567 2783,566 2733,563"/>
          <TextEquiv>
            <Unicode>849</Unicode>
          </TextEquiv>
        </Word>
        <TextEquiv conf="0.9988684570829045">
          <Unicode>849</Unicode>
        </TextEquiv>
        <TextStyle xHeight="55"/>
      </TextLine>
    </TextRegion>
    <TextRegion id="region_005342c4-5b3e-4327-bd1b-9ee25bea5443_5" custom="structure {type:header;}">
      <Coords points="923,700 930,707 934,707 941,714 944,714 947,718 951,718 954,721 961,721 965,725 979,725 982,721 1000,721 1003,725 1014,725 1017,721 1024,721 1028,718 1031,718 1038,711 1045,711 1049,707 1052,707 1055,704 1059,704 1062,700 1066,700 1073,693 1094,693 1118,669 1118,665 1122,662 1122,658 1129,652 1129,641 1125,638 1125,627 1122,624 1122,617 1115,610 1115,606 1111,603 1115,599 1108,592 1104,592 1101,589 1094,589 1090,585 1059,585 1055,582 1028,582 1024,585 1003,585 1000,582 993,582 989,578 986,578 982,575 961,575 958,578 954,578 951,582 951,585 947,589 947,603 944,606 944,620 941,624 941,634 937,638 937,641 934,645 934,655 930,658 930,676 927,679 927,697"/>
    </TextRegion>
    <TextRegion id="region_ebba59dc-fd2d-4ae8-a12c-b973ffcb8d7f_4" custom="structure {type:header;}">
      <Coords points="1153,648 1156,648 1167,658 1170,658 1174,662 1177,662 1181,665 1188,665 1198,676 1202,676 1209,683 1212,683 1216,686 1226,686 1230,683 1237,683 1240,686 1251,686 1254,690 1258,690 1261,693 1268,693 1271,697 1278,697 1282,700 1292,700 1296,704 1306,704 1310,707 1327,707 1331,711 1435,711 1439,707 1473,707 1477,711 1494,711 1498,707 1543,707 1547,704 1585,704 1588,700 1627,700 1630,697 1648,697 1651,693 1672,693 1676,690 1700,690 1703,686 1714,686 1717,683 1724,683 1728,679 1731,679 1735,676 1738,676 1742,672 1745,672 1749,669 1752,669 1759,662 1763,662 1777,648 1777,641 1770,634 1770,620 1780,610 1766,610 1763,606 1745,606 1742,603 1731,603 1728,599 1721,599 1717,596 1703,596 1700,592 1669,592 1665,589 1658,589 1655,592 1644,592 1641,589 1536,589 1533,585 1526,585 1522,582 1512,582 1508,578 1494,578 1491,575 1393,575 1390,578 1355,578 1352,582 1324,582 1320,585 1313,585 1310,589 1303,589 1299,592 1278,592 1275,596 1254,596 1251,599 1219,599 1219,603 1212,610 1212,613 1198,627 1198,631 1195,634 1191,634 1188,638 1181,638 1177,641 1170,641 1167,645 1156,645"/>
    </TextRegion>
    <TextRegion id="region_e07faf25-7030-4a83-bf2d-d80cb699809e_2" custom="structure {type:paragraph;}">
      <Coords points="843,798 833,819 829,843 833,1028 826,1059 829,1132 822,1160 822,1188 833,1233 833,1334 839,1362 839,1484 833,1547 833,1658 826,1700 826,1798 833,1822 836,1888 846,1923 846,2038 860,2056 892,2066 965,2059 1191,2059 1254,2052 1355,2059 1644,2059 1780,2045 1961,2042 1996,2035 2027,2017 2045,1993 2055,1941 2062,1930 2104,1913 2282,1906 2431,1909 2539,1899 2679,1895 2762,1885 2835,1885 2877,1895 2905,1895 2919,1902 2961,1895 2978,1885 2985,1871 2982,1777 2996,1739 2996,1686 2982,1655 2982,1498 2999,1456 3003,1373 2989,1254 2985,1160 2978,1132 2982,1031 2961,941 2968,854 2954,770 2957,721 2950,690 2937,676 2930,652 2902,613 2801,613 2714,627 2487,631 2292,613 1784,610 1773,620 1780,648 1752,672 1700,693 1494,714 1331,714 1282,704 1237,686 1216,690 1150,648 1156,641 1195,631 1216,599 1132,596 1115,603 1125,617 1132,652 1094,697 1073,697 1014,728 982,725 979,742 968,753 947,760 899,763 871,773"/>
      <TextLine id="f4529285-0d6a-44ad-98c4-5463e8e6390a">
        <Coords points="731,647 1058,643 1109,632 1125,616 1209,615 1233,639 1249,639 1286,662 1405,548 1417,548 1433,535 1489,535 1512,555 1530,540 1593,603 1621,620 1669,576 1751,575 1797,619 1868,619 1904,647 2004,552 2404,548 2460,544 2468,536 2504,531 2580,531 2676,623 2740,624 2776,595 2933,595 2933,683 2808,680 2773,711 2368,708 2360,716 2068,720 2008,711 1805,707 1730,778 1717,768 1449,766 1433,777 1237,774 1189,758 1133,758 1117,743 877,744 853,727 731,736"/>
        <Baseline points="774,715 824,705 874,701 924,700 974,697 1024,693 1074,692 1124,691 1174,690 1224,688 1274,687 1324,686 1374,685 1424,684 1474,684 1524,683 1574,683 1624,682 1674,683 1724,683 1774,681 1824,678 1874,677 1924,677 1974,675 2024,675 2074,676 2124,675 2174,674 2224,673 2274,672 2324,670 2374,670 2424,671 2474,671 2524,670 2574,668 2624,669 2674,667 2724,666 2774,665 2824,666 2874,666 2891,662"/>
        <Word id="word_e3baedb9-2ac2-4a1a-8a07-164d7852d06b">
          <Coords points="767,681 817,671 871,666 923,665 972,662 1021,658 1073,657 1123,656 1173,655 1183,655 1185,700 1174,700 1124,701 1074,702 1025,703 975,707 924,710 875,711 826,715 776,725"/>
          <TextEquiv>
            <Unicode>Lubbert</Unicode>
          </TextEquiv>
        </Word>
        <Word id="word_15e8d56e-b4ca-4632-8168-68eb18a8a8d4">
          <Coords points="1243,652 1274,652 1323,651 1373,650 1423,649 1474,649 1523,648 1574,648 1623,647 1675,648 1724,648 1773,646 1822,643 1831,643 1832,688 1825,688 1774,691 1724,693 1674,693 1624,692 1574,693 1524,693 1474,694 1424,694 1374,695 1324,696 1274,697 1244,697"/>
          <TextEquiv>
            <Unicode>Cornelisen</Unicode>
          </TextEquiv>
        </Word>
        <Word id="word_b64fee5a-029d-41fb-9bb7-082746674e25">
          <Coords points="1891,642 1924,642 1973,640 2024,640 2068,641 2067,686 2024,685 1974,685 1924,687 1891,687"/>
          <TextEquiv>
            <Unicode>van</Unicode>
          </TextEquiv>
        </Word>
        <Word id="word_69890cd4-f091-4d0e-badc-9c12f97b711e">
          <Coords points="2124,642 2172,639 2223,638 2273,637 2323,635 2374,635 2425,636 2474,636 2479,636 2480,681 2474,681 2424,681 2374,680 2324,680 2274,682 2224,683 2175,684 2127,687"/>
          <TextEquiv>
            <Unicode>swarte</Unicode>
          </TextEquiv>
        </Word>
        <Word id="word_b690b091-ac8a-4781-aedb-8a242958488a">
          <Coords points="2537,635 2572,633 2625,634 2673,632 2723,631 2773,630 2825,631 2874,631 2883,628 2893,672 2874,676 2824,676 2774,675 2724,676 2674,677 2624,679 2574,678 2539,680"/>
          <TextEquiv>
            <Unicode>sluijs</Unicode>
          </TextEquiv>
        </Word>
        <TextEquiv conf="0.9354814205609998">
          <Unicode>Lubbert Cornelisen van swarte sluijs</Unicode>
        </TextEquiv>
        <TextStyle xHeight="43"/>
      </TextLine>
      <TextLine id="b30a1420-63db-4e6a-989b-dd4126a1cece">
        <Coords points="814,728 852,727 876,744 1116,743 1144,768 1223,763 1235,775 1391,775 1403,787 1445,796 1479,767 1717,767 1728,775 1807,697 2776,692 2784,700 2841,700 2857,715 2962,715 2962,803 2809,803 2773,836 2749,835 2733,820 1787,824 1767,840 1683,840 1647,864 1611,876 1040,872 1024,888 1008,892 814,892"/>
        <Baseline points="857,843 907,842 957,841 1007,841 1057,838 1107,834 1157,831 1207,829 1257,827 1307,824 1357,822 1407,821 1457,819 1507,817 1557,815 1607,813 1657,812 1707,811 1757,811 1807,809 1857,808 1907,807 1957,806 2007,805 2057,803 2107,801 2157,798 2207,796 2257,793 2307,791 2357,790 2407,789 2457,788 2507,788 2557,788 2607,788 2657,787 2707,784 2757,783 2807,781 2857,779 2907,779 2920,782"/>
        <Word id="word_972ae949-d970-4957-aed9-5ada91df79b7">
          <Coords points="856,808 906,807 956,806 960,806 960,851 957,851 907,852 857,853"/>
          <TextEquiv>
            <Unicode>jn</Unicode>
          </TextEquiv>
        </Word>
        <Word id="word_cd708660-7d56-4c09-8f87-24edb819ec20">
          <Coords points="1010,806 1055,803 1104,799 1155,796 1206,794 1256,792 1267,791 1270,836 1257,837 1207,839 1158,841 1108,844 1058,848 1012,851"/>
          <TextEquiv>
            <Unicode>jndia</Unicode>
          </TextEquiv>
        </Word>
        <Word id="word_1fce46c5-a542-4917-a183-4e6ca9044bbe">
          <Coords points="1320,788 1356,787 1406,786 1456,784 1506,782 1556,780 1606,778 1656,777 1681,777 1682,821 1657,822 1607,823 1557,825 1507,827 1457,829 1407,831 1357,832 1321,833"/>
          <TextEquiv>
            <Unicode>gecomen</Unicode>
          </TextEquiv>
        </Word>
        <Word id="word_4c834561-7d78-4869-9e6f-a2f965089a17">
          <Coords points="1735,775 1758,776 1806,774 1836,773 1837,818 1807,819 1757,821 1734,820"/>
          <TextEquiv>
            <Unicode>ao</Unicode>
          </TextEquiv>
        </Word>
        <Word id="word_9a1eb13a-cab5-49c6-82ce-b80b51630bcc">
          <Coords points="1888,772 1906,772 1956,771 2006,770 2056,768 2094,767 2095,811 2057,813 2007,815 1957,816 1907,817 1889,817"/>
          <TextEquiv>
            <Unicode>1637</Unicode>
          </TextEquiv>
        </Word>
        <Word id="word_dacc68b5-16b2-463c-a4a7-db83a726c934">
          <Coords points="2142,765 2152,763 2206,761 2255,758 2300,756 2301,801 2258,803 2207,806 2158,808 2148,809"/>
          <TextEquiv>
            <Unicode>met</Unicode>
          </TextEquiv>
        </Word>
        <Word id="word_3bcf2b4c-aae8-4402-91b3-9fe409a3a1cb">
          <Coords points="2359,755 2364,756 2406,754 2456,753 2507,753 2557,753 2607,753 2610,753 2611,798 2607,798 2557,798 2507,798 2457,798 2407,799 2355,800 2351,799"/>
          <TextEquiv>
            <Unicode>schip</Unicode>
          </TextEquiv>
        </Word>
        <Word id="word_1946fed5-12d4-442e-b147-e76dd77b8c46">
          <Coords points="2660,752 2705,749 2756,748 2806,746 2856,744 2907,744 2928,748 2918,792 2907,789 2857,789 2807,791 2757,793 2708,794 2663,797"/>
          <TextEquiv>
            <Unicode>wesel</Unicode>
          </TextEquiv>
        </Word>
        <TextEquiv conf="0.8935625880332516">
          <Unicode>jn jndia gecomen ao 1637 met schip wesel</Unicode>
        </TextEquiv>
        <TextStyle xHeight="43"/>
      </TextLine>
      <TextLine id="line_7562d8ab-1b4a-4b2d-9e43-2c06e89fa5a3">
        <Coords points="805,899 987,899 1023,888 1039,872 1611,876 1647,864 1683,840 1767,840 1787,823 2339,827 2434,819 2733,819 2758,843 2823,844 2823,932 2390,933 2330,960 1775,960 1747,988 1719,1000 805,995"/>
        <Baseline points="848,970 898,968 948,963 998,961 1048,958 1098,956 1148,950 1198,946 1248,945 1298,944 1348,942 1398,942 1448,942 1498,941 1548,939 1598,937 1648,937 1698,935 1748,934 1798,933 1848,931 1898,925 1948,922 1998,919 2048,918 2098,916 2148,916 2198,916 2248,914 2298,914 2348,914 2398,914 2448,914 2498,913 2548,912 2598,913 2648,914 2698,912 2748,911 2781,911"/>
        <Word id="word_626ea9d8-be79-4df6-9013-439b8f9121e7">
          <Coords points="847,935 897,933 945,928 997,926 1039,923 1042,968 998,971 949,973 898,978 848,980"/>
          <TextEquiv>
            <Unicode>voor</Unicode>
          </TextEquiv>
        </Word>
        <Word id="word_8ef19e12-1982-4b50-bbfe-74b4565640d5">
          <Coords points="1091,921 1100,921 1144,915 1195,911 1247,910 1297,909 1347,907 1398,907 1448,907 1475,906 1476,951 1448,952 1398,952 1348,952 1298,954 1248,955 1199,956 1149,960 1097,966 1089,966"/>
          <TextEquiv>
            <Unicode>soldaet,</Unicode>
          </TextEquiv>
        </Word>
        <Word id="word_4ec41431-9c98-4cb6-9b80-ac52e25680b9">
          <Coords points="1522,906 1546,904 1597,902 1648,902 1697,900 1717,900 1718,945 1698,945 1648,947 1598,947 1549,949 1525,950"/>
          <TextEquiv>
            <Unicode>wert</Unicode>
          </TextEquiv>
        </Word>
        <Word id="word_186fb72a-9c15-4269-ab57-c99cf64f9616">
          <Coords points="1765,899 1797,898 1847,896 1858,895 1864,939 1848,941 1798,943 1766,944"/>
          <TextEquiv>
            <Unicode>op</Unicode>
          </TextEquiv>
        </Word>
        <Word id="word_0b9c651e-9135-482a-a315-b37a27666422">
          <Coords points="1909,889 1947,887 1996,884 2047,883 2097,881 2104,881 2104,926 2098,926 2048,928 1999,929 1948,932 1911,933"/>
          <TextEquiv>
            <Unicode>sijn</Unicode>
          </TextEquiv>
        </Word>
        <Word id="word_e1938ea1-2254-4e10-908b-ae9628697eb8">
          <Coords points="2152,881 2198,881 2247,879 2298,879 2348,879 2398,879 2448,879 2497,878 2538,877 2539,922 2498,923 2448,924 2398,924 2348,924 2298,924 2248,924 2198,926 2152,926"/>
          <TextEquiv>
            <Unicode>vertoogh</Unicode>
          </TextEquiv>
        </Word>
        <Word id="word_c5b00dda-489b-43a8-bcc7-c0cd9c4474a6">
          <Coords points="2593,877 2604,878 2649,879 2697,877 2747,876 2781,876 2781,921 2748,921 2698,922 2648,924 2596,923 2586,921"/>
          <TextEquiv>
            <Unicode>ende</Unicode>
          </TextEquiv>
        </Word>
        <TextEquiv conf="0.9243310127976442">
          <Unicode>voor soldaet, wert op sijn vertoogh ende</Unicode>
        </TextEquiv>
        <TextStyle xHeight="44"/>
      </TextLine>
      <TextLine id="f94f794c-72ea-4c4e-bd08-0e26fa9460ea">
        <Coords points="761,994 1726,998 1778,961 2425,957 2449,974 2987,973 2999,982 3013,970 3021,978 3033,974 3033,1062 3019,1070 2997,1078 2978,1070 2808,1073 2796,1082 2660,1082 2601,1138 2583,1137 2557,1113 2477,1113 2469,1105 2449,1105 2429,1089 2341,1085 1454,1090 1402,1138 1342,1133 1326,1117 1091,1117 1083,1109 899,1110 761,1122"/>
        <Baseline points="804,1108 854,1107 904,1103 954,1100 1004,1097 1054,1094 1104,1092 1154,1089 1204,1086 1254,1084 1304,1082 1354,1079 1404,1078 1454,1078 1504,1077 1554,1077 1604,1077 1654,1076 1704,1075 1754,1076 1804,1076 1854,1074 1904,1072 1954,1072 2004,1070 2054,1066 2104,1064 2154,1060 2204,1060 2254,1060 2304,1059 2354,1059 2404,1060 2454,1060 2504,1058 2554,1057 2604,1055 2654,1056 2704,1054 2754,1052 2804,1052 2854,1050 2904,1049 2954,1046 2991,1041"/>
        <Word id="word_23d94b85-856f-407c-ae13-0b6b8c3b090a">
          <Coords points="803,1073 853,1072 901,1068 952,1065 1002,1062 1052,1059 1103,1057 1152,1054 1202,1051 1253,1049 1303,1047 1352,1044 1403,1043 1429,1043 1429,1088 1404,1088 1355,1089 1304,1092 1254,1094 1205,1096 1155,1099 1104,1102 1055,1104 1005,1107 955,1110 905,1113 854,1117 804,1118"/>
          <TextEquiv>
            <Unicode>Bequaemheijt</Unicode>
          </TextEquiv>
        </Word>
        <Word id="word_4e974694-c508-4bb5-a93f-648ebfa673d0">
          <Coords points="1479,1043 1502,1042 1554,1042 1604,1042 1653,1041 1703,1040 1742,1041 1741,1086 1704,1085 1654,1086 1604,1087 1554,1087 1504,1087 1481,1088"/>
          <TextEquiv>
            <Unicode>midts</Unicode>
          </TextEquiv>
        </Word>
        <Word id="word_9e67adbd-8e8c-4942-bd0f-f0af9cdad355">
          <Coords points="1791,1042 1801,1041 1853,1039 1903,1037 1954,1037 2003,1035 2051,1031 2103,1029 2151,1025 2204,1025 2254,1025 2261,1025 2262,1070 2254,1070 2204,1070 2155,1070 2104,1074 2055,1076 2004,1080 1954,1082 1904,1082 1854,1084 1805,1086 1794,1087"/>
          <TextEquiv>
            <Unicode>expiratie</Unicode>
          </TextEquiv>
        </Word>
        <Word id="word_c7359cc5-a416-4bc3-a11a-15bb97a650d2">
          <Coords points="2314,1024 2354,1024 2405,1025 2454,1025 2503,1023 2553,1022 2573,1021 2575,1066 2554,1067 2504,1068 2454,1070 2404,1070 2354,1069 2314,1069"/>
          <TextEquiv>
            <Unicode>sijne</Unicode>
          </TextEquiv>
        </Word>
        <Word id="word_9073a75d-ad9f-437f-a7bc-dd81f6f10f38">
          <Coords points="2629,1019 2656,1021 2703,1019 2753,1017 2804,1017 2853,1015 2903,1014 2952,1011 2986,1006 2992,1051 2955,1056 2904,1059 2854,1060 2804,1062 2754,1062 2704,1064 2653,1066 2626,1064"/>
          <TextEquiv>
            <Unicode>jongste</Unicode>
          </TextEquiv>
        </Word>
        <TextEquiv conf="0.9289048010918048">
          <Unicode>Bequaemheijt midts expiratie sijne jongste</Unicode>
        </TextEquiv>
        <TextStyle xHeight="43"/>
      </TextLine>
      <TextLine id="c3936b01-02ce-48b2-8ee2-9a2de3ac5dcf">
        <Coords points="810,1116 1080,1107 1092,1119 1323,1119 1343,1136 1407,1136 1451,1092 2094,1088 2106,1079 2318,1079 2330,1087 2418,1087 2474,1111 2550,1111 2590,1143 2733,1143 2809,1152 2849,1112 2954,1110 2954,1198 2917,1198 2905,1191 2733,1192 2693,1228 2613,1228 2566,1195 2522,1196 2465,1251 2454,1253 2286,1253 2266,1239 1986,1244 1974,1235 1811,1235 1787,1256 1167,1251 952,1256 904,1260 892,1272 810,1276"/>
        <Baseline points="853,1259 903,1253 953,1248 1003,1245 1053,1242 1103,1238 1153,1236 1203,1234 1253,1233 1303,1231 1353,1229 1403,1227 1453,1225 1503,1223 1553,1220 1603,1217 1653,1213 1703,1211 1753,1211 1803,1207 1853,1204 1903,1202 1953,1199 2003,1198 2053,1196 2103,1196 2153,1195 2203,1192 2253,1190 2303,1187 2353,1187 2403,1185 2453,1182 2503,1175 2553,1174 2603,1174 2653,1175 2703,1176 2753,1178 2803,1179 2853,1177 2903,1177 2912,1177"/>
        <Word id="word_c4987ca3-81fb-4c93-9cf8-0d74e4a60276">
          <Coords points="849,1224 899,1218 950,1213 1001,1210 1051,1207 1100,1203 1152,1201 1202,1199 1252,1198 1263,1198 1265,1243 1253,1243 1203,1244 1153,1246 1104,1248 1054,1252 1004,1255 954,1258 904,1263 854,1269"/>
          <TextEquiv>
            <Unicode>verbandt</Unicode>
          </TextEquiv>
        </Word>
        <Word id="word_609bd33f-9b66-4916-ad74-286811f4bb3d">
          <Coords points="1314,1196 1352,1194 1402,1192 1452,1190 1502,1188 1520,1187 1522,1232 1503,1233 1453,1235 1403,1237 1353,1239 1316,1240"/>
          <TextEquiv>
            <Unicode>ende</Unicode>
          </TextEquiv>
        </Word>
        <Word id="word_63f20409-325b-42ce-88eb-29ea86ebef41">
          <Coords points="1571,1184 1601,1182 1650,1178 1702,1176 1753,1176 1800,1172 1851,1169 1902,1167 1951,1164 2002,1163 2052,1161 2103,1161 2152,1160 2201,1157 2241,1155 2243,1200 2204,1202 2153,1205 2103,1206 2053,1206 2003,1208 1954,1209 1903,1212 1854,1214 1804,1217 1753,1221 1703,1221 1654,1223 1604,1227 1574,1229"/>
          <TextEquiv>
            <Unicode>genegentheijt</Unicode>
          </TextEquiv>
        </Word>
        <Word id="word_259780f1-8e82-4032-8ec2-e65e947e97e6">
          <Coords points="2289,1154 2298,1152 2353,1152 2396,1150 2398,1195 2353,1197 2305,1197 2296,1198"/>
          <TextEquiv>
            <Unicode>d'</Unicode>
          </TextEquiv>
        </Word>
        <Word id="word_e933b0a4-a9ef-4557-9888-5af53d0a7200">
          <Coords points="2440,1149 2444,1148 2498,1140 2550,1139 2551,1184 2504,1185 2456,1192 2451,1193"/>
          <TextEquiv>
            <Unicode>E.</Unicode>
          </TextEquiv>
        </Word>
        <Word id="word_69886ea1-2408-4aa3-8f98-a08466f2a770">
          <Coords points="2636,1161 2636,1162 2654,1140 2704,1141 2754,1143 2804,1144 2852,1142 2903,1142 2911,1142 2911,1187 2903,1187 2853,1187 2803,1189 2753,1188 2703,1186 2653,1185 2594,1177 2593,1176"/>
          <TextEquiv>
            <Unicode>Comp=e</Unicode>
          </TextEquiv>
        </Word>
        <TextEquiv conf="0.9157771972391796">
          <Unicode>verbandt ende genegentheijt d' E. Comp=e</Unicode>
        </TextEquiv>
        <TextStyle xHeight="46"/>
      </TextLine>
      <TextLine id="line_3bc45310-859f-4212-914d-d9e99117af16">
        <Coords points="804,1272 894,1272 906,1260 998,1252 1785,1256 1809,1235 1972,1235 1984,1244 2268,1239 2320,1287 2538,1296 2576,1292 2631,1243 2791,1247 2819,1251 2839,1263 2936,1263 2936,1351 1633,1368 1613,1388 1477,1388 1465,1396 1297,1404 1256,1371 1190,1368 1018,1372 994,1388 804,1388"/>
        <Baseline points="847,1372 897,1369 947,1367 997,1365 1047,1362 1097,1361 1147,1359 1197,1356 1247,1354 1297,1353 1347,1350 1397,1348 1447,1346 1497,1343 1547,1341 1597,1340 1647,1340 1697,1339 1747,1338 1797,1337 1847,1336 1897,1335 1947,1333 1997,1333 2047,1334 2097,1333 2147,1333 2197,1334 2247,1335 2297,1336 2347,1340 2397,1343 2447,1343 2497,1342 2547,1341 2597,1339 2647,1337 2697,1335 2747,1334 2797,1334 2847,1333 2894,1330"/>
        <Word id="word_52bbd9a6-f557-4266-ac26-8333ea3140f5">
          <Coords points="845,1337 895,1334 946,1332 996,1330 1035,1328 1038,1373 997,1375 947,1377 898,1379 848,1382"/>
          <TextEquiv>
            <Unicode>noch</Unicode>
          </TextEquiv>
        </Word>
        <Word id="word_668b87f5-55cf-4750-bd53-759c7db55890">
          <Coords points="1089,1325 1101,1326 1146,1324 1195,1321 1246,1319 1296,1318 1345,1315 1369,1314 1371,1359 1348,1360 1297,1363 1247,1364 1198,1366 1147,1369 1096,1371 1084,1370"/>
          <TextEquiv>
            <Unicode>langer</Unicode>
          </TextEquiv>
        </Word>
        <Word id="word_38d73df2-333a-43e9-a1a7-5ed43799249e">
          <Coords points="1417,1312 1446,1311 1495,1308 1512,1307 1513,1352 1498,1353 1447,1356 1418,1357"/>
          <TextEquiv>
            <Unicode>jn</Unicode>
          </TextEquiv>
        </Word>
        <Word id="word_ac9bc5d2-4350-4c18-9a91-23fb912498a9">
          <Coords points="1560,1305 1597,1305 1647,1305 1696,1304 1746,1303 1796,1302 1798,1302 1799,1347 1797,1347 1747,1348 1697,1349 1647,1350 1597,1350 1561,1350"/>
          <TextEquiv>
            <Unicode>jndia</Unicode>
          </TextEquiv>
        </Word>
        <Word id="word_b5cad8da-b248-49ec-9dcc-08573f7426ed">
          <Coords points="1846,1301 1846,1301 1896,1300 1940,1298 1942,1343 1897,1345 1847,1346 1847,1346"/>
          <TextEquiv>
            <Unicode>te</Unicode>
          </TextEquiv>
        </Word>
        <Word id="word_1ab9726d-dfda-454a-9d84-ea0ac0f5eef6">
          <Coords points="1997,1297 2004,1299 2048,1299 2096,1298 2147,1298 2198,1299 2248,1300 2276,1301 2275,1346 2247,1345 2197,1344 2147,1343 2097,1343 2047,1344 1995,1343 1987,1341"/>
          <TextEquiv>
            <Unicode>dienen</Unicode>
          </TextEquiv>
        </Word>
        <Word id="word_3bd981ea-d98c-4331-a8f4-b958f4528542">
          <Coords points="2327,1302 2352,1305 2399,1308 2447,1308 2464,1308 2465,1353 2447,1353 2396,1353 2346,1350 2321,1346"/>
          <TextEquiv>
            <Unicode>Bij</Unicode>
          </TextEquiv>
        </Word>
        <Word id="word_adfa6916-044a-4ad3-b407-0d62a78294b5">
          <Coords points="2512,1307 2546,1306 2596,1304 2646,1302 2696,1300 2746,1299 2751,1299 2751,1344 2747,1344 2697,1345 2647,1347 2597,1349 2547,1351 2513,1352"/>
          <TextEquiv>
            <Unicode>desen</Unicode>
          </TextEquiv>
        </Word>
        <Word id="word_9ba86f6f-ba56-4b93-8813-00c786d63be2">
          <Coords points="2798,1299 2846,1298 2891,1295 2894,1340 2847,1343 2799,1344"/>
          <TextEquiv>
            <Unicode>d'</Unicode>
          </TextEquiv>
        </Word>
        <TextEquiv conf="0.9489192947718635">
          <Unicode>noch langer jn jndia te dienen Bij desen d'</Unicode>
        </TextEquiv>
        <TextStyle xHeight="41"/>
      </TextLine>
      <TextLine id="line_0d7bd3b6-3981-413c-8877-e7bf0f8e0b28">
        <Coords points="788,1387 994,1387 1022,1371 1190,1366 1254,1370 1288,1403 1478,1390 1610,1391 1634,1370 2222,1370 2996,1382 3028,1359 3051,1381 3051,1470 3043,1463 2994,1491 2690,1487 2610,1491 2582,1511 2278,1510 2262,1523 1454,1522 1426,1531 1078,1514 788,1515"/>
        <Baseline points="831,1499 881,1499 931,1499 981,1498 1031,1496 1081,1495 1131,1495 1181,1493 1231,1492 1281,1490 1331,1488 1381,1488 1431,1487 1481,1488 1531,1488 1581,1486 1631,1483 1681,1481 1731,1482 1781,1481 1831,1480 1881,1478 1931,1477 1981,1477 2031,1476 2081,1474 2131,1474 2181,1472 2231,1473 2281,1474 2331,1475 2381,1473 2431,1472 2481,1471 2531,1470 2581,1466 2631,1462 2681,1461 2731,1459 2781,1455 2831,1452 2881,1452 2931,1452 2981,1449 3009,1449"/>
        <Word id="word_7f172a3a-8375-4909-b375-c57de980693b">
          <Coords points="831,1464 881,1464 931,1464 980,1463 1015,1462 1017,1507 981,1508 931,1509 881,1509 831,1509"/>
          <TextEquiv>
            <Unicode>novo</Unicode>
          </TextEquiv>
        </Word>
        <Word id="word_8600b15e-def1-4361-8d98-a37462f2fa3b">
          <Coords points="1063,1460 1082,1460 1131,1460 1180,1458 1230,1457 1247,1456 1249,1501 1231,1502 1181,1503 1131,1505 1081,1505 1063,1505"/>
          <TextEquiv>
            <Unicode>voor</Unicode>
          </TextEquiv>
        </Word>
        <Word id="word_216a188b-f504-47ba-9424-ea34626398f2">
          <Coords points="1293,1454 1330,1453 1381,1453 1430,1452 1481,1453 1480,1498 1431,1497 1381,1498 1331,1498 1295,1499"/>
          <TextEquiv>
            <Unicode>drij</Unicode>
          </TextEquiv>
        </Word>
        <Word id="word_1435f212-90cc-493b-9258-3e3de912e130">
          <Coords points="1520,1455 1524,1454 1580,1451 1629,1448 1680,1446 1732,1447 1757,1446 1758,1491 1731,1492 1681,1491 1632,1493 1581,1496 1533,1498 1528,1499"/>
          <TextEquiv>
            <Unicode>naest</Unicode>
          </TextEquiv>
        </Word>
        <Word id="word_653ccb1a-17dc-4469-b4f1-14b0199aaded">
          <Coords points="1804,1446 1830,1445 1880,1443 1930,1442 1981,1442 2030,1441 2080,1439 2131,1439 2174,1437 2175,1482 2131,1484 2081,1484 2031,1486 1981,1487 1931,1487 1881,1488 1831,1490 1804,1491"/>
          <TextEquiv>
            <Unicode>volgende</Unicode>
          </TextEquiv>
        </Word>
        <Word id="word_fb98d8e9-2bcd-445a-8778-83db41c1d7d7">
          <Coords points="2231,1437 2240,1439 2282,1439 2332,1440 2380,1438 2430,1437 2480,1436 2498,1436 2499,1481 2481,1481 2431,1482 2381,1483 2331,1485 2281,1484 2228,1483 2219,1480"/>
          <TextEquiv>
            <Unicode>jaeren</Unicode>
          </TextEquiv>
        </Word>
        <Word id="word_91e32c48-cdd4-4010-91bf-0d625b8691ca">
          <Coords points="2542,1435 2577,1431 2628,1427 2680,1426 2729,1424 2731,1469 2681,1471 2632,1472 2582,1476 2547,1480"/>
          <TextEquiv>
            <Unicode>inde</Unicode>
          </TextEquiv>
        </Word>
        <Word id="word_2bf055c1-07b6-486a-9ad2-a0c8d62c292a">
          <Coords points="2760,1426 2765,1424 2829,1417 2881,1417 2931,1417 2979,1414 3008,1414 3008,1459 2982,1459 2931,1462 2881,1462 2832,1462 2786,1464 2782,1466"/>
          <TextEquiv>
            <Unicode>selve</Unicode>
          </TextEquiv>
        </Word>
        <TextEquiv conf="0.9263700619893986">
          <Unicode>novo voor drij naest volgende jaeren inde selve</Unicode>
        </TextEquiv>
        <TextStyle xHeight="47"/>
      </TextLine>
      <TextLine id="eba8b355-f64e-4cd2-a8f7-ca218fa6cdd3">
        <Coords points="803,1515 1077,1510 1085,1518 1229,1518 1425,1531 1445,1531 1457,1522 1657,1519 2388,1522 2469,1530 2729,1530 2761,1558 2817,1559 2881,1555 2905,1546 2982,1546 2997,1534 3021,1538 3036,1523 3054,1527 3054,1617 3040,1619 3021,1638 3011,1631 3001,1635 2985,1651 2889,1651 2869,1634 2809,1634 2429,1655 2381,1650 2373,1642 2329,1642 2309,1622 2274,1619 1825,1619 1777,1623 1725,1671 1677,1670 1661,1654 803,1659"/>
        <Baseline points="846,1637 896,1634 946,1631 996,1630 1046,1628 1096,1627 1146,1627 1196,1626 1246,1625 1296,1625 1346,1624 1396,1622 1446,1622 1496,1621 1546,1620 1596,1618 1646,1618 1696,1617 1746,1614 1796,1614 1846,1613 1896,1611 1946,1611 1996,1611 2046,1609 2096,1609 2146,1609 2196,1608 2246,1605 2296,1603 2346,1602 2396,1600 2446,1599 2496,1598 2546,1596 2596,1595 2646,1594 2696,1593 2746,1592 2796,1592 2846,1591 2896,1590 2946,1590 2996,1593 3012,1595"/>
        <Word id="word_17761d89-56ff-47c2-b192-2ceb5a942c70">
          <Coords points="844,1602 894,1599 944,1596 995,1595 1045,1593 1095,1592 1146,1592 1195,1591 1245,1590 1296,1590 1345,1589 1386,1587 1388,1632 1346,1634 1296,1635 1246,1635 1196,1636 1146,1637 1096,1637 1046,1638 996,1640 947,1641 897,1644 847,1647"/>
          <TextEquiv>
            <Unicode>qualiteijt</Unicode>
          </TextEquiv>
        </Word>
        <Word id="word_522c83f2-5ea0-442a-a3e4-491ae7a6b6db">
          <Coords points="1455,1588 1459,1590 1495,1586 1545,1585 1595,1583 1646,1583 1695,1582 1744,1579 1796,1579 1845,1578 1895,1576 1946,1576 1983,1576 1983,1621 1946,1621 1896,1621 1846,1623 1796,1624 1747,1624 1696,1627 1646,1628 1596,1628 1546,1630 1496,1631 1442,1631 1438,1629"/>
          <TextEquiv>
            <Unicode>aengenomen</Unicode>
          </TextEquiv>
        </Word>
        <Word id="word_667b2a7e-e871-45fa-8efa-e59b8f9fd073">
          <Coords points="2029,1577 2038,1575 2096,1574 2146,1574 2195,1573 2244,1570 2252,1570 2254,1615 2247,1615 2196,1618 2146,1619 2096,1619 2048,1619 2039,1621"/>
          <TextEquiv>
            <Unicode>ende</Unicode>
          </TextEquiv>
        </Word>
        <Word id="word_7ce6b036-3c81-43c3-b886-be55f8bf6d17">
          <Coords points="2307,1568 2346,1567 2395,1565 2445,1564 2469,1564 2470,1609 2446,1609 2396,1610 2346,1612 2308,1613"/>
          <TextEquiv>
            <Unicode>een</Unicode>
          </TextEquiv>
        </Word>
        <Word id="word_1203dfd5-8396-450c-8528-782c77674316">
          <Coords points="2522,1563 2544,1561 2595,1560 2645,1559 2695,1558 2745,1557 2796,1557 2845,1556 2895,1555 2946,1555 2998,1558 3016,1560 3010,1605 2995,1603 2946,1600 2896,1600 2846,1601 2796,1602 2746,1602 2696,1603 2646,1604 2596,1605 2547,1606 2525,1607"/>
          <TextEquiv>
            <Unicode>behooring</Unicode>
          </TextEquiv>
        </Word>
        <TextEquiv conf="0.8926708567881368">
          <Unicode>qualiteijt aengenomen ende een behooring</Unicode>
        </TextEquiv>
        <TextStyle xHeight="41"/>
      </TextLine>
      <TextLine id="a346d847-597d-44eb-958b-4ead771ca716">
        <Coords points="810,1660 1659,1655 1675,1671 1719,1672 1775,1624 2307,1619 2355,1664 2423,1664 2435,1652 2506,1648 2650,1648 2726,1644 2734,1636 2870,1635 2894,1659 2994,1660 3011,1652 3043,1666 3043,1756 3029,1768 3019,1761 2994,1786 2842,1786 2807,1752 2718,1752 2690,1776 1615,1776 1583,1808 1296,1808 1280,1816 810,1815"/>
        <Baseline points="853,1791 903,1789 953,1786 1003,1784 1053,1783 1103,1781 1153,1779 1203,1777 1253,1776 1303,1775 1353,1772 1403,1769 1453,1768 1503,1767 1553,1767 1603,1762 1653,1761 1703,1760 1753,1758 1803,1757 1853,1757 1903,1757 1953,1758 2003,1757 2053,1756 2103,1755 2153,1754 2203,1753 2253,1751 2303,1750 2353,1749 2403,1748 2453,1746 2503,1746 2553,1748 2603,1749 2653,1747 2703,1746 2753,1744 2803,1742 2853,1740 2903,1738 2953,1735 3001,1734"/>
        <Word id="word_4b37cca8-2598-40a0-b9e1-512b9a94e5ad">
          <Coords points="852,1756 902,1754 951,1751 995,1749 997,1794 954,1796 903,1799 853,1801"/>
          <TextEquiv>
            <Unicode>van</Unicode>
          </TextEquiv>
        </Word>
        <Word id="word_2031a04c-9e4a-4bcf-9f7d-175de5987e61">
          <Coords points="1046,1747 1055,1748 1102,1746 1152,1744 1202,1742 1234,1741 1235,1786 1203,1787 1153,1789 1103,1791 1052,1793 1043,1792"/>
          <TextEquiv>
            <Unicode>veer</Unicode>
          </TextEquiv>
        </Word>
        <Word id="word_6b0472eb-344c-4ffb-b470-e692e909a6d0">
          <Coords points="1282,1740 1302,1740 1351,1737 1401,1734 1452,1733 1502,1732 1521,1732 1521,1777 1503,1777 1453,1778 1404,1779 1354,1782 1303,1785 1283,1785"/>
          <TextEquiv>
            <Unicode>thien</Unicode>
          </TextEquiv>
        </Word>
        <Word id="word_bb53bc5a-621b-4272-91ad-845806d2ae3d">
          <Coords points="1564,1732 1598,1727 1652,1726 1702,1725 1752,1723 1802,1722 1853,1722 1903,1722 1903,1767 1853,1767 1803,1767 1753,1768 1703,1770 1653,1771 1604,1772 1570,1777"/>
          <TextEquiv>
            <Unicode>guldens</Unicode>
          </TextEquiv>
        </Word>
        <Word id="word_db7aeb2c-5506-4344-b5df-abe05b4ade32">
          <Coords points="1964,1725 1966,1726 2002,1722 2052,1721 2093,1720 2094,1765 2053,1766 2003,1767 1949,1767 1947,1766"/>
          <TextEquiv>
            <Unicode>ter</Unicode>
          </TextEquiv>
        </Word>
        <Word id="word_a852cf17-2832-4565-a8e9-e06f1e649f16">
          <Coords points="2141,1719 2152,1719 2202,1718 2252,1716 2302,1715 2352,1714 2402,1713 2426,1712 2428,1757 2403,1758 2353,1759 2303,1760 2253,1761 2203,1763 2153,1764 2142,1764"/>
          <TextEquiv>
            <Unicode>maendt</Unicode>
          </TextEquiv>
        </Word>
        <Word id="word_be9b9d09-6e9b-4b71-b2e8-8e53bfed5678">
          <Coords points="2477,1710 2504,1711 2554,1713 2604,1714 2652,1712 2702,1711 2752,1709 2802,1707 2852,1705 2902,1703 2951,1700 3000,1699 3001,1744 2954,1745 2903,1748 2853,1750 2803,1752 2753,1754 2703,1756 2653,1757 2603,1759 2553,1758 2503,1756 2475,1755"/>
          <TextEquiv>
            <Unicode>toegeleijdt</Unicode>
          </TextEquiv>
        </Word>
        <TextEquiv conf="0.9497017446036529">
          <Unicode>van veer thien guldens ter maendt toegeleijdt</Unicode>
        </TextEquiv>
        <TextStyle xHeight="47"/>
      </TextLine>
      <TextLine id="ff2bfab5-9ac7-4644-b838-b2020c988ce5">
        <Coords points="791,1816 1585,1808 1617,1776 2689,1776 2717,1752 2810,1752 2870,1806 2870,1894 2505,1896 2429,1904 1905,1904 1881,1928 1561,1920 1521,1924 1493,1944 1237,1944 1141,1939 1133,1931 977,1931 937,1932 925,1944 791,1948"/>
        <Baseline points="834,1917 884,1921 934,1924 984,1921 1034,1917 1084,1917 1134,1916 1184,1914 1234,1913 1284,1910 1334,1909 1384,1908 1434,1906 1484,1903 1534,1900 1584,1898 1634,1897 1684,1895 1734,1893 1784,1892 1834,1889 1884,1887 1934,1887 1984,1886 2034,1885 2084,1884 2134,1884 2184,1883 2234,1881 2284,1879 2334,1878 2384,1877 2434,1875 2484,1875 2534,1874 2584,1874 2634,1873 2684,1871 2734,1870 2784,1870 2828,1873"/>
        <Word id="word_906e4c4a-1895-4f20-8f42-f822ef78785e">
          <Coords points="837,1882 887,1886 936,1889 982,1886 1031,1882 1084,1882 1133,1881 1183,1879 1233,1878 1282,1875 1333,1874 1383,1873 1433,1871 1482,1868 1532,1865 1583,1863 1587,1863 1588,1908 1584,1908 1535,1910 1485,1913 1434,1916 1384,1918 1334,1919 1285,1920 1234,1923 1184,1924 1134,1926 1084,1927 1035,1927 985,1931 933,1934 883,1931 833,1927"/>
          <TextEquiv>
            <Unicode>d'verbeteringe</Unicode>
          </TextEquiv>
        </Word>
        <Word id="word_7b99e78e-55c7-419e-8acc-3a78d03476f7">
          <Coords points="1641,1862 1682,1860 1733,1858 1783,1857 1802,1856 1804,1901 1784,1902 1734,1903 1684,1905 1642,1907"/>
          <TextEquiv>
            <Unicode>van</Unicode>
          </TextEquiv>
        </Word>
        <Word id="word_396cc49e-5ade-49f7-a5d2-914555b2cfb8">
          <Coords points="1857,1853 1883,1852 1934,1852 1983,1851 2033,1850 2083,1849 2127,1849 2127,1894 2084,1894 2034,1895 1984,1896 1934,1897 1884,1897 1858,1898"/>
          <TextEquiv>
            <Unicode>gagie</Unicode>
          </TextEquiv>
        </Word>
        <Word id="word_893c883f-21de-4da7-a1ff-2cf46fb0e6d4">
          <Coords points="2170,1851 2173,1850 2233,1846 2283,1844 2333,1843 2383,1842 2395,1842 2397,1886 2384,1887 2334,1888 2284,1889 2234,1891 2187,1892 2184,1893"/>
          <TextEquiv>
            <Unicode>ende</Unicode>
          </TextEquiv>
        </Word>
        <Word id="word_66f5e7f6-d287-4982-8f87-edfc8be2c616">
          <Coords points="2451,1839 2485,1840 2533,1839 2584,1839 2633,1838 2683,1836 2733,1835 2784,1835 2830,1838 2827,1883 2784,1880 2734,1880 2684,1881 2634,1883 2584,1884 2534,1884 2484,1885 2450,1884"/>
          <TextEquiv>
            <Unicode>tnieuwe</Unicode>
          </TextEquiv>
        </Word>
        <TextEquiv conf="0.8908903991099963">
          <Unicode>d'verbeteringe van gagie ende tnieuwe</Unicode>
        </TextEquiv>
        <TextStyle xHeight="45"/>
      </TextLine>
      <TextLine id="line_30401a54-c424-4f34-aff5-801ad5b4a7be">
        <Coords points="809,1944 923,1944 935,1933 963,1932 1132,1932 1139,1939 1239,1944 1495,1944 1511,1935 1770,1928 1782,1939 2243,1948 2243,2036 1726,2037 1443,2041 1423,2049 1267,2053 809,2056"/>
        <Baseline points="852,2045 902,2047 952,2047 1002,2047 1052,2047 1102,2045 1152,2043 1202,2042 1252,2041 1302,2039 1352,2038 1402,2036 1452,2034 1502,2033 1552,2032 1602,2031 1652,2030 1702,2029 1752,2027 1802,2026 1852,2025 1902,2025 1952,2025 2002,2025 2052,2023 2102,2021 2152,2019 2201,2015"/>
        <Word id="word_0ca414b4-c87e-4e85-bb76-cb3714a64c25">
          <Coords points="853,2010 903,2012 952,2012 1002,2012 1052,2012 1101,2010 1151,2008 1201,2007 1251,2006 1282,2005 1284,2050 1252,2051 1202,2052 1152,2053 1102,2055 1052,2057 1002,2057 952,2057 902,2057 852,2055"/>
          <TextEquiv>
            <Unicode>verbandt</Unicode>
          </TextEquiv>
        </Word>
        <Word id="word_e24daa62-ac52-4869-a8e1-79fec61774a6">
          <Coords points="1339,2003 1353,2003 1401,2001 1451,1999 1501,1998 1551,1997 1553,1997 1554,2042 1552,2042 1502,2043 1452,2044 1402,2046 1352,2048 1337,2048"/>
          <TextEquiv>
            <Unicode>dato</Unicode>
          </TextEquiv>
        </Word>
        <Word id="word_e80339b7-f951-4fb4-b319-0db9a8324411">
          <Coords points="1607,1996 1651,1995 1701,1994 1751,1992 1769,1992 1770,2037 1752,2037 1702,2039 1652,2040 1608,2041"/>
          <TextEquiv>
            <Unicode>als</Unicode>
          </TextEquiv>
        </Word>
        <Word id="word_411ddd84-9063-4696-b02d-405b95660104">
          <Coords points="1823,1991 1851,1990 1902,1990 1952,1990 2002,1990 2051,1988 2101,1986 2151,1984 2198,1980 2202,2025 2152,2029 2102,2031 2052,2033 2002,2035 1952,2035 1902,2035 1852,2035 1824,2036"/>
          <TextEquiv>
            <Unicode>vooren—</Unicode>
          </TextEquiv>
        </Word>
        <TextEquiv conf="0.9072189284879483">
          <Unicode>verbandt dato als vooren—</Unicode>
        </TextEquiv>
        <TextStyle xHeight="36"/>
      </TextLine>
    </TextRegion>
    <TextRegion id="region_240dc325-8c6a-43a5-bdde-77802076ef9b_1" custom="structure {type:paragraph;}">
      <Coords points="2957,2195 2933,2188 2902,2188 2891,2181 2829,2181 2776,2205 2459,2209 2421,2202 2233,2205 2163,2198 1836,2202 1804,2209 1547,2219 1348,2219 1282,2226 1017,2223 958,2233 867,2230 826,2247 812,2261 801,2296 801,2334 815,2359 829,2428 826,2491 833,2547 819,2610 819,2658 812,2686 819,2791 812,2923 791,2975 791,2996 808,3069 833,3125 829,3143 839,3219 839,3303 833,3327 843,3411 839,3522 846,3543 839,3679 843,3752 850,3766 853,3822 867,3881 864,3947 850,3993 853,4017 833,4069 839,4094 867,4115 1000,4122 1024,4115 1219,4111 1355,4094 1446,4094 1554,4083 1662,4041 1669,4035 1662,4003 1689,3972 1696,3954 1710,3944 1745,3933 2094,3892 2198,3902 2424,3902 2477,3892 2647,3895 2700,3888 2710,3881 2853,3878 2874,3864 2888,3864 2943,3839 2975,3815 2978,3766 2968,3752 2964,3724 2954,3704 2950,3669 2957,3658 2957,3630 2943,3606 2940,3568 2943,3550 2992,3498 2992,3474 2975,3446 2968,3407 2968,3313 2975,3285 2978,3170 2975,2979 2985,2927 2985,2878 2971,2784 2971,2669 2989,2610 2992,2554 3003,2512 2996,2467 2996,2341 2982,2306 2975,2254 2978,2223"/>
      <TextLine id="line_55d5dfa2-d312-485f-b5a1-98764f91da0f">
        <Coords points="727,2077 1197,2072 1468,2076 1596,2088 1782,2088 1876,2180 1944,2172 1956,2181 2116,2181 2128,2189 2260,2057 2429,2057 2443,2048 2475,2060 2579,2156 2639,2184 2811,2185 2827,2171 2980,2171 2980,2258 2839,2258 2759,2329 2423,2329 2392,2312 2333,2305 1548,2305 1484,2309 1424,2369 1400,2381 1336,2381 1304,2389 1288,2376 1157,2368 1096,2420 1065,2403 1005,2407 985,2388 921,2389 897,2412 861,2420 727,2420"/>
        <Baseline points="770,2321 820,2323 870,2327 920,2328 970,2325 1020,2323 1070,2320 1120,2319 1170,2318 1220,2316 1270,2311 1320,2310 1370,2305 1420,2304 1470,2301 1520,2299 1570,2298 1620,2296 1670,2294 1720,2292 1770,2290 1820,2289 1870,2288 1920,2286 1970,2285 2020,2283 2070,2281 2120,2279 2170,2277 2220,2274 2270,2271 2320,2269 2370,2267 2420,2266 2470,2263 2520,2262 2570,2259 2620,2258 2670,2259 2720,2256 2770,2248 2820,2242 2870,2237 2920,2236 2938,2237"/>
        <Word id="word_eb5af80b-fa9f-481a-93fc-03161d6bbbf7">
          <Coords points="771,2286 821,2288 873,2292 921,2293 968,2290 1019,2288 1068,2285 1119,2284 1169,2283 1188,2282 1190,2327 1170,2328 1120,2329 1071,2330 1020,2333 971,2335 920,2338 869,2337 820,2333 770,2331"/>
          <TextEquiv>
            <Unicode>Willem</Unicode>
          </TextEquiv>
        </Word>
        <Word id="word_54ae971e-bb50-45de-b360-07b398687ef8">
          <Coords points="1249,2281 1259,2278 1319,2275 1367,2270 1419,2269 1468,2266 1519,2264 1569,2263 1619,2261 1669,2259 1678,2259 1679,2304 1670,2304 1620,2306 1570,2308 1520,2309 1471,2311 1420,2314 1371,2315 1320,2320 1273,2320 1263,2324"/>
          <TextEquiv>
            <Unicode>Cassen</Unicode>
          </TextEquiv>
        </Word>
        <Word id="word_40e3cd9b-e64f-4541-a9f8-b9e205cad853">
          <Coords points="1748,2256 1769,2255 1819,2254 1869,2253 1919,2251 1958,2250 1959,2295 1920,2296 1870,2298 1820,2299 1770,2300 1749,2301"/>
          <TextEquiv>
            <Unicode>van</Unicode>
          </TextEquiv>
        </Word>
        <Word id="word_698b9f15-ea26-48b7-bec2-e1848b4bf38b">
          <Coords points="2027,2249 2068,2246 2119,2244 2169,2242 2218,2239 2268,2236 2319,2234 2369,2232 2419,2231 2468,2228 2519,2227 2568,2224 2619,2223 2671,2224 2718,2221 2723,2220 2730,2264 2721,2266 2670,2269 2620,2268 2571,2269 2520,2272 2471,2273 2420,2276 2370,2277 2320,2279 2271,2281 2221,2284 2170,2287 2120,2289 2071,2291 2030,2294"/>
          <TextEquiv>
            <Unicode>teuserwoed</Unicode>
          </TextEquiv>
        </Word>
        <Word id="word_6bf9091d-6c68-43ca-9fb2-18f40666452f">
          <Coords points="2795,2209 2818,2207 2867,2202 2919,2201 2940,2202 2937,2247 2920,2246 2871,2247 2821,2252 2799,2254"/>
          <TextEquiv>
            <Unicode>in</Unicode>
          </TextEquiv>
        </Word>
        <TextEquiv conf="0.8677516660924381">
          <Unicode>Willem Cassen van teuserwoed in</Unicode>
        </TextEquiv>
        <TextStyle xHeight="59"/>
      </TextLine>
      <TextLine id="line_316c0033-7502-4f38-bc1a-d7f7ebf0a3c3">
        <Coords points="811,2380 837,2380 845,2388 985,2388 1005,2408 1067,2405 1097,2420 1141,2380 1288,2376 1304,2389 1336,2381 1400,2381 1424,2369 1484,2309 1685,2309 1692,2302 1736,2301 2051,2309 2336,2305 2391,2312 2423,2329 2758,2329 2786,2309 2963,2309 2963,2397 2499,2394 2107,2410 2095,2422 2003,2422 1844,2501 1820,2489 1748,2521 1732,2520 1712,2500 1696,2500 1668,2484 1460,2484 1428,2464 1380,2460 1372,2452 1296,2452 1285,2460 1273,2457 1251,2477 1029,2476 989,2493 905,2480 881,2481 873,2489 811,2489"/>
        <Baseline points="854,2460 904,2456 954,2452 1004,2449 1054,2445 1104,2441 1154,2437 1204,2434 1254,2430 1304,2428 1354,2424 1404,2422 1454,2422 1504,2420 1554,2418 1604,2419 1654,2419 1704,2416 1754,2415 1804,2414 1854,2410 1904,2408 1954,2405 2004,2403 2054,2403 2104,2402 2154,2401 2204,2400 2254,2397 2304,2395 2354,2391 2404,2389 2454,2387 2504,2385 2554,2384 2604,2381 2654,2380 2704,2379 2754,2378 2804,2376 2854,2376 2904,2377 2921,2376"/>
        <Word id="word_10bcf345-1c70-4485-baef-4b0763ed255b">
          <Coords points="851,2425 901,2421 951,2417 1002,2414 1051,2410 1101,2406 1123,2404 1126,2449 1105,2451 1055,2455 1005,2459 955,2462 905,2466 855,2470"/>
          <TextEquiv>
            <Unicode>jndie</Unicode>
          </TextEquiv>
        </Word>
        <Word id="word_fb2fb220-2217-4bb8-8cb3-e254ae2cb9c7">
          <Coords points="1178,2400 1203,2399 1251,2395 1303,2393 1351,2389 1403,2387 1454,2387 1503,2385 1553,2383 1561,2383 1560,2428 1554,2428 1504,2430 1454,2432 1404,2432 1355,2434 1304,2438 1255,2440 1204,2444 1180,2445"/>
          <TextEquiv>
            <Unicode>gecomen</Unicode>
          </TextEquiv>
        </Word>
        <Word id="word_a4357218-8492-4e77-ab52-842c69477ff7">
          <Coords points="1615,2384 1654,2384 1702,2381 1723,2381 1724,2426 1705,2426 1654,2429 1615,2429"/>
          <TextEquiv>
            <Unicode>ao</Unicode>
          </TextEquiv>
        </Word>
        <Word id="word_3c98fc8d-acf3-47b2-931d-bef38e768f37">
          <Coords points="1778,2380 1803,2379 1851,2375 1903,2373 1952,2370 1994,2368 1996,2413 1955,2415 1904,2418 1855,2420 1804,2424 1778,2425"/>
          <TextEquiv>
            <Unicode>1642</Unicode>
          </TextEquiv>
        </Word>
        <Word id="word_48e97b03-5380-4be8-b8d8-ecb723b00559">
          <Coords points="2066,2370 2069,2372 2103,2367 2153,2366 2203,2365 2252,2362 2266,2361 2268,2406 2255,2407 2204,2410 2154,2411 2104,2412 2050,2412 2046,2410"/>
          <TextEquiv>
            <Unicode>voor</Unicode>
          </TextEquiv>
        </Word>
        <Word id="word_6cff3a4c-165a-49a4-ae23-c7d81a0dc06d">
          <Coords points="2318,2359 2350,2356 2403,2354 2453,2352 2503,2350 2553,2349 2602,2346 2653,2345 2702,2344 2703,2389 2654,2390 2605,2391 2554,2394 2504,2395 2454,2397 2404,2399 2355,2401 2323,2404"/>
          <TextEquiv>
            <Unicode>soldaet</Unicode>
          </TextEquiv>
        </Word>
        <Word id="word_bc391d43-540e-45c8-ac04-e9acebfe7c2d">
          <Coords points="2756,2343 2803,2341 2854,2341 2905,2342 2918,2341 2921,2386 2904,2387 2854,2386 2804,2386 2758,2388"/>
          <TextEquiv>
            <Unicode>met</Unicode>
          </TextEquiv>
        </Word>
        <TextEquiv conf="0.9096521593266834">
          <Unicode>jndie gecomen ao 1642 voor soldaet met</Unicode>
        </TextEquiv>
        <TextStyle xHeight="40"/>
      </TextLine>
      <TextLine id="line_1c3ac4a9-887a-44f3-a3bb-804d26af4140">
        <Coords points="834,2491 864,2491 884,2482 964,2486 985,2494 1028,2478 1240,2479 1296,2435 1352,2431 1600,2431 1971,2411 2000,2411 2011,2419 2099,2419 2107,2411 2183,2407 2595,2406 2667,2414 2705,2439 2819,2434 2839,2451 3003,2447 3010,2440 3027,2450 3048,2449 3048,2538 3017,2558 3008,2551 2911,2551 2871,2567 2787,2567 2763,2558 2671,2558 2647,2542 2343,2542 1640,2563 1568,2595 1556,2607 1524,2614 1464,2650 1384,2650 1348,2617 1260,2617 1248,2606 1008,2602 908,2626 834,2625"/>
        <Baseline points="877,2586 927,2582 977,2578 1027,2575 1077,2572 1127,2568 1177,2565 1227,2563 1277,2559 1327,2554 1377,2551 1427,2548 1477,2547 1527,2544 1577,2542 1627,2540 1677,2537 1727,2534 1777,2533 1827,2533 1877,2529 1927,2531 1977,2529 2027,2528 2077,2525 2127,2523 2177,2523 2227,2522 2277,2520 2327,2520 2377,2518 2427,2516 2477,2515 2527,2514 2577,2513 2627,2513 2677,2516 2727,2515 2777,2514 2827,2513 2877,2515 2927,2515 2977,2517 3006,2516"/>
        <Word id="word_3bd10c0d-a096-479b-9240-dce2c4dd54e0">
          <Coords points="874,2551 924,2547 974,2543 1025,2540 1075,2537 1124,2533 1175,2530 1226,2528 1239,2527 1242,2572 1227,2573 1178,2575 1128,2578 1078,2582 1028,2585 978,2588 928,2592 878,2596"/>
          <TextEquiv>
            <Unicode>tschip</Unicode>
          </TextEquiv>
        </Word>
        <Word id="word_feda125d-957b-46f6-a77e-233b4009218f">
          <Coords points="1298,2522 1323,2519 1375,2516 1425,2513 1476,2512 1525,2509 1576,2507 1605,2506 1607,2551 1577,2552 1528,2554 1477,2557 1428,2558 1378,2561 1328,2564 1303,2567"/>
          <TextEquiv>
            <Unicode>Banda</Unicode>
          </TextEquiv>
        </Word>
        <Word id="word_3e612eeb-d2c5-4934-a60a-a651263c9efe">
          <Coords points="1662,2504 1672,2502 1725,2499 1727,2499 1728,2544 1728,2544 1678,2547 1668,2548"/>
          <TextEquiv>
            <Unicode>a</Unicode>
          </TextEquiv>
        </Word>
        <Word id="word_6e654063-a111-452d-a2db-d1d23b562dba">
          <Coords points="1789,2498 1827,2498 1874,2494 1912,2495 1910,2540 1878,2539 1827,2543 1789,2543"/>
          <TextEquiv>
            <Unicode>29</Unicode>
          </TextEquiv>
        </Word>
        <Word id="word_babde2e3-e622-483f-8445-d23107f4304d">
          <Coords points="1952,2503 1958,2500 2026,2493 2075,2490 2126,2488 2177,2488 2226,2487 2276,2485 2327,2485 2376,2483 2426,2481 2476,2480 2517,2479 2518,2524 2477,2525 2427,2526 2377,2528 2327,2530 2277,2530 2227,2532 2177,2533 2127,2533 2078,2535 2027,2538 1982,2537 1977,2541"/>
          <TextEquiv>
            <Unicode>termaendt</Unicode>
          </TextEquiv>
        </Word>
        <Word id="word_0b98c53e-b8e0-44e2-87d7-8a9fce2c6318">
          <Coords points="2579,2478 2627,2478 2679,2481 2726,2480 2776,2479 2822,2478 2822,2523 2777,2524 2727,2525 2676,2526 2627,2523 2579,2523"/>
          <TextEquiv>
            <Unicode>wert</Unicode>
          </TextEquiv>
        </Word>
        <Word id="word_32277ea2-f8b4-4978-b496-93e667eba72d">
          <Coords points="2886,2477 2929,2480 2978,2482 3004,2481 3005,2526 2977,2527 2926,2525 2882,2522"/>
          <TextEquiv>
            <Unicode>op</Unicode>
          </TextEquiv>
        </Word>
        <TextEquiv conf="0.859883794663485">
          <Unicode>tschip Banda a 29 termaendt wert op</Unicode>
        </TextEquiv>
        <TextStyle xHeight="51"/>
      </TextLine>
      <TextLine id="a7215c2d-3bf3-4f22-aecc-6f5263c88cf5">
        <Coords points="743,2644 797,2644 817,2625 921,2625 965,2613 1221,2612 1237,2621 1348,2620 1380,2648 1468,2648 1660,2553 1908,2553 1944,2537 2056,2533 2312,2532 2320,2540 2376,2544 2655,2544 2671,2556 2759,2556 2803,2576 2823,2596 2895,2600 2949,2613 2999,2604 3040,2575 3040,2664 3034,2657 3000,2656 2811,2669 2767,2713 2723,2733 2424,2740 2392,2708 2344,2704 2336,2696 2324,2697 2300,2721 2116,2721 2092,2700 1972,2700 1956,2713 1944,2713 1884,2772 1844,2788 1788,2787 1767,2768 1760,2775 1672,2767 1404,2776 1368,2743 743,2740"/>
        <Baseline points="786,2716 836,2713 886,2711 936,2709 986,2708 1036,2706 1086,2705 1136,2703 1186,2701 1236,2700 1286,2699 1336,2697 1386,2695 1436,2694 1486,2692 1536,2688 1586,2685 1636,2683 1686,2680 1736,2675 1786,2673 1836,2669 1886,2667 1936,2665 1986,2663 2036,2661 2086,2660 2136,2658 2186,2654 2236,2653 2286,2652 2336,2651 2386,2647 2436,2645 2486,2645 2536,2644 2586,2642 2636,2638 2686,2635 2736,2639 2786,2639 2836,2641 2886,2642 2936,2646 2986,2646 2998,2643"/>
        <Word id="word_b96fc1c5-e950-4f89-aaf1-a5adbbddc59c">
          <Coords points="784,2681 834,2678 885,2676 935,2674 982,2673 983,2718 936,2719 886,2721 837,2723 787,2726"/>
          <TextEquiv>
            <Unicode>sijn</Unicode>
          </TextEquiv>
        </Word>
        <Word id="word_5a937f32-a4ab-40fd-af81-7c0c89a2d401">
          <Coords points="1023,2673 1027,2672 1085,2670 1135,2668 1185,2666 1235,2665 1285,2664 1335,2662 1385,2660 1425,2659 1426,2704 1386,2705 1336,2707 1286,2709 1236,2710 1186,2711 1136,2713 1086,2715 1039,2716 1034,2717"/>
          <TextEquiv>
            <Unicode>vertoogh</Unicode>
          </TextEquiv>
        </Word>
        <Word id="word_3051aea9-1af0-4748-a83b-b985fc6dcec5">
          <Coords points="1471,2658 1482,2657 1533,2653 1584,2650 1635,2648 1669,2646 1672,2691 1636,2693 1587,2695 1537,2698 1487,2702 1476,2703"/>
          <TextEquiv>
            <Unicode>ende</Unicode>
          </TextEquiv>
        </Word>
        <Word id="word_74f20b82-0e48-4e1c-acd3-0f802e79a51e">
          <Coords points="1714,2644 1730,2641 1785,2638 1833,2634 1885,2632 1935,2630 1985,2628 2035,2626 2085,2625 2135,2623 2183,2619 2235,2618 2285,2617 2335,2616 2356,2614 2360,2659 2336,2661 2286,2662 2236,2663 2187,2664 2136,2668 2086,2670 2036,2671 1986,2673 1936,2675 1886,2677 1837,2679 1786,2683 1738,2685 1722,2688"/>
          <TextEquiv>
            <Unicode>genegentheijt</Unicode>
          </TextEquiv>
        </Word>
        <Word id="word_6a73508f-8f78-477c-8686-986b7799997a">
          <Coords points="2408,2610 2436,2610 2486,2610 2506,2610 2507,2655 2486,2655 2436,2655 2408,2655"/>
          <TextEquiv>
            <Unicode>d'</Unicode>
          </TextEquiv>
        </Word>
        <Word id="word_def405ae-95cb-4061-b898-5782558fb112">
          <Coords points="2554,2609 2584,2607 2633,2603 2652,2602 2655,2647 2637,2648 2587,2652 2556,2654"/>
          <TextEquiv>
            <Unicode>E:</Unicode>
          </TextEquiv>
        </Word>
        <Word id="word_5fea4b7d-be95-475a-ade4-fb84de642cc3">
          <Coords points="2708,2599 2741,2604 2786,2604 2837,2606 2887,2607 2902,2608 2899,2653 2886,2652 2836,2651 2786,2649 2734,2649 2702,2644"/>
          <TextEquiv>
            <Unicode>Comp</Unicode>
          </TextEquiv>
        </Word>
        <Word id="word_a3560ceb-eb7b-405f-950e-2220000d023b">
          <Coords points="2948,2612 2985,2611 2989,2609 3000,2653 2986,2656 2949,2657"/>
          <TextEquiv>
            <Unicode>e</Unicode>
          </TextEquiv>
        </Word>
        <TextEquiv conf="0.8553772033959081">
          <Unicode>sijn vertoogh ende genegentheijt d' E: Comp e</Unicode>
        </TextEquiv>
        <TextStyle xHeight="49"/>
      </TextLine>
      <TextLine id="line_9451dad7-67a6-4de5-b0fb-0719c211dbd1">
        <Coords points="810,2740 1523,2744 1551,2769 1676,2765 1691,2780 1758,2781 1771,2772 1795,2789 1843,2789 1883,2773 1943,2713 1955,2713 1971,2700 2091,2700 2115,2721 2299,2721 2327,2697 2339,2696 2347,2704 2391,2708 2423,2740 2610,2741 2618,2733 2722,2733 2746,2725 2991,2725 2991,2813 2866,2813 2802,2873 2718,2873 2702,2881 2678,2880 2614,2816 2391,2816 2371,2829 1691,2829 1671,2849 1531,2849 1499,2873 1363,2872 1336,2893 810,2884"/>
        <Baseline points="853,2845 903,2842 953,2840 1003,2837 1053,2835 1103,2832 1153,2829 1203,2827 1253,2826 1303,2826 1353,2824 1403,2824 1453,2825 1503,2826 1553,2825 1603,2824 1653,2823 1703,2821 1753,2821 1803,2820 1853,2819 1903,2817 1953,2816 2003,2814 2053,2812 2103,2811 2153,2808 2203,2806 2253,2805 2303,2805 2353,2804 2403,2803 2453,2804 2503,2803 2553,2800 2603,2799 2653,2798 2703,2797 2753,2796 2803,2795 2853,2793 2903,2791 2949,2792"/>
        <Word id="word_aa47853d-b29f-4f5a-9c9c-904cfb5b7ae0">
          <Coords points="851,2810 901,2807 952,2805 1001,2802 1052,2800 1060,2799 1063,2844 1053,2845 1004,2847 953,2850 904,2852 854,2855"/>
          <TextEquiv>
            <Unicode>noch</Unicode>
          </TextEquiv>
        </Word>
        <Word id="word_3b44c471-232f-43b0-922f-1a06deb9013a">
          <Coords points="1113,2796 1151,2794 1202,2792 1252,2791 1303,2791 1352,2789 1403,2789 1430,2790 1429,2835 1403,2834 1353,2834 1303,2836 1253,2836 1203,2837 1154,2839 1115,2841"/>
          <TextEquiv>
            <Unicode>langer</Unicode>
          </TextEquiv>
        </Word>
        <Word id="word_2fa6b109-a81b-4b2d-abea-d642c09711db">
          <Coords points="1482,2791 1504,2791 1552,2790 1586,2789 1587,2834 1553,2835 1503,2836 1481,2836"/>
          <TextEquiv>
            <Unicode>jn</Unicode>
          </TextEquiv>
        </Word>
        <Word id="word_beaeca0c-0c61-4891-864b-1cd28e039ffb">
          <Coords points="1638,2788 1652,2788 1702,2786 1753,2786 1802,2785 1852,2784 1900,2782 1901,2827 1853,2829 1803,2830 1753,2831 1703,2831 1653,2833 1639,2833"/>
          <TextEquiv>
            <Unicode>jndia</Unicode>
          </TextEquiv>
        </Word>
        <Word id="word_bf93d82e-e285-4f22-bb30-c8e299f37162">
          <Coords points="1953,2780 2002,2779 2052,2777 2057,2777 2058,2822 2053,2822 2003,2824 1954,2825"/>
          <TextEquiv>
            <Unicode>te</Unicode>
          </TextEquiv>
        </Word>
        <Word id="word_0c519723-96ea-42c3-865e-095360cb3765">
          <Coords points="2108,2776 2151,2773 2202,2771 2252,2770 2303,2770 2352,2769 2402,2768 2426,2768 2425,2813 2403,2813 2353,2814 2303,2815 2253,2815 2203,2816 2154,2818 2111,2821"/>
          <TextEquiv>
            <Unicode>dienen</Unicode>
          </TextEquiv>
        </Word>
        <Word id="word_3b3a7a82-27b2-406e-a543-d2b1634ac20e">
          <Coords points="2475,2770 2501,2768 2551,2765 2602,2764 2652,2763 2686,2762 2687,2807 2653,2808 2603,2809 2554,2810 2504,2813 2478,2814"/>
          <TextEquiv>
            <Unicode>mits</Unicode>
          </TextEquiv>
        </Word>
        <Word id="word_60d5159e-80c0-4ef4-b60f-9bba83d35b4f">
          <Coords points="2739,2761 2752,2761 2802,2760 2852,2758 2902,2756 2950,2757 2949,2802 2903,2801 2853,2803 2803,2805 2753,2806 2740,2806"/>
          <TextEquiv>
            <Unicode>sijn</Unicode>
          </TextEquiv>
        </Word>
        <TextEquiv conf="0.9028909855514539">
          <Unicode>noch langer jn jndia te dienen mits sijn</Unicode>
        </TextEquiv>
        <TextStyle xHeight="39"/>
      </TextLine>
      <TextLine id="line_1c266d61-8599-4ab9-9651-ec40602eb1de">
        <Coords points="737,2902 1079,2898 1087,2890 1342,2890 1366,2870 1506,2870 1534,2847 1670,2847 1686,2831 2366,2831 2390,2818 2617,2818 2685,2882 2701,2882 2709,2874 2801,2874 2825,2857 2945,2857 2961,2870 3030,2862 3030,2950 2405,2955 2390,2963 2054,2963 2030,2975 1786,2971 1582,2978 1494,3058 1330,3049 1063,3049 1047,3062 1035,3062 983,3113 959,3104 903,3108 891,3096 779,3096 764,3081 737,3081"/>
        <Baseline points="780,3004 830,3005 880,3000 930,2997 980,2991 1030,2988 1080,2986 1130,2983 1180,2980 1230,2978 1280,2975 1330,2972 1380,2970 1430,2967 1480,2964 1530,2962 1580,2962 1630,2961 1680,2962 1730,2961 1780,2959 1830,2959 1880,2957 1930,2955 1980,2954 2030,2952 2080,2950 2130,2949 2180,2947 2230,2945 2280,2944 2330,2943 2380,2938 2430,2933 2480,2930 2530,2929 2580,2926 2630,2925 2680,2926 2730,2926 2780,2926 2830,2926 2880,2927 2930,2927 2980,2927 2988,2929"/>
        <Word id="word_f8307bf5-4a63-4b88-aefa-43f4909d0032">
          <Coords points="781,2969 831,2970 877,2965 928,2962 976,2956 1028,2953 1079,2951 1128,2948 1178,2945 1229,2943 1278,2940 1328,2937 1379,2935 1428,2932 1478,2929 1529,2927 1535,2927 1535,2972 1530,2972 1481,2974 1431,2977 1380,2980 1331,2982 1281,2985 1230,2988 1181,2990 1131,2993 1080,2996 1031,2998 981,3001 931,3007 881,3010 830,3015 780,3014"/>
          <TextEquiv>
            <Unicode>Bequaemheijt,</Unicode>
          </TextEquiv>
        </Word>
        <Word id="word_c2426a5b-5f7f-4be5-bc0c-d2fca5796115">
          <Coords points="1592,2927 1629,2926 1681,2927 1729,2926 1779,2924 1826,2924 1826,2969 1780,2969 1730,2971 1680,2972 1630,2971 1593,2972"/>
          <TextEquiv>
            <Unicode>ende</Unicode>
          </TextEquiv>
        </Word>
        <Word id="word_565d7c4d-99a1-45f9-bdce-8f98f4a1bff7">
          <Coords points="1881,2924 1927,2920 1979,2919 2029,2917 2079,2915 2129,2914 2179,2912 2229,2910 2279,2909 2329,2908 2345,2906 2350,2951 2330,2953 2280,2954 2230,2955 2180,2957 2130,2959 2080,2960 2030,2962 1980,2964 1931,2965 1885,2969"/>
          <TextEquiv>
            <Unicode>verbandt</Unicode>
          </TextEquiv>
        </Word>
        <Word id="word_1a953ead-a977-4da9-b664-b9e65cb31f34">
          <Coords points="2403,2901 2427,2898 2478,2895 2529,2894 2578,2891 2580,2891 2581,2936 2581,2936 2530,2939 2481,2940 2431,2943 2408,2945"/>
          <TextEquiv>
            <Unicode>ten</Unicode>
          </TextEquiv>
        </Word>
        <Word id="word_f445ce69-43d2-4341-83b8-9f75ed438249">
          <Coords points="2640,2890 2681,2891 2730,2891 2780,2891 2830,2891 2881,2892 2930,2892 2980,2892 2996,2895 2985,2939 2980,2937 2930,2937 2880,2937 2830,2936 2780,2936 2730,2936 2680,2936 2639,2935"/>
          <TextEquiv>
            <Unicode>vollen</Unicode>
          </TextEquiv>
        </Word>
        <TextEquiv conf="0.9447619557197037">
          <Unicode>Bequaemheijt, ende verbandt ten vollen</Unicode>
        </TextEquiv>
        <TextStyle xHeight="51"/>
      </TextLine>
      <TextLine id="line_6636c3d9-3709-4452-8c16-412bd065f8f3">
        <Coords points="803,3093 885,3093 897,3105 960,3105 983,3114 1037,3062 1061,3049 1332,3049 1494,3058 1588,2975 2013,2975 2029,2959 2614,2958 2622,2966 2898,2971 2967,2966 2967,3054 2822,3055 2754,3115 2603,3106 1856,3106 1776,3107 1768,3115 1524,3115 1476,3162 1292,3162 1284,3170 1228,3170 1154,3241 1137,3229 1093,3229 1073,3209 973,3209 925,3182 904,3161 803,3226"/>
        <Baseline points="846,3142 896,3137 946,3136 996,3133 1046,3132 1096,3128 1146,3124 1196,3119 1246,3115 1296,3111 1346,3109 1396,3108 1446,3105 1496,3104 1546,3102 1596,3100 1646,3100 1696,3098 1746,3094 1796,3092 1846,3089 1896,3086 1946,3082 1996,3079 2046,3075 2096,3072 2146,3065 2196,3061 2246,3060 2296,3059 2346,3057 2396,3055 2446,3054 2496,3052 2546,3049 2596,3048 2646,3047 2696,3045 2746,3042 2796,3039 2846,3039 2896,3036 2925,3033"/>
        <Word id="word_ac5aa9e3-9988-4ba4-ab3e-8798749d80cf">
          <Coords points="843,3107 893,3102 945,3101 994,3098 1045,3097 1093,3093 1143,3089 1193,3084 1243,3080 1293,3076 1345,3074 1377,3073 1378,3118 1346,3119 1297,3121 1247,3125 1197,3129 1147,3134 1097,3138 1046,3142 997,3143 946,3146 897,3147 847,3152"/>
          <TextEquiv>
            <Unicode>g'expireert</Unicode>
          </TextEquiv>
        </Word>
        <Word id="word_5fbd5cb8-dd88-4321-a709-cfeed433e7d7">
          <Coords points="1422,3073 1442,3070 1495,3069 1545,3067 1570,3066 1571,3111 1546,3112 1496,3114 1447,3115 1427,3117"/>
          <TextEquiv>
            <Unicode>is,</Unicode>
          </TextEquiv>
        </Word>
        <Word id="word_1d857939-1671-4f46-a073-46968a53fe5e">
          <Coords points="1621,3064 1647,3065 1695,3063 1743,3059 1763,3058 1765,3103 1747,3104 1696,3108 1646,3110 1619,3109"/>
          <TextEquiv>
            <Unicode>Bij</Unicode>
          </TextEquiv>
        </Word>
        <Word id="word_baf61091-1b1d-4256-ac6a-e9d57ad8446a">
          <Coords points="1810,3056 1844,3054 1894,3051 1943,3047 1994,3044 2003,3043 2007,3088 1997,3089 1947,3092 1897,3096 1847,3099 1814,3101"/>
          <TextEquiv>
            <Unicode>dese</Unicode>
          </TextEquiv>
        </Word>
        <Word id="word_9f9b02dd-1b9a-4f4d-b460-34c8a2f60a5e">
          <Coords points="2053,3039 2094,3037 2141,3030 2148,3030 2152,3075 2147,3075 2097,3082 2055,3084"/>
          <TextEquiv>
            <Unicode>d'</Unicode>
          </TextEquiv>
        </Word>
        <Word id="word_fe963fd8-20ef-4c76-8d51-bf897e6c124e">
          <Coords points="2199,3026 2245,3025 2295,3024 2345,3022 2391,3020 2393,3065 2346,3067 2296,3069 2246,3070 2199,3071"/>
          <TextEquiv>
            <Unicode>novo</Unicode>
          </TextEquiv>
        </Word>
        <Word id="word_62d69d00-4ee1-49b0-83c7-90e74f2c570f">
          <Coords points="2447,3019 2452,3019 2495,3017 2544,3014 2595,3013 2634,3012 2635,3057 2596,3058 2547,3059 2496,3062 2444,3064 2439,3063"/>
          <TextEquiv>
            <Unicode>voor</Unicode>
          </TextEquiv>
        </Word>
        <Word id="word_82644608-843e-42de-9a90-cf058a7697b3">
          <Coords points="2680,3011 2693,3010 2744,3007 2794,3004 2846,3004 2894,3001 2921,2998 2926,3043 2897,3046 2846,3049 2797,3049 2747,3052 2697,3055 2684,3056"/>
          <TextEquiv>
            <Unicode>drije</Unicode>
          </TextEquiv>
        </Word>
        <TextEquiv conf="0.8855157672410244">
          <Unicode>g'expireert is, Bij dese d' novo voor drije</Unicode>
        </TextEquiv>
        <TextStyle xHeight="44"/>
      </TextLine>
      <TextLine id="ec52bc39-e9c5-45c4-8b44-f148515a1027">
        <Coords points="803,3224 877,3177 895,3177 905,3168 977,3211 1077,3211 1089,3223 1125,3223 1156,3240 1228,3169 1284,3169 1292,3161 1476,3161 1524,3113 1768,3113 1776,3105 1943,3100 2758,3113 2818,3062 2954,3061 3011,3116 3011,3206 3003,3214 2507,3221 2455,3265 2027,3265 1991,3300 1971,3308 1792,3308 1753,3347 1720,3316 1705,3328 1692,3328 1650,3304 1260,3303 1244,3288 1089,3288 1078,3296 1009,3296 969,3336 894,3371 803,3371"/>
        <Baseline points="846,3279 896,3276 946,3274 996,3273 1046,3269 1096,3265 1146,3262 1196,3260 1246,3259 1296,3258 1346,3256 1396,3253 1446,3251 1496,3249 1546,3245 1596,3242 1646,3241 1696,3239 1746,3236 1796,3235 1846,3234 1896,3233 1946,3232 1996,3233 2046,3233 2096,3230 2146,3227 2196,3226 2246,3225 2296,3222 2346,3220 2396,3218 2446,3213 2496,3208 2546,3206 2596,3204 2646,3204 2696,3201 2746,3198 2796,3196 2846,3194 2896,3191 2946,3187 2969,3184"/>
        <Word id="word_174a149a-2d26-4966-bd70-8472e9d8bf57">
          <Coords points="844,3244 894,3241 945,3239 995,3238 1043,3234 1093,3230 1144,3227 1189,3225 1191,3270 1147,3272 1097,3275 1047,3279 996,3283 946,3284 897,3286 847,3289"/>
          <TextEquiv>
            <Unicode>achter</Unicode>
          </TextEquiv>
        </Word>
        <Word id="word_3b457b86-a7fe-4e5c-8985-79c4b6a4552a">
          <Coords points="1248,3223 1296,3223 1345,3221 1394,3218 1418,3217 1420,3262 1397,3263 1346,3266 1296,3268 1248,3268"/>
          <TextEquiv>
            <Unicode>een</Unicode>
          </TextEquiv>
        </Word>
        <Word id="word_3d89b0e4-5098-4806-a77f-70c6e8d88a96">
          <Coords points="1476,3215 1495,3214 1543,3210 1594,3207 1645,3206 1695,3204 1744,3201 1795,3200 1845,3199 1895,3198 1936,3197 1937,3242 1896,3243 1846,3244 1796,3245 1747,3246 1696,3249 1646,3251 1597,3252 1547,3255 1496,3259 1478,3260"/>
          <TextEquiv>
            <Unicode>volgende</Unicode>
          </TextEquiv>
        </Word>
        <Word id="word_659835dc-1e2e-40bc-86dd-1bb45bf154ea">
          <Coords points="2017,3205 2020,3207 2046,3198 2094,3195 2144,3192 2195,3191 2245,3190 2294,3187 2336,3185 2338,3230 2297,3232 2246,3235 2196,3236 2147,3237 2097,3240 2046,3243 1989,3240 1987,3238"/>
          <TextEquiv>
            <Unicode>jaeren</Unicode>
          </TextEquiv>
        </Word>
        <Word id="word_60455581-9a69-4905-9eab-8acf0b2c9b3c">
          <Coords points="2394,3183 2395,3183 2443,3178 2493,3173 2545,3171 2595,3169 2624,3169 2624,3214 2596,3214 2546,3216 2497,3218 2447,3223 2396,3228 2395,3228"/>
          <TextEquiv>
            <Unicode>inde</Unicode>
          </TextEquiv>
        </Word>
        <Word id="word_3febda5f-c5d7-459b-821a-8295d0b9cbdf">
          <Coords points="2674,3170 2689,3167 2744,3163 2795,3161 2845,3159 2894,3156 2943,3152 2963,3149 2969,3194 2947,3197 2897,3201 2846,3204 2796,3206 2747,3208 2698,3211 2684,3214"/>
          <TextEquiv>
            <Unicode>selve</Unicode>
          </TextEquiv>
        </Word>
        <TextEquiv conf="0.9399293547408032">
          <Unicode>achter een volgende jaeren inde selve</Unicode>
        </TextEquiv>
        <TextStyle xHeight="52"/>
      </TextLine>
      <TextLine id="line_99ee653f-85a6-4e5e-85ea-0cdc6a245f83">
        <Coords points="807,3372 893,3372 969,3336 1009,3296 1077,3296 1089,3287 1245,3287 1261,3303 1649,3305 1677,3314 1700,3307 1972,3308 1992,3300 2024,3268 2444,3268 2480,3251 2588,3251 2604,3263 2692,3263 2700,3271 2736,3275 2900,3275 2928,3299 2965,3299 2965,3387 2464,3388 2448,3400 2284,3400 2228,3448 2068,3448 2040,3423 1693,3419 1641,3468 1405,3468 1297,3476 1281,3492 1217,3483 1198,3464 1179,3472 1153,3455 929,3455 901,3480 807,3480"/>
        <Baseline points="850,3448 900,3442 950,3439 1000,3436 1050,3432 1100,3430 1150,3429 1200,3427 1250,3426 1300,3423 1350,3420 1400,3419 1450,3418 1500,3416 1550,3413 1600,3412 1650,3408 1700,3403 1750,3401 1800,3399 1850,3397 1900,3396 1950,3395 2000,3393 2050,3392 2100,3392 2150,3390 2200,3389 2250,3387 2300,3385 2350,3385 2400,3383 2450,3382 2500,3380 2550,3378 2600,3378 2650,3377 2700,3376 2750,3375 2800,3375 2850,3371 2900,3367 2923,3366"/>
        <Word id="word_ead70a96-8aab-4ba7-b25b-b5dc7465ac38">
          <Coords points="846,3413 896,3407 948,3404 998,3401 1047,3397 1099,3395 1149,3394 1199,3392 1249,3391 1298,3388 1348,3385 1380,3384 1381,3429 1351,3430 1301,3433 1250,3436 1200,3437 1150,3439 1100,3440 1051,3442 1001,3446 951,3449 901,3452 851,3458"/>
          <TextEquiv>
            <Unicode>qualiteijt</Unicode>
          </TextEquiv>
        </Word>
        <Word id="word_18ade298-945d-40ad-9906-29a24f3580b3">
          <Coords points="1434,3383 1449,3383 1499,3381 1548,3378 1593,3377 1594,3422 1551,3423 1500,3426 1450,3428 1435,3428"/>
          <TextEquiv>
            <Unicode>van</Unicode>
          </TextEquiv>
        </Word>
        <Word id="word_e78fb6c9-6b9a-4a33-8720-0a2e053c3b62">
          <Coords points="1622,3387 1625,3384 1697,3368 1749,3366 1799,3364 1849,3362 1899,3361 1949,3360 1999,3358 2017,3358 2018,3403 2000,3403 1950,3405 1900,3406 1850,3407 1800,3409 1750,3411 1701,3413 1657,3415 1654,3418"/>
          <TextEquiv>
            <Unicode>soldaet</Unicode>
          </TextEquiv>
        </Word>
        <Word id="word_974135d0-87d2-4b39-ae72-dfec2793d3ab">
          <Coords points="2072,3357 2101,3357 2149,3355 2199,3354 2249,3352 2299,3350 2350,3350 2399,3348 2449,3347 2499,3345 2549,3343 2600,3343 2649,3342 2655,3342 2656,3387 2650,3387 2600,3388 2550,3388 2500,3390 2450,3392 2400,3393 2350,3395 2300,3395 2250,3397 2200,3399 2150,3400 2100,3402 2071,3402"/>
          <TextEquiv>
            <Unicode>aengenomen,</Unicode>
          </TextEquiv>
        </Word>
        <Word id="word_ca652325-0305-41cd-a86d-eade01eced76">
          <Coords points="2709,3341 2749,3340 2800,3340 2847,3336 2897,3332 2920,3331 2922,3376 2901,3377 2851,3381 2800,3385 2750,3385 2710,3386"/>
          <TextEquiv>
            <Unicode>ende</Unicode>
          </TextEquiv>
        </Word>
        <TextEquiv conf="0.9242646646934627">
          <Unicode>qualiteijt van soldaet aengenomen, ende</Unicode>
        </TextEquiv>
        <TextStyle xHeight="47"/>
      </TextLine>
      <TextLine id="line_5abb5877-0c1d-4b65-8da3-1ffb75f2c57d">
        <Coords points="808,3478 1172,3465 1180,3473 1199,3466 1214,3481 1254,3493 1282,3494 1298,3478 1354,3478 1362,3470 1641,3470 1697,3417 2033,3421 2069,3446 2237,3446 2273,3413 2481,3413 2493,3425 2680,3425 2692,3437 3004,3437 3037,3405 3069,3437 3069,3526 3033,3533 3008,3549 2281,3542 2205,3618 2193,3622 1929,3622 1917,3613 1721,3605 1689,3622 1501,3617 1490,3626 1445,3626 1437,3634 1286,3634 1278,3642 1170,3642 1138,3625 1126,3633 1057,3638 808,3637"/>
        <Baseline points="851,3602 901,3599 951,3596 1001,3592 1051,3590 1101,3584 1151,3581 1201,3577 1251,3574 1301,3572 1351,3569 1401,3567 1451,3565 1501,3564 1551,3562 1601,3560 1651,3555 1701,3553 1751,3551 1801,3547 1851,3544 1901,3542 1951,3539 2001,3537 2051,3535 2101,3534 2151,3530 2201,3529 2251,3526 2301,3525 2351,3524 2401,3520 2451,3517 2501,3515 2551,3513 2601,3511 2651,3509 2701,3507 2751,3506 2801,3505 2851,3505 2901,3505 2951,3505 3001,3504 3027,3505"/>
        <Word id="word_d3a14ac1-9837-4c45-bad0-1aefab0cc744">
          <Coords points="849,3567 899,3564 949,3561 998,3557 1013,3557 1014,3601 1002,3602 952,3606 902,3609 852,3612"/>
          <TextEquiv>
            <Unicode>een</Unicode>
          </TextEquiv>
        </Word>
        <Word id="word_10311bbb-7b41-46f3-86b6-9108515273c9">
          <Coords points="1063,3555 1095,3549 1149,3546 1198,3542 1249,3539 1300,3537 1349,3534 1400,3532 1450,3530 1500,3529 1550,3527 1600,3525 1609,3524 1613,3569 1601,3570 1551,3572 1501,3574 1451,3575 1401,3577 1352,3579 1301,3582 1252,3584 1202,3587 1152,3591 1103,3594 1070,3599"/>
          <TextEquiv>
            <Unicode>Belooningh</Unicode>
          </TextEquiv>
        </Word>
        <Word id="word_f3e60ea0-ff7f-475c-9052-8826ed6d7c91">
          <Coords points="1666,3518 1701,3518 1750,3516 1798,3512 1827,3510 1830,3555 1802,3557 1751,3561 1701,3563 1666,3563"/>
          <TextEquiv>
            <Unicode>van</Unicode>
          </TextEquiv>
        </Word>
        <Word id="word_7bbd79b7-ccbd-4413-92d1-7d9be7a30e72">
          <Coords points="1884,3507 1901,3507 1949,3504 2000,3502 2046,3500 2048,3545 2001,3547 1952,3549 1901,3552 1884,3552"/>
          <TextEquiv>
            <Unicode>elf</Unicode>
          </TextEquiv>
        </Word>
        <Word id="word_17fe3af8-5ae2-48f2-a806-1196e2b16a42">
          <Coords points="2099,3498 2149,3495 2200,3494 2249,3491 2300,3490 2350,3489 2398,3485 2449,3482 2481,3481 2483,3526 2452,3527 2402,3530 2351,3534 2301,3535 2252,3536 2201,3539 2152,3540 2102,3543"/>
          <TextEquiv>
            <Unicode>guldens</Unicode>
          </TextEquiv>
        </Word>
        <Word id="word_63ece209-e33c-453f-8ce3-e7f5234cf46d">
          <Coords points="2535,3479 2550,3478 2600,3476 2650,3474 2699,3472 2701,3517 2651,3519 2601,3521 2551,3523 2537,3524"/>
          <TextEquiv>
            <Unicode>ter</Unicode>
          </TextEquiv>
        </Word>
        <Word id="word_11565153-56fa-40d0-b1ce-58cc647773df">
          <Coords points="2755,3470 2801,3470 2851,3470 2901,3470 2951,3470 3000,3469 3028,3470 3026,3515 3001,3514 2951,3515 2901,3515 2851,3515 2801,3515 2755,3515"/>
          <TextEquiv>
            <Unicode>maent</Unicode>
          </TextEquiv>
        </Word>
        <TextEquiv conf="0.9191715909326962">
          <Unicode>een Belooningh van elf guldens ter maent</Unicode>
        </TextEquiv>
        <TextStyle xHeight="53"/>
      </TextLine>
      <TextLine id="line_8eeddfd0-ce16-4cb2-80de-96c95d3c3615">
        <Coords points="812,3618 898,3619 910,3607 1131,3591 1182,3630 1502,3631 1510,3623 1686,3623 1730,3602 1890,3602 1902,3614 1930,3623 2174,3623 2210,3615 2262,3563 2674,3563 2718,3554 2850,3554 2915,3618 2915,3706 2714,3706 2682,3719 2622,3719 2548,3791 2486,3791 2442,3782 2398,3738 2210,3738 2154,3783 2118,3782 2070,3738 1610,3739 1274,3755 1262,3767 1238,3767 1202,3802 1190,3790 1090,3791 1046,3818 958,3818 946,3809 812,3813"/>
        <Baseline points="855,3770 905,3769 955,3766 1005,3764 1055,3762 1105,3758 1155,3755 1205,3751 1255,3748 1305,3745 1355,3741 1405,3738 1455,3735 1505,3732 1555,3729 1605,3725 1655,3722 1705,3721 1755,3718 1805,3715 1855,3714 1905,3712 1955,3712 2005,3712 2055,3710 2105,3710 2155,3709 2205,3708 2255,3708 2305,3708 2355,3706 2405,3704 2455,3702 2505,3701 2555,3700 2605,3698 2655,3697 2705,3695 2755,3692 2805,3689 2855,3685 2873,3685"/>
        <Word id="word_b8917283-51b3-41c2-b9c7-37d0afcb1b5c">
          <Coords points="854,3735 904,3734 953,3731 1004,3729 1054,3727 1102,3723 1153,3720 1202,3716 1253,3713 1303,3710 1352,3706 1403,3703 1452,3700 1455,3745 1406,3748 1356,3751 1306,3755 1256,3758 1206,3761 1156,3765 1106,3768 1055,3772 1005,3774 956,3776 905,3779 855,3780"/>
          <TextEquiv>
            <Unicode>toegeleijdt</Unicode>
          </TextEquiv>
        </Word>
        <Word id="word_fe6db9e6-5c78-46bc-834e-2d8397369c12">
          <Coords points="1507,3697 1553,3694 1602,3690 1616,3689 1619,3734 1606,3735 1556,3739 1510,3742"/>
          <TextEquiv>
            <Unicode>d'</Unicode>
          </TextEquiv>
        </Word>
        <Word id="word_efb1383a-e487-4ea1-9958-5038f7331827">
          <Coords points="1673,3686 1705,3686 1753,3683 1803,3680 1854,3679 1904,3677 1955,3677 2005,3677 2054,3675 2105,3675 2154,3674 2204,3673 2255,3673 2305,3673 2326,3672 2328,3717 2305,3718 2255,3718 2205,3718 2155,3719 2105,3720 2055,3720 2005,3722 1955,3722 1905,3722 1855,3724 1806,3725 1756,3728 1705,3731 1672,3731"/>
          <TextEquiv>
            <Unicode>verbeteringe</Unicode>
          </TextEquiv>
        </Word>
        <Word id="word_0168327b-9a54-4f32-b1ef-798d1caa291d">
          <Coords points="2381,3670 2404,3669 2454,3667 2504,3666 2545,3665 2546,3710 2505,3711 2455,3712 2405,3714 2382,3715"/>
          <TextEquiv>
            <Unicode>van</Unicode>
          </TextEquiv>
        </Word>
        <Word id="word_c7bf726f-ee45-45cc-9cad-7b380af34ce5">
          <Coords points="2592,3665 2597,3664 2654,3662 2704,3660 2753,3657 2803,3654 2852,3650 2873,3650 2873,3695 2856,3695 2806,3699 2756,3702 2705,3705 2655,3707 2607,3708 2603,3709"/>
          <TextEquiv>
            <Unicode>gagie</Unicode>
          </TextEquiv>
        </Word>
        <TextEquiv conf="0.9407243632569224">
          <Unicode>toegeleijdt d' verbeteringe van gagie</Unicode>
        </TextEquiv>
        <TextStyle xHeight="50"/>
      </TextLine>
      <TextLine id="line_2c8a3c31-1356-46a1-84c3-924c5c1d72da">
        <Coords points="814,3813 944,3809 1000,3865 1024,3877 1070,3877 1088,3893 1100,3894 1236,3766 1264,3766 1276,3754 1368,3754 1384,3746 1448,3742 2071,3737 2135,3794 2211,3737 2391,3737 2439,3781 2487,3790 2550,3790 2627,3722 2679,3722 2715,3705 2799,3705 2839,3745 2968,3745 2968,3833 2808,3830 2799,3839 2747,3846 2739,3854 2667,3854 2643,3878 2347,3878 2319,3902 1320,3902 814,3934"/>
        <Baseline points="857,3922 907,3918 957,3915 1007,3914 1057,3911 1107,3909 1157,3906 1207,3902 1257,3899 1307,3896 1357,3893 1407,3891 1457,3890 1507,3888 1557,3886 1607,3885 1657,3884 1707,3883 1757,3883 1807,3883 1857,3882 1907,3881 1957,3881 2007,3880 2057,3877 2107,3876 2157,3874 2207,3872 2257,3869 2307,3868 2357,3866 2407,3864 2457,3860 2507,3857 2557,3855 2607,3852 2657,3844 2707,3843 2757,3838 2807,3821 2857,3814 2907,3813 2926,3812"/>
        <Word id="word_46191ef6-09fa-427e-8f76-a72eb5e40c56">
          <Coords points="854,3887 904,3883 955,3880 1006,3879 1055,3876 1099,3874 1101,3919 1058,3921 1007,3924 958,3925 908,3928 858,3932"/>
          <TextEquiv>
            <Unicode>ende</Unicode>
          </TextEquiv>
        </Word>
        <Word id="word_ffd320c0-941b-418a-9acd-3797238892e6">
          <Coords points="1158,3872 1203,3867 1255,3864 1305,3861 1355,3858 1406,3856 1456,3855 1506,3853 1556,3851 1606,3850 1649,3849 1650,3894 1607,3895 1557,3896 1507,3898 1457,3900 1407,3901 1358,3903 1308,3906 1258,3909 1208,3912 1163,3917"/>
          <TextEquiv>
            <Unicode>'tnieuwe</Unicode>
          </TextEquiv>
        </Word>
        <Word id="word_2867f664-8fd2-4f7d-9edd-c9a8bf783c52">
          <Coords points="1710,3848 1757,3848 1807,3848 1856,3847 1906,3846 1957,3846 2006,3845 2055,3842 2106,3841 2136,3840 2138,3885 2107,3886 2058,3887 2007,3890 1957,3891 1907,3891 1857,3892 1807,3893 1757,3893 1710,3893"/>
          <TextEquiv>
            <Unicode>verbant</Unicode>
          </TextEquiv>
        </Word>
        <Word id="word_ab0971a9-eeef-402f-9e64-632741b6a2f8">
          <Coords points="2197,3837 2206,3837 2255,3834 2306,3833 2356,3831 2406,3829 2439,3826 2443,3871 2407,3874 2357,3876 2307,3878 2258,3879 2207,3882 2199,3882"/>
          <TextEquiv>
            <Unicode>dato</Unicode>
          </TextEquiv>
        </Word>
        <Word id="word_0eec4335-f6ee-4f20-b893-6e336f4f73bc">
          <Coords points="2509,3822 2513,3823 2556,3820 2605,3817 2619,3815 2626,3859 2608,3862 2557,3865 2505,3867 2501,3866"/>
          <TextEquiv>
            <Unicode>de</Unicode>
          </TextEquiv>
        </Word>
        <Word id="word_e6b5912c-f01c-42a6-a4ae-3d5e342cf4f2">
          <Coords points="2690,3805 2712,3808 2754,3803 2796,3788 2852,3779 2906,3778 2923,3777 2926,3822 2907,3823 2858,3824 2810,3830 2758,3848 2705,3853 2683,3849"/>
          <TextEquiv>
            <Unicode>Eehe</Unicode>
          </TextEquiv>
        </Word>
        <TextEquiv conf="0.7645193818599962">
          <Unicode>ende 'tnieuwe verbant dato de Eehe</Unicode>
        </TextEquiv>
        <TextStyle xHeight="49"/>
      </TextLine>
      <TextLine id="line_83b482a7-bc89-4ddf-981f-f4f48cffa91c">
        <Coords points="2754,3786 2925,3786 2925,3874 2754,3877"/>
        <Baseline points="2797,3851 2847,3853 2883,3853"/>
        <Word id="word_fb13979b-8027-4103-94ef-d979a0b0c4f4">
          <Coords points="2798,3816 2820,3817 2818,3862 2797,3861"/>
          <TextEquiv>
            <Unicode>S</Unicode>
          </TextEquiv>
        </Word>
        <Word id="word_4b96ce67-5d5f-42e5-99ee-6c0cdf240b42">
          <Coords points="2841,3818 2848,3818 2883,3818 2883,3863 2847,3863 2840,3863"/>
          <TextEquiv>
            <Unicode>a.</Unicode>
          </TextEquiv>
        </Word>
        <TextEquiv conf="0.3670755828995326">
          <Unicode>S a.</Unicode>
        </TextEquiv>
        <TextStyle xHeight="29"/>
      </TextLine>
      <TextLine id="line_58a19145-6400-44fa-8620-da1820920eae">
        <Coords points="800,3943 1413,3947 1493,4014 1556,4014 1588,4042 1616,4042 1660,4002 1769,4002 1776,3995 1805,3994 1805,4081 1624,4089 1225,4085 1197,4111 1168,4093 1160,4101 1002,4101 986,4109 874,4109 862,4121 800,4121"/>
        <Baseline points="843,4092 893,4091 943,4087 993,4086 1043,4086 1093,4083 1143,4078 1193,4074 1243,4071 1293,4069 1343,4066 1393,4064 1443,4061 1493,4059 1543,4058 1593,4056 1643,4055 1693,4056 1743,4059 1763,4060"/>
        <Word id="word_63dd2016-8571-4e97-a4b2-5aa0fc14754b">
          <Coords points="842,4057 892,4056 940,4052 992,4051 1043,4051 1091,4048 1140,4043 1190,4039 1241,4036 1292,4034 1341,4031 1392,4029 1441,4026 1492,4024 1542,4023 1592,4021 1642,4020 1694,4021 1745,4024 1765,4025 1763,4070 1742,4069 1693,4066 1643,4065 1593,4066 1543,4068 1493,4069 1444,4071 1393,4074 1344,4076 1293,4079 1244,4081 1194,4084 1144,4088 1094,4093 1043,4096 993,4096 944,4097 893,4101 843,4102"/>
          <TextEquiv>
            <Unicode>Beginnende</Unicode>
          </TextEquiv>
        </Word>
        <TextEquiv conf="0.8019831389204112">
          <Unicode>Beginnende</Unicode>
        </TextEquiv>
        <TextStyle xHeight="42"/>
      </TextLine>
    </TextRegion>
    <TextRegion id="c0919f8b-3932-4e72-adf8-bf52e668ff5e">
      <Coords points="731,715 769,715 769,721 731,721"/>
      <TextLine id="line_6a384710-ce63-4275-9e8c-616b99bbba75">
        <Coords points="689,649 807,649 807,737 689,737"/>
        <Baseline points="732,718 765,716"/>
        <Word id="word_1b8bf131-31d1-4eca-9991-eab80f512319">
          <Coords points="730,683 763,681 766,726 733,728"/>
          <TextEquiv>
            <Unicode>-</Unicode>
          </TextEquiv>
        </Word>
        <TextEquiv conf="0.9380332231521606">
          <Unicode>-</Unicode>
        </TextEquiv>
        <TextStyle xHeight="29"/>
      </TextLine>
    </TextRegion>
  </Page>
</PcGts>
