3703 4828
2008 552 2202 608 le

1333 617 1502 666 over
1543 617 1629 666 d'
1664 622 1835 669 Cust
1877 621 2169 668 malad„r
2207 616 2293 665 en
2335 616 2460 662 p:r
2501 614 2627 660 d„o
2668 613 2961 660 nassouw
3002 615 3169 661 over
3210 612 3419 662 desen

1936 682 2019 728 les

1284 733 1462 795 wech
1505 730 1635 777 aen
1676 727 1939 775 uEd=le
1975 714 2411 777 gecarteert
2454 706 2670 758 heeft
2713 703 2800 751 (:
2841 697 3015 746 ofte
3058 694 3232 742 daer
3274 691 3364 738 jn

1346 831 1500 885 van
1548 822 1850 875 eenige
1898 806 2251 867 materie
2299 797 2601 849 mochte
2651 782 3102 840 gehandelt
3151 769 3355 826 zijn

1350 928 1525 983 daer
1566 922 1653 970 op
1694 916 1996 965 uEd=les
2029 909 2168 961 van
2209 903 2468 953 advijs
2510 895 2726 947 soude
2768 887 3026 938 hebben
3067 877 3330 930 dienen

1406 1007 1728 1064 connen)
1773 1000 1958 1051 ende
2003 995 2188 1044 daer
2232 993 2326 1040 jn
2371 983 2786 1037 bevonden,
2830 978 2970 1027 hoe
3016 973 3200 1022 seer
3245 968 3431 1018 sijn

1363 1105 1769 1168 E:doleert,
1807 1095 1931 1147 dat
1970 1090 2053 1139 d'
2090 1082 2297 1134 cauwa
2335 1075 2459 1125 met
2499 1074 2581 1119 12
2620 1068 2784 1118 p=le
2824 1064 3027 1112 cento
3067 1058 3353 1109 verlies

1355 1214 1582 1268 vand'
1626 1200 2033 1257 abbassijs
2073 1191 2348 1245 belast
2391 1186 2573 1238 hebb
2617 1180 2798 1230 ende
2843 1169 3113 1222 noemdt
3157 1162 3293 1211 dat
3337 1155 3477 1205 wel

1334 1336 1511 1391 seer
1553 1317 1947 1379 versmaden
1987 1304 2121 1359 dat
2161 1295 2295 1346 het
2338 1291 2426 1338 t'
2467 1266 3037 1333 schrapachtich
3079 1259 3255 1309 voor
3297 1257 3431 1304 ons

3340 1319 3419 1366 les

1327 1429 1653 1496 Compt„r
1696 1414 1978 1472 court,
2022 1404 2210 1458 doch
2254 1398 2395 1448 jck
2441 1379 2860 1442 vertrouwe
2904 1371 3046 1422 dat
3090 1364 3374 1417 UEd=le

1326 1527 1613 1593 sulcks
1657 1518 1754 1569 jn
1800 1507 1990 1560 dier
2037 1495 2416 1550 manieren
2461 1486 2652 1538 niet
2699 1472 3078 1529 aennemen
3123 1457 3410 1515 sullen

1348 1632 1527 1684 maer
1568 1624 1660 1675 en
1700 1606 1969 1667 contra
2012 1593 2590 1648 considereren,
2632 1590 2767 1640 dat
2808 1582 2944 1634 wij
2980 1572 3121 1625 soo
3161 1551 3431 1614 gaerne

1348 1731 1595 1785 groote
1633 1716 1923 1774 winsten
1962 1712 2046 1759 op
2080 1704 2252 1756 onse
2291 1693 2621 1747 brengen,
2661 1690 2785 1737 als
2825 1688 2909 1735 d'
2947 1683 3032 1732 E:
3069 1661 3443 1727 geleijnss

1396 1837 1479 1884 op
1517 1832 1601 1880 d'
1639 1817 1886 1874 sijne,
1926 1812 2009 1859 en
2047 1806 2171 1855 dat
2210 1803 2334 1850 het
2373 1797 2538 1848 voor
2578 1795 2701 1841 ons
2741 1790 2906 1839 seer
2946 1781 3476 1836 ontsmakelijck

1345 1929 1561 1984 valt,
1602 1921 1733 1973 dat
1775 1915 1905 1964 soo
1947 1907 2205 1958 danige
2248 1895 2636 1952 capitaele
2677 1890 2893 1940 somma
2936 1887 3151 1935 (:als
3193 1880 3452 1931 overde

1339 2045 1421 2097 50
1456 2039 1499 2087 6
1535 2025 1772 2081 gulden
1810 2021 1929 2070 die
1966 2014 2085 2064 dit
2124 2012 2202 2058 en
2241 2008 2320 2056 't
2358 1996 2711 2051 verloopen
2748 1991 2907 2040 jaer
2945 1990 3024 2035 op
3062 1989 3141 2035 d'
3174 1977 3460 2034 parsise

1335 2130 1731 2191 contanten
1771 2119 2171 2174 verlooren
2214 2116 2392 2163 sijn
2434 2119 2479 2165 )
2520 2117 2655 2166 van
2698 2112 2875 2161 onse
2918 2104 3227 2156 winsten
3270 2101 3449 2149 moet

1338 2236 1905 2303 affgeschreven
1948 2233 2036 2280 en
2078 2232 2166 2278 d'
2207 2227 2427 2275 sijne
2467 2226 2644 2275 daer
2687 2226 2861 2271 mede
2903 2221 3301 2271 vergroodt

1333 2350 1599 2406 werden
1641 2326 2086 2391 dierhalven
2128 2320 2440 2369 (:mijns
2484 2314 2839 2365 oordeelh
2881 2304 3060 2359 niet
3104 2302 3460 2349 qualijcq

1344 2452 1676 2517 behoort
1721 2446 1817 2495 te
1862 2439 2146 2489 nemen,
2192 2435 2334 2483 dat
2381 2432 2523 2479 met
2569 2425 2758 2477 alle
2804 2417 3181 2469 middelen
3224 2410 3322 2462 de

1323 2552 1721 2636 verlijsen
1763 2540 1984 2595 weder
2026 2528 2379 2583 derwarts
2422 2525 2949 2572 remitteeren,
2993 2520 3168 2569 daer
3207 2511 3395 2564 haar

1346 2651 1816 2726 oorpronck
1866 2639 2128 2693 nemen
2180 2637 2339 2685 soo
2373 2634 2597 2687 veel
2647 2626 2806 2677 als
2857 2607 3380 2669 geschieden

1359 2765 1566 2824 can,
1614 2753 1820 2807 ende
1869 2739 2226 2795 genomen
2276 2736 2378 2783 jn
2429 2732 2734 2781 Persia
2783 2721 2989 2776 geen
3036 2704 3295 2764 sijde

1343 2857 1932 2927 geprocureert
1977 2850 2177 2901 maer
2224 2840 2422 2893 alle
2471 2837 2570 2884 d'
2618 2830 3066 2881 contanten

1329 2970 1769 3040 herwaerts
1813 2948 2205 3013 gesonden
2253 2941 2642 2992 wierden,
2690 2939 2788 2985 en
2834 2932 3128 2984 souden
3170 2927 3322 2977 met

1363 3093 1461 3142 de
1501 3074 1848 3136 winsten
1894 3058 2138 3117 deses
2181 3043 2621 3101 Comptoirs
2669 3035 2863 3088 door
2910 3027 3057 3078 soo
3103 3014 3396 3072 danige

1343 3189 1757 3257 verliesen
1800 3183 1893 3233 (:
1933 3174 2212 3226 twerck
2255 3170 2440 3219 door
2477 3164 2621 3217 den
2665 3147 3031 3208 slechten
3075 3137 3350 3190 alloij

1342 3296 1595 3358 vande
1638 3282 1943 3337 nieuwe
1992 3270 2392 3326 abassijs
2431 3265 2541 3314 nu
2589 3248 2990 3309 geslagen
3023 3229 3438 3292 voortaan

1336 3420 1392 3472 5
1439 3405 1544 3462 pr
1592 3388 1848 3446 cento
1897 3373 2255 3431 meerder
2305 3363 2559 3415 wesen
2610 3361 2763 3407 sal
2813 3335 3321 3404 verdelcht,

1340 3507 1683 3575 werden,
1730 3494 1926 3550 ende
1971 3482 2169 3537 daer
2216 3467 2509 3525 tegens
2556 3452 2995 3509 tcomptoir
3042 3440 3337 3495 persia

1355 3626 1506 3679 met
1553 3614 1705 3668 een
1750 3593 2052 3655 schijn
2098 3587 2251 3637 van
2299 3577 2550 3630 winst
2597 3570 2898 3622 sonder
2947 3546 3396 3614 waerheijt

1342 3727 1736 3789 meerder
1772 3702 2183 3769 aensien
2227 3683 2629 3743 hebben,
2683 3671 3076 3725 twelcke
3130 3665 3469 3718 immers

1349 3854 1469 3908 d'
1523 3848 1586 3897 E
1638 3812 2170 3890 Compangie
2227 3800 2404 3855 van
2459 3785 2813 3843 Jaaren
2871 3778 3164 3829 staat

1345 3980 1466 4026 in
1525 3971 1708 4025 dit
1764 3947 2190 4011 geweste
2249 3916 2913 3989 grootdijcks
2970 3897 3275 3963 Soude

1355 4095 1562 4154 doen
1610 4070 2073 4137 abuseeren

1929 4192 2092 4239 t

2527 550 2583 595 _o
