3451 5203
824 458 1127 507 Dederst
1170 461 1516 514 vertreck
1557 469 1773 517 vant'
1816 473 2031 524 Jacht
2074 479 2290 525 Cisch
2332 479 2505 528 sijn
2548 483 2677 531 mij
2720 486 2893 536 geen
2936 491 3152 542 nader

912 583 1147 633 advysen
1180 582 1317 629 uijt
1348 586 1550 633 vipely
1582 588 1951 641 toegecomen,
1982 594 2085 641 dat
2118 594 2387 644 apparent
2419 600 2587 650 eerst
2620 606 2721 655 met
2754 611 2821 659 t'
2854 615 3222 678 retourneren

895 705 1048 758 vant
1085 699 1463 749 fluytschip
1499 703 1839 755 heemstede
1875 711 1951 758 te
1987 715 2363 769 geschieden
2400 723 2627 773 staet,
2663 728 2778 776 als
2814 731 3077 778 wanneer

870 828 984 878 Jnt
1019 820 1354 871 dirigeren
1392 820 1504 866 van
1540 820 1837 871 'sComp=s
1874 826 2173 876 affairen
2208 832 2581 883 derwaerts,
2616 840 3063 896 Jnsonderheyt

899 945 967 992 d'
999 945 1338 993 besendinge
1371 948 1508 994 naer
1540 950 1641 995 den
1674 949 1911 995 prince,
1945 948 2181 995 volgens
2215 948 2283 995 d'
2315 949 2621 999 goedehope
2653 955 2757 1003 wel
2788 960 3166 1025 uytgevallen

883 1067 1162 1120 Zijnde,
1200 1068 1319 1113 met
1358 1067 1557 1114 beter
1595 1068 1951 1115 fundament
1989 1068 2109 1114 sal
2148 1070 2386 1122 Cunnen
2423 1079 2780 1134 gehandelt
2818 1090 3105 1146 werden,

881 1183 986 1234 soo
1020 1179 1295 1228 spoedich
1330 1179 1605 1225 naertyts
1639 1178 2087 1225 gelegentheijt
2120 1182 2396 1236 mogelijk
2429 1193 2568 1240 wert
2601 1197 2773 1245 gelet
2806 1201 2842 1248 u
2875 1203 2980 1250 Ed:
3011 1205 3221 1257 volg=s

898 1291 1198 1342 Meermale
1234 1289 1459 1336 gedane
1497 1288 1984 1338 recommandatie
2021 1293 2134 1344 van
2169 1300 2246 1346 d'
2282 1302 2622 1356 bengaels.
2657 1314 2957 1369 retouren
2993 1325 3122 1374 tot

898 1406 971 1452 t'
1004 1400 1324 1452 ballasten
1358 1397 1430 1444 d'
1465 1393 1926 1442 retourschepen
1961 1394 2033 1440 te
2067 1396 2427 1456 versorgen—

779 1726 894 1783 Den
929 1723 1224 1771 Insichte
1260 1727 1407 1774 vast
1444 1729 1627 1778 hadde
1663 1733 1959 1783 gestelt,
1993 1739 2067 1786 un
2103 1740 2214 1786 Ed:
2250 1740 2398 1788 voor
2434 1744 2839 1794 d'aencomste
2874 1751 3021 1798 vant
3057 1753 3251 1808 jacht

844 1846 1079 1905 Tisch,
1116 1841 1235 1889 met
1273 1840 1353 1888 d'
1390 1845 1625 1894 succes
1664 1849 1820 1898 syve
1859 1853 1938 1899 te
1973 1853 2367 1909 verschynen
2405 1865 2679 1916 schepen
2717 1873 2873 1921 uijt
2912 1876 3224 1933 Taijouan

908 1951 1080 2011 Cost,
1114 1950 1321 1997 vanden
1355 1952 1631 2000 toestant
1664 1956 1734 2003 in
1767 1959 1974 2011 China,
2008 1966 2112 2015 als
2145 1971 2352 2023 Jatpan
2386 1979 2490 2026 ten
2523 1981 2731 2027 vollen
2764 1983 3178 2042 g'Inform=te,

916 2067 1064 2118 ende
1099 2066 1172 2112 t'
1208 2065 1353 2111 gene
1389 2066 1498 2112 ons
1534 2067 1643 2114 van
1679 2069 1823 2117 daer
1860 2072 2149 2120 aengesz,
2185 2074 2693 2132 gecommuniceert
2728 2088 2909 2145 soude
2944 2100 3198 2148 geweest

893 2186 1063 2238 sijn,
1096 2183 1263 2230 hebbe
1296 2180 1430 2227 niet
1463 2180 1664 2226 nodich
1697 2182 1899 2231 g'acht
1930 2187 1966 2234 u
1997 2190 2098 2237 Ed:
2131 2191 2266 2239 daer
2297 2195 2399 2244 van
2431 2200 2599 2247 nader
2631 2203 2699 2249 p.
2732 2205 2766 2250 r
2798 2206 3099 2257 genoemde.

871 2302 1050 2348 lisch
1084 2303 1156 2349 te
1190 2302 1440 2348 dienen,
1475 2299 1689 2347 gaende
1725 2299 1796 2344 nu
1830 2298 1903 2344 by
1938 2299 2116 2345 desen
2150 2299 2294 2350 onse
2329 2306 2685 2360 rescriptie
2720 2315 2830 2364 aen
2861 2322 2933 2369 d'
2969 2324 3040 2369 E:
3075 2323 3188 2374 H=r

914 2433 1206 2483 Gouvern.
1239 2429 1280 2477 r
1315 2424 1645 2473 franchois
1679 2419 1864 2469 Caron
1900 2415 2120 2463 nevens
2156 2416 2413 2463 petitie
2448 2419 2559 2466 van
2595 2422 2816 2475 divers
2850 2431 3188 2481 Coopmansz

895 2560 1013 2608 uit
1052 2559 1288 2607 gem=te
1318 2551 1758 2607 Quartieren,
1796 2548 1916 2596 die
1953 2548 2072 2595 v:r
2110 2549 2191 2600 E.
2226 2555 2268 2602 o
2307 2552 2700 2599 aenstaende
2739 2554 2858 2602 tot
2895 2559 3171 2607 progres

889 2676 1097 2727 vanden
1130 2671 1339 2719 handel
1373 2667 1580 2716 alhier
1614 2666 2029 2712 gerequireert
2063 2667 2305 2717 werden,
2339 2673 2443 2721 tot
2477 2677 2754 2724 welckers
2788 2680 3133 2729 Innehouden

907 2804 1047 2858 Omme
1079 2797 1324 2848 redyten
1356 2796 1427 2841 t'
1461 2796 1775 2843 Eviteren,
1808 2799 1877 2844 my
1911 2797 2154 2844 ondert'
2189 2796 2293 2844 wel
2327 2799 2605 2846 gevallen
2639 2799 2744 2847 van
2777 2802 2816 2848 u
2846 2807 2951 2853 Ed:
2984 2807 3262 2859 Gedrage,

921 2929 1047 2976 den
1088 2923 1508 2976 Almogenden
1547 2923 1718 2970 geve
1754 2921 2178 2970 d'oorlogen
2220 2918 2598 2970 cesseren,
2639 2924 2766 2974 den
2806 2930 3147 2991 toevoer.

912 3048 1245 3104 Opulenter
1281 3038 1540 3095 werden,
1576 3037 1689 3083 den
1725 3037 1948 3084 handel
1983 3037 2318 3085 derwaerts
2355 3039 2763 3094 respireren,
2798 3051 2948 3097 ende
2982 3049 3132 3097 uEd:

905 3180 1378 3241 dienvolgende,
1412 3175 1523 3224 ons
1559 3171 1705 3219 niet
1739 3164 1996 3216 meerder
2032 3163 2396 3213 quantiteyt
2432 3169 2578 3217 Gout
2614 3173 2978 3224 secoureren
3014 3180 3234 3237 mogen,

903 3316 1047 3363 naer
1080 3309 1190 3360 uyt
1225 3308 1441 3356 Jappan
1476 3304 1871 3353 g'adviseert
1906 3304 2087 3351 wert,
2121 3305 2301 3353 heeft
2335 3303 2408 3351 d'
2443 3305 2625 3353 rouwe
2659 3309 2982 3358 bengaels.
3017 3313 3197 3361 zijde

915 3440 1132 3495 Aldaer
1167 3439 1276 3489 C=o
1311 3440 1384 3487 p.
1419 3438 1457 3485 r
1492 3437 1674 3485 cent,
1708 3436 1818 3482 dat
1852 3433 2143 3480 voorwaer
2179 3432 2576 3481 smaeckelijk
2612 3435 2866 3481 winsten
2901 3437 3084 3486 sijn,

914 3571 1066 3627 doch
1097 3566 1177 3615 in
1213 3558 1473 3610 suratte
1510 3558 1733 3604 (sulcx
1769 3560 1917 3606 uEd:
1952 3558 2028 3605 by
2064 3557 2140 3603 d'
2175 3554 2509 3601 Ingeleyde
2543 3552 2769 3601 pamp=n
2806 3551 2917 3597 van
2952 3552 3067 3600 den

918 3683 1332 3750 Directeur
1375 3689 1606 3741 Arent
1650 3686 2063 3738 Barents:,
2107 3688 2246 3736 aen
2292 3686 2475 3733 uEd:
2520 3676 3163 3731 g'addresseert,

924 3831 1095 3883 ende
1134 3827 1261 3879 ons
1301 3823 1386 3869 nu
1427 3815 1679 3866 Jongst
1717 3811 1805 3857 p.
1844 3811 1888 3857 r
1928 3807 2139 3855 viad'
2180 3799 2683 3850 Masulipatnam
2724 3789 3187 3843 toegecomen,

918 3958 1105 4017 Onder
1138 3943 1399 4001 anderen
1435 3934 1655 3985 sullen
1690 3927 1985 3977 gelieven
2021 3926 2095 3972 te
2132 3924 2463 3972 vernemen)
2495 3920 2646 3968 niet
2681 3915 2940 3964 meerder
2975 3915 3086 3961 als
3123 3915 3271 3963 134.

908 4087 1021 4141 P:r
1055 4079 1239 4130 Cento
1275 4077 1529 4124 advance
1566 4073 1965 4123 gerendeert,
2002 4072 2111 4118 dat
2147 4068 2438 4117 tesober,
2473 4066 2619 4113 ende
2656 4066 2837 4111 verre
2872 4057 3129 4111 buijten

874 4207 1100 4261 vorige
1137 4204 1436 4251 gissinge
1472 4200 1734 4248 gegaen,
1771 4198 1920 4245 niet
1957 4197 2218 4243 wetende
2255 4198 2405 4244 waer
2441 4196 2591 4244 uijt
2627 4191 2814 4240 sulcx
2849 4183 3224 4235 resulteren

926 4326 1040 4376 Is,
1076 4330 1154 4377 t'
1188 4332 1265 4380 sy
1301 4330 1378 4376 d'
1413 4323 1790 4373 coopluiden
1827 4324 1903 4370 in
1940 4320 2203 4369 trocque
2240 4316 2353 4363 van
2390 4314 2541 4361 hare
2578 4296 3053 4358 aenbrengende
