3642 4828
742 552 1187 626 February
1236 540 1527 597 1646.

1323 704 1542 757 blyvende
1567 703 1623 749 d'
1647 699 1784 749 mags.
1810 697 1838 743 t
1864 682 2242 740 voevergenougen
2269 680 2377 727 over
2404 680 2458 725 d'
2484 674 2728 725 vercregen
2755 672 2971 719 Victorie
2996 670 3078 718 dan
3105 670 3267 715 becomt

1318 808 1528 869 brieven
1555 803 1645 851 Van
1672 793 1879 847 Chittij
1905 782 2141 836 daerinne
2169 776 2404 826 vermeldt
2431 773 2521 821 hoe
2548 770 2637 817 met
2666 765 2813 814 bevel
2840 761 2988 810 vande
3016 754 3163 805 mags.
3191 752 3310 799 naer

1320 904 1566 968 Oudegaere
1590 898 1673 947 was
1700 886 1996 942 vertrocken,
2020 881 2130 929 ende
2155 877 2264 925 inde
2291 874 2426 922 stadt
2451 869 2587 918 onder
2613 864 2695 913 den
2719 858 2856 907 Berch
2881 849 3099 903 gecomen,
3123 844 3206 892 dan
3232 842 3340 888 door

1311 1004 1627 1069 d'aencomste
1654 999 1741 1047 der
1768 990 1940 1043 mooren
1966 984 2082 1034 miet
2109 977 2309 1028 seecker
2337 973 2508 1022 Wesen,
2534 970 2622 1018 was
2649 966 2707 1014 op
2733 961 2821 1010 den
2847 957 3020 1005 Bergh,
3047 950 3162 1001 Inde
3188 939 3417 993 sterckte

1325 1111 1596 1170 getrocken,
1621 1107 1677 1154 nu
1702 1099 1865 1151 souden
1891 1091 2053 1142 eenige
2080 1090 2161 1136 mij
2187 1084 2322 1134 mogen
2347 1070 2672 1128 beschuldigen
2697 1067 2779 1114 Ick
2805 1065 2914 1111 door
2938 1058 3102 1108 Vreese
3127 1050 3264 1101 vande

1327 1223 1561 1283 vijanden
1587 1214 1705 1265 naer
1732 1205 1877 1257 Boven
1906 1200 1992 1249 Was
2020 1190 2281 1244 getrocken
2307 1183 2425 1233 maer
2452 1175 2655 1227 alsoo't
2682 1168 2828 1219 boven
2855 1162 2972 1212 niet
2998 1153 3203 1207 versien
3229 1148 3354 1197 was,

1333 1340 1420 1390 heb
1444 1334 1504 1383 om
1529 1323 1700 1377 sleven
1725 1319 1784 1366 te
1809 1304 2092 1363 bewvaeren,
2118 1298 2204 1347 dat
2231 1290 2401 1342 anders
2426 1281 2569 1333 groot
2596 1266 2849 1324 verijckel
2875 1259 2989 1310 licx
3015 1253 3101 1302 die
3127 1236 3381 1296 resolutie

1323 1435 1590 1498 getrocken,
1614 1431 1669 1479 d'
1694 1423 1827 1474 mais.
1851 1421 1880 1467 t
1904 1410 2170 1464 andtwoorde
2194 1405 2302 1454 naer
2327 1403 2381 1449 't
2405 1394 2539 1446 lesen
2563 1387 2697 1438 deses
2721 1377 2881 1430 brieff
2907 1366 3119 1421 Chinanna
3144 1361 3224 1409 sal
3247 1354 3332 1405 die

1315 1555 1491 1611 plaets
1516 1547 1606 1598 wel
1631 1530 1952 1590 tosterdoodt
1978 1524 2067 1573 toe
2094 1510 2413 1568 beschermen,
2440 1505 2557 1554 (wij
2582 1494 2759 1550 moeten
2786 1491 2904 1539 hier
2931 1478 3134 1536 partije
3161 1469 3308 1522 volcq

1324 1670 1414 1723 tot
1440 1653 1754 1713 bevrijdinge
1780 1647 1868 1697 van
1894 1643 1953 1691 't
1979 1635 2124 1687 Bosch
2152 1630 2323 1679 tegens
2350 1611 2692 1675 Pinapourders
2719 1602 2892 1655 laten,
2917 1595 3034 1645 ende
3058 1588 3177 1637 naer

1346 1773 1521 1826 velour
1548 1757 1840 1816 vertrecken
1868 1753 1957 1801 dan
1984 1747 2102 1796 daer
2130 1745 2218 1791 een
2245 1738 2393 1789 ander
2419 1731 2596 1782 naerd'
2620 1716 2858 1775 Neycken,
2884 1708 3032 1760 alsoo
3058 1694 3293 1753 Connerij

1319 1894 1439 1950 niet
1464 1886 1553 1937 aan
1579 1883 1638 1930 te
1665 1865 2009 1926 Wegebrengen,
2036 1860 2123 1908 tot
2148 1852 2322 1904 accord
2349 1840 2693 1896 afvaerdigen,
2719 1835 2836 1883 ende
2862 1829 2950 1878 ten
2976 1811 3293 1872 principaele

1320 2001 1502 2064 eenige
1528 1991 1678 2044 macht
1705 1983 1854 2035 tegen
1882 1979 1943 2026 d'
1969 1963 2414 2022 Jolcondaetschet
2441 1956 2561 2006 ende
2587 1941 2943 1999 bescherminge
2972 1937 3061 1985 van
3089 1921 3356 1980 oudegiere

1319 2122 1486 2179 laten
1515 2101 1811 2164 marcheren
1842 2091 2039 2144 sijnde
2071 2086 2170 2135 met
2199 2081 2333 2130 dese
2364 2072 2659 2124 resolutie
2690 2065 2855 2117 vande
2887 2044 3294 2108 legerplaetse

1323 2240 1446 2294 naer
1471 2227 1654 2282 velour
1683 2224 1744 2271 in
1771 2212 2041 2267 aentocht,
2070 2208 2131 2256 op
2159 2205 2220 2252 de
2248 2192 2578 2250 Wechbrenght
2606 2180 2876 2236 manderaje
2904 2175 2995 2224 den
3024 2167 3234 2219 Coninck
3262 2162 3354 2210 een

1326 2354 1464 2409 brief
1489 2347 1573 2397 die
1598 2341 1708 2391 uijt
1733 2334 1843 2386 sijn
1869 2324 2006 2378 besit
2031 2314 2222 2368 becomen
2248 2306 2412 2357 hadde,
2437 2296 2683 2350 luijdende
2707 2292 2791 2339 hoe
2816 2288 2899 2335 dat
2926 2278 3251 2333 s'wisiadoors
3276 2274 3361 2321 van

1328 2456 1600 2509 Oudegiere
1628 2451 1720 2499 tot
1748 2449 1780 2496 5
1808 2446 1840 2492 a
1868 2443 1900 2489 6
1928 2439 1960 2486 l
1989 2422 2381 2482 geconjungeert
2410 2415 2561 2466 wesen
2589 2406 2801 2459 maleija
2830 2400 2982 2450 hadde
3010 2389 3405 2444 aengedoghten,

1329 2580 1417 2626 hem
1442 2564 1678 2623 gevangen
1706 2554 1940 2607 genomen,
1969 2548 2085 2599 ende
2113 2537 2376 2592 Oudehuere
2403 2525 2725 2581 bemachticht
2753 2506 3074 2569 schrijvende
3102 2501 3190 2550 dit
3218 2495 3338 2544 doen

1330 2685 1503 2737 aenden
1529 2672 1789 2729 Cercheijl
1817 2668 1904 2717 die
1930 2655 2190 2711 dadelijck
2216 2649 2304 2698 tot
2332 2643 2533 2693 haerder
2560 2634 2733 2687 verder
2760 2618 3048 2678 exploicten
3074 2605 3306 2661 uijtvoer

1339 2804 1372 2851 4
1399 2792 1645 2847 Opaerien
1672 2776 1948 2835 belovende
1976 2765 2221 2820 haestich
2249 2758 2403 2808 selfs
2430 2745 2706 2802 tevolgen,
2734 2730 3009 2789 blijvende
3036 2719 3281 2773 genoemde

1337 2893 1638 2952 visiadoors
1667 2888 1759 2937 als
1786 2874 2210 2932 goecondaetsche
2239 2863 2541 2918 voornemens
2570 2861 2632 2907 in
2659 2857 2782 2905 sijn
2810 2834 3203 2901 annanteraijes
3232 2820 3384 2878 landt

1332 3022 1394 3075 te
1417 3004 1617 3063 vallen,
1642 2994 1756 3045 dies
1782 2987 1951 3038 nodigh
1978 2984 2091 3030 was,
2117 2979 2231 3028 ende
2257 2976 2343 3023 aen
2369 2973 2510 3020 mais.
2538 2973 2566 3018 s
2593 2966 2818 3018 versoght
2843 2960 2929 3010 tot
2955 2949 3181 3003 desentie
3208 2947 3292 2993 van

1308 3135 1415 3190 sijn
1438 3124 1571 3178 landt
1594 3118 1649 3168 te
1672 3105 1856 3159 reijsen
1881 3098 2169 3149 gelijckoocq
2193 3095 2246 3142 al
2271 3094 2324 3140 in
2350 3090 2507 3139 Weloir
2532 3085 2715 3135 gecomen
2740 3083 2818 3129 Hb,
2845 3071 3105 3128 bliyjvende
3129 3069 3182 3115 d'
3209 3065 3339 3114 Mags.
3357 3059 3392 3109 t

1326 3252 1447 3304 noch
1474 3250 1506 3296 4
1532 3240 1711 3294 mijlen
1738 3236 1829 3285 van
1854 3231 1976 3280 daer
2001 3225 2094 3275 met
2121 3222 2241 3269 dese
2268 3218 2417 3265 quade
2443 3211 2682 3264 tijdinge
2710 3208 2799 3255 Was
2828 3206 2917 3253 den
2946 3200 3152 3252 Coninck
3179 3196 3304 3244 seer

1329 3365 1563 3428 ontstelt
1590 3361 1649 3409 t'
1675 3350 1849 3404 meerd'
1877 3346 2050 3394 groten
2077 3339 2250 3390 scyden
2279 3336 2365 3384 een
2392 3329 2565 3380 Chinij
2593 3323 2794 3374 sulcken
2823 3318 2995 3368 plaets
3023 3316 3110 3363 van
3137 3302 3368 3360 gouverno

1322 3487 1440 3543 ende
1465 3473 1694 3530 sterckte
1720 3469 1806 3517 dat
1834 3466 1919 3513 een
1947 3458 2173 3511 soldaedt
2201 3455 2399 3503 toequam
2427 3452 2541 3500 niet
2567 3449 2625 3495 en
2652 3441 2908 3493 behoorde,
2933 3433 3049 3485 ende
3074 3425 3246 3476 daerom

1331 3601 1418 3648 die
1444 3590 1619 3644 plaets
1646 3584 1762 3633 oocq
1789 3579 1877 3629 Was
1904 3571 2250 3623 overgegeven,
2278 3570 2393 3617 mede
2422 3568 2480 3615 om
2508 3563 2710 3613 redenen
2737 3559 2796 3607 te
2823 3554 2968 3603 Voren
2996 3544 3255 3597 seeckeren

1335 3710 1532 3770 tammena
1558 3706 1643 3754 die
1668 3695 1865 3749 plaetse
1891 3687 2087 3740 Voorden
2113 3678 2308 3731 Coninck
2335 3674 2558 3722 bewaeren
2584 3672 2642 3718 op
2669 3672 2725 3718 de
2752 3663 3030 3715 Viscadools
3057 3659 3141 3706 die
3167 3658 3279 3703 daer
3305 3656 3406 3703 van

1332 3823 1503 3878 groter
1529 3816 1671 3867 macht
1697 3809 1839 3859 sijn,
1864 3802 1951 3852 was
1977 3792 2344 3845 uijtgevallen,
2371 3788 2484 3836 doch
2512 3785 2596 3832 van
2622 3781 2736 3828 haer
2763 3773 3017 3825 gevangen,
3043 3764 3325 3816 geslaegen,

1329 3944 1448 3999 ende
1474 3938 1563 3987 ten
1589 3928 1794 3982 aensien
1821 3923 1909 3971 een
1937 3916 2140 3968 Conincx
2167 3906 2371 3960 dienaer
2399 3904 2486 3950 was
2514 3901 2688 3948 sonder
2716 3899 2891 3945 verder
2918 3890 3179 3944 ongemaeck
3206 3882 3354 3934 laten

1330 4054 1543 4113 loopen,
1571 4048 1633 4098 nu
1662 4037 1843 4091 haddee
1871 4028 2053 4080 Maijs.
2082 4026 2143 4072 t,
2171 4014 2413 4069 dickwils
2441 4009 2563 4057 haer
2590 4003 2683 4053 met
2712 4000 2833 4048 Olen
2862 3998 3193 4045 gedreijght,
3222 3997 3284 4044 en

1344 4161 1573 4219 Chinamne
1598 4155 1658 4205 's
1684 4143 1887 4198 Gouvern
1914 4139 1972 4185 in
1999 4134 2201 4184 gegeven
2228 4126 2430 4178 sijnde,
2458 4124 2572 4170 doch
2599 4122 2687 4170 ten
2715 4120 2773 4167 d'
2800 4113 3001 4164 Conincq
3028 4100 3404 4157 verseeckerden
