3553 4917
2846 299 2990 347 666

744 1098 981 1153 oordien
1014 1108 1082 1155 de
1115 1110 1318 1158 ordren
1350 1114 1521 1168 deser
1553 1124 1756 1175 landen
1789 1130 1856 1176 de
1890 1130 2261 1181 jaerlijckse
2294 1136 2497 1184 verwis
2530 1140 2800 1192 helingen
2833 1140 2935 1191 der

902 1189 1304 1241 Opperhooffden
1328 1189 1428 1238 wel
1455 1195 1887 1253 uijtdruckelijk
1917 1208 2287 1256 vereijschen,
2318 1211 2379 1256 en
2410 1211 2626 1258 volgens
2656 1210 2780 1257 dien
2810 1207 2903 1254 ons

908 1263 1091 1310 gelijck
1117 1265 1197 1312 met
1222 1267 1328 1314 onse
1353 1270 1590 1321 voorsaten
1615 1277 1668 1323 nu
1693 1279 1851 1326 eenige
1877 1281 2008 1329 jaren
2033 1285 2088 1332 is
2112 1288 2323 1334 geschiet
2348 1290 2454 1337 dese
2479 1292 2663 1339 plaetse
2688 1292 2741 1338 en
2766 1289 2846 1337 ons
2872 1289 3029 1335 beroep

912 1334 963 1381 te
986 1337 1184 1386 verlaten
1209 1340 1259 1386 na
1283 1340 1358 1387 bij
1381 1343 1458 1392 is,
1481 1348 1581 1395 ende
1605 1351 1630 1396 u
1654 1352 1679 1397 E
1704 1352 1779 1397 bij
1803 1353 2174 1407 schrifftelijcke
2199 1362 2323 1407 ordre
2347 1362 2422 1408 der
2447 1363 2596 1410 heeren
2619 1366 2744 1414 Raden
2768 1367 2843 1413 van
2866 1363 2992 1412 India

911 1404 988 1454 tot
1012 1409 1139 1458 onsen
1163 1414 1390 1464 verlosser
1414 1420 1716 1472 geordonneert
1740 1428 1866 1475 rijt,
1891 1430 1967 1476 die
1991 1432 2092 1478 oock
2117 1433 2193 1479 met
2217 1434 2343 1480 eenen
2368 1435 2569 1483 gelastel
2594 1438 2745 1484 hebben
2769 1436 2845 1483 van
2869 1432 2974 1481 alle

905 1481 1224 1531 gelegentleden
1248 1487 1347 1535 hier
1369 1491 1420 1537 uE
1443 1493 1591 1543 goede,
1613 1499 1663 1546 en
1686 1502 1736 1548 na
1759 1503 1834 1550 ons
1857 1505 2052 1552 vermogen
2076 1507 2272 1553 kennisse
2296 1508 2345 1554 te
2369 1509 2492 1556 doen,
2515 1511 2588 1556 zoo
2613 1511 2662 1556 is
2686 1511 2759 1556 het
2783 1509 3029 1559 soodanigh,

907 1554 983 1601 dat
1008 1556 1058 1602 om
1084 1557 1186 1604 niet
1209 1560 1286 1608 van
1310 1563 1412 1609 onse
1436 1565 1538 1613 cant
1562 1568 1614 1615 in
1638 1571 1815 1617 gebreke
1840 1573 1891 1619 te
1915 1574 2117 1623 blijven,
2143 1577 2244 1623 niet
2268 1578 2572 1626 tegenstaende
2596 1582 2698 1629 alle
2722 1580 2899 1629 voorige

906 1632 1188 1680 Jnstructien
1213 1635 1316 1683 dese
1341 1638 1470 1684 leste
1494 1640 1624 1689 jaren
1647 1645 1776 1693 van't
1800 1649 1929 1696 begin
1953 1652 2082 1697 offte
2106 1653 2336 1701 februario
2361 1656 2464 1701 1641
2489 1657 2566 1703 tot
2590 1657 2643 1703 op
2667 1656 2795 1703 heden
2820 1652 2898 1701 toe

907 1708 1167 1757 vervolgens
1192 1713 1246 1759 d'
1270 1716 1608 1768 opperhooffden
1633 1724 1711 1770 ter
1737 1725 1841 1772 hand
1866 1727 2074 1776 gestelt,
2099 1730 2308 1779 waerinne
2334 1732 2671 1778 volcomentlijk
2696 1731 2749 1776 de
2775 1730 2879 1776 oude
2904 1729 3009 1777 ende

911 1784 1071 1833 nieuwe
1096 1786 1280 1835 bevelen
1304 1791 1410 1838 ende
1435 1793 1593 1843 ordren
1617 1799 1748 1847 deser
1774 1802 1931 1848 landen
1956 1804 2165 1850 begrepen
2190 1806 2321 1852 zijn,
2347 1806 2425 1852 als
2451 1807 2556 1853 oock
2582 1808 2686 1855 inde
2712 1810 2941 1858 gehouden

879 1855 984 1903 Dagh
1007 1856 1238 1908 registers
1263 1862 1366 1910 alle
1391 1865 1521 1915 bij't
1545 1871 1725 1922 Contoir
1749 1878 1904 1925 alhier
1928 1881 2133 1927 berusten
2158 1882 2261 1928 ende
2286 1883 2337 1928 uE
2363 1882 2440 1928 ter
2465 1882 2568 1928 hand
2593 1883 2772 1928 gestelt
2797 1883 2903 1931 zijn

907 1933 1017 1982 daer
1042 1938 1122 1986 ons
1149 1941 1230 1987 aen
1256 1942 1472 1991 gedragen
1498 1947 1552 1993 en
1578 1948 1659 1995 het
1685 1949 1875 1996 geheels
1899 1952 1980 1998 bij
2007 1953 2169 1999 souden
2195 1955 2356 2001 cunnen
2382 1955 2543 2002 laeten
2570 1957 2786 2004 berusten
2811 1959 2893 2006 met

907 2012 1175 2063 vermaninge
1199 2019 1387 2065 geli.jk
1413 2020 1493 2066 wel
1519 2021 1600 2068 ten
1625 2023 1946 2069 ernstichsten
1972 2024 2078 2071 doen
2105 2026 2318 2075 bijdesen
2344 2030 2611 2077 vandeselve
2637 2032 2904 2078 menichmael
2930 2033 2988 2083 in

897 2088 1062 2139 handen
1088 2088 1143 2134 te
1170 2088 1306 2137 nemen
1333 2092 1684 2143 aendachtelijk
1711 2097 1766 2142 te
1792 2098 1928 2144 lesen
1955 2099 2090 2146 tende
2117 2101 2199 2148 tot
2225 2104 2307 2150 nut
2333 2103 2388 2149 en
2415 2103 2577 2149 dienst
2604 2103 2685 2149 van
2713 2103 2794 2148 des
2820 2102 2986 2153 Comp.s

906 2165 1108 2213 toestant
1132 2169 1209 2214 wel
1232 2170 1309 2216 hih
1333 2172 1484 2221 selven
1509 2176 1584 2222 toe
1609 2177 1660 2222 te
1684 2178 1886 2225 eijgenen
1910 2179 1961 2225 en
1986 2179 2036 2224 te
2061 2179 2363 2228 gebruijcken,
2388 2183 2539 2229 echter
2564 2184 2765 2230 nochtans
2790 2182 2891 2229 in't
2915 2179 3041 2227 corte

901 2247 1046 2292 zullen
1070 2247 1143 2294 bij
1167 2249 1240 2295 een
1263 2250 1457 2298 stellen,
1481 2253 1674 2301 waerinne
1699 2256 1868 2303 meijnen
1892 2258 1940 2303 te
1964 2258 2134 2304 bestaen
2158 2259 2206 2305 en
2230 2260 2400 2307 gelegen
2423 2262 2472 2308 te
2496 2263 2617 2309 sijn,
2641 2264 2714 2309 dat
2738 2264 2860 2309 onser
2883 2264 3028 2310 landen

892 2325 1053 2376 handel
1079 2326 1237 2372 alhier
1263 2327 1396 2374 langh
1421 2330 1659 2376 versekert
1685 2331 1791 2378 ende
1816 2333 2002 2379 (sonder
2027 2335 2186 2381 eenige
2212 2336 2502 2386 merckeli.jk
2528 2337 2844 2388 veranderingh
2868 2333 2949 2380 off

907 2400 1162 2449 beswaringe
1187 2405 1288 2450 magh
1313 2405 1492 2452 blijven
1516 2407 1796 2456 verbeteren,
1820 2411 1871 2456 en
1897 2411 1973 2457 hoe
1998 2412 2151 2459 langhs
2175 2413 2252 2459 hoe
2277 2413 2405 2459 meer,
2429 2414 2505 2460 zoo
2531 2415 2607 2460 tot
2632 2415 2835 2462 voordeel
2859 2411 2988 2460 onser

905 2470 1148 2520 Meesteren
1173 2475 1255 2524 als
1279 2478 1388 2524 eere
1415 2479 1523 2524 ende
1549 2480 1897 2530 achtbaerheijt
1924 2485 2059 2532 onser
2084 2488 2246 2534 landen
2272 2487 2487 2535 gevester
2513 2490 2621 2536 ende
2647 2487 2943 2535 gehanthaeft

645 2633 775 2681 Maer
806 2633 871 2679 op
901 2634 998 2680 dat
1029 2634 1157 2680 zulx
1189 2634 1253 2680 te
1284 2636 1444 2681 beter
1475 2636 1922 2685 protitelijcker
1954 2640 2019 2687 en
2049 2643 2145 2689 met
2177 2642 2402 2688 meerder
2432 2644 2559 2691 loff
2591 2645 2655 2691 en
2686 2640 2943 2690 achtinge

911 2706 1041 2752 soude
1066 2707 1195 2754 mogen
1219 2709 1501 2758 geschieden,
1527 2713 1604 2758 en,
1630 2713 1706 2758 bij
1732 2713 1911 2761 maniere
1937 2716 2014 2762 van
2040 2717 2219 2762 spreken
2244 2716 2424 2761 eeuwich
2450 2716 2629 2762 dueren,
2654 2715 2732 2761 zoo
2757 2715 2965 2767 oordelen

920 2771 996 2819 dat
1020 2772 1070 2818 op
1093 2773 1193 2821 dese
1217 2777 1315 2824 twee
1339 2779 1512 2830 dingen,
1536 2784 1782 2830 behoorl.jk
1807 2785 1906 2832 acht
1930 2787 1980 2833 en
2003 2789 2274 2836 opmerckinge
2298 2789 2421 2834 dient
2446 2789 2618 2835 genomen
2643 2789 2692 2834 te
2716 2787 2865 2833 werden

920 2843 970 2889 op
994 2844 1045 2891 de
1067 2848 1217 2894 gunste
1240 2849 1316 2896 des
1339 2851 1562 2899 landheers
1586 2854 1637 2900 en
1660 2856 1736 2903 het
1759 2859 1932 2907 protijt
1956 2861 2031 2907 des
2055 2861 2253 2908 handels,
2277 2863 2376 2909 dese
2401 2864 2500 2910 twee
2525 2864 2673 2909 moeten
2696 2860 3044 2908 onverbrekelijk

914 2915 1068 2966 bijden
1092 2922 1271 2971 anderen
1296 2927 1500 2974 blijven,
1526 2929 1628 2974 want
1652 2928 1756 2974 eene
1780 2929 1858 2978 van
1881 2932 1959 2979 die
1984 2932 2061 2978 ons
2085 2932 2366 2980 ontvallende
2392 2935 2494 2980 sall
2519 2935 2902 2983 nootsaeckelijck
2925 2932 2979 2982 de

909 2992 1157 3043 verkeringe
1180 2997 1305 3044 onser
1328 2999 1551 3047 volckeren
1574 3002 1624 3047 in
1648 3002 1746 3047 dese
1771 3002 1919 3049 landen
1943 3005 2091 3052 moeten
2114 3007 2312 3057 ophouden
2336 3008 2434 3056 ende
2459 3007 2634 3054 buijten

682 3111 777 3158 Wat
805 3107 1060 3156 belanght
1091 3111 1155 3158 de
1185 3114 1375 3165 gunste
1406 3120 1501 3168 des
1532 3124 1816 3171 landheers
1847 3126 2006 3174 alsoo
2036 3130 2131 3177 die
2161 3133 2290 3180 niet
2319 3137 2383 3185 in
2414 3136 2666 3185 eijgener
2697 3132 2920 3179 persone

903 3179 1157 3231 bejegenen,
1181 3187 1258 3233 zoo
1282 3189 1436 3236 moeten
1459 3192 1537 3238 hem
1561 3194 1739 3244 soecken
1763 3199 1814 3245 te
1839 3200 2017 3250 voldoen
2041 3206 2092 3251 in
2117 3206 2193 3252 die
2217 3207 2320 3257 gene
2345 3212 2421 3257 die
2446 3213 2547 3258 sijn
2573 3212 2750 3258 plaetse
2775 3212 3032 3264 waernemen

904 3249 1012 3299 ende
1037 3255 1277 3308 becleden,
1303 3264 1650 3316 insonderheijt
1674 3272 1729 3318 in
1753 3274 1834 3321 het
1860 3276 1967 3324 nauw
1992 3281 2046 3327 en
2072 3282 2152 3328 wel
2178 3283 2471 3334 onderhouden
2497 3289 2576 3337 der
2603 3290 2868 3337 thooghster
2895 3289 3001 3335 ende

905 3331 1209 3383 voornaemster
1235 3338 1413 3387 bevelen
1438 3342 1489 3388 ja
1514 3342 1617 3388 oock
1640 3344 1718 3391 der
1742 3347 1870 3393 gener
1894 3349 1972 3396 die
1996 3352 2148 3400 minder
2173 3355 2224 3401 ja
2250 3356 2377 3402 helfs
2402 3357 2479 3402 die
2503 3358 2580 3404 des
2605 3359 2759 3407 minste
2782 3364 2886 3416 zijn

901 3401 983 3451 dit
1009 3406 1090 3454 dan
1116 3409 1279 3459 doende
1304 3415 1359 3461 de
1385 3417 1573 3464 bevelen
1599 3420 1653 3466 en
1680 3421 1841 3468 ordren
1868 3423 2003 3471 vande
2029 3427 2136 3474 Maj.
2163 3429 2191 3475 t
2217 3430 2593 3481 achtervolgende
2619 3436 2727 3482 ende
2753 3437 3022 3487 nacomende,

902 3480 1138 3530 aengesien
1163 3486 1216 3532 nu
1240 3489 1320 3535 bij
1344 3491 1424 3539 due
1448 3495 1658 3545 kaiseren
1682 3501 1864 3550 tijden,
1890 3505 1969 3551 bij
1994 3507 2125 3554 zijne
2150 3510 2332 3561 Maij.ts
2357 3516 2644 3565 grootvader,
2669 3520 2773 3565 zijn
2799 3520 2930 3566 vader
2955 3521 3015 3569 en

904 3553 962 3600 nu
988 3556 1074 3605 bij
1100 3561 1243 3612 desen
1268 3569 1466 3621 kaisers
1493 3577 1634 3625 eigen
1662 3580 1831 3631 tijden
1858 3586 1943 3633 soo
1970 3588 2112 3637 lange
2139 3593 2195 3639 in
2222 3593 2363 3642 Japan
2392 3596 2644 3645 geweesten
2672 3600 2813 3646 onsen
2840 3600 3022 3650 handel

901 3636 1118 3689 gedreven
1142 3646 1332 3697 hebben,
1357 3653 1439 3701 zoo
1465 3658 1572 3704 hall
1599 3659 1654 3704 de
1680 3660 1976 3710 hollanders,
2002 3666 2084 3715 dit
2109 3671 2218 3719 zijn
2244 3675 2299 3722 de
2324 3678 2513 3726 woorden
2539 3682 2701 3728 vanden
2728 3681 3024 3729 Commissaris

897 3722 1266 3777 Zickingodonne,
1291 3733 1502 3783 mogelijk
1527 3739 1607 3785 wel
1632 3741 1712 3786 met
1737 3742 1870 3789 ordre
1894 3745 2236 3799 ongetwijffelt
2261 3754 2420 3802 altoos
2445 3758 2550 3803 niet
2575 3757 2760 3805 buijten
2785 3757 2921 3804 zijne

901 3800 1120 3848 kennisse
1146 3804 1421 3861 gesproken,
1446 3817 1584 3864 noijt
1610 3819 1666 3866 in
1692 3822 1775 3868 dit
1801 3824 2102 3878 kaiserrijck
2129 3834 2292 3881 eenigh
2320 3836 2456 3884 quaed
2483 3839 2757 3887 overcomen,
2784 3843 2894 3890 daer
2920 3846 3030 3895 voor

906 3871 1023 3929 (soo
1050 3885 1283 3940 spreeckt
1309 3897 1425 3947 (den
1453 3903 1798 3956 Commissaris)
1826 3911 1914 3960 wil
1942 3916 2029 3962 ick
2057 3918 2115 3965 in
2143 3921 2345 3969 perlone
2373 3924 2518 3971 borge
2546 3924 2749 3971 blijven

699 3985 782 4032 Dit
808 3985 1162 4040 boovenstaende
1188 3996 1297 4044 siet
1323 4000 1379 4047 op
1405 4003 1488 4050 het
1513 4007 1867 4068 principaelste
1893 4024 1949 4072 en
1974 4028 2029 4075 op
2055 4030 2111 4077 't
2137 4033 2463 4085 hooftpoinct,
2490 4040 2599 4088 maer
2625 4043 2815 4090 gelijck
2842 4040 2979 4089 inder

887 4064 1061 4116 Crooter
1084 4072 1232 4121 hooven
1255 4076 1355 4126 veel
1378 4082 1551 4134 trappen
1574 4090 1649 4138 van
1672 4094 1967 4154 waerdicheijt
1991 4109 2116 4160 zijn,
2138 4116 2213 4163 hoo
2236 4119 2385 4169 moeten
2408 4125 2506 4170 alle
2531 4125 2605 4171 die
2629 4127 2727 4172 haer
2752 4127 2928 4179 aensien

902 4135 1002 4185 ende
1024 4141 1172 4191 waerde
1194 4147 1343 4198 minder
1365 4154 1416 4201 is
1438 4157 1489 4204 en
1511 4160 1636 4211 lager
1658 4167 1708 4214 is
1731 4170 1855 4221 ijder
1877 4177 2098 4232 soodanich
2121 4187 2318 4240 (voldaen
2341 4196 2488 4244 werden
2512 4199 2586 4247 dat
2609 4202 2781 4250 niemant
2804 4204 2903 4250 hicr
2927 4205 2976 4250 te

898 4219 1101 4273 beclagen
1124 4229 1276 4279 heeft,
1300 4235 1376 4282 dat
1400 4237 1477 4285 suh
1500 4241 1552 4288 om
1575 4244 1677 4293 doen
1700 4249 1802 4298 ende
1826 4254 2129 4312 oncostelijck
2151 4268 2228 4317 is,
2252 4273 2378 4320 alsoo
2402 4275 2478 4321 het
2503 4276 2603 4323 maer
2628 4278 2679 4324 in
2703 4276 2980 4325 voldoeninge

1443 404 1840 467 Jnstructie
1879 423 2156 473 voorden
2195 427 2277 474 E.
2314 431 2632 485 Reijnier
2670 441 2869 488 van't
2909 443 3031 496 rum

1631 496 2048 549 oppercoopman
2081 505 2221 555 ende
2254 511 2602 565 opperhooft
2636 521 2706 567 in
2740 523 2915 572 Japan

1625 579 1744 624 waer
1774 579 1834 625 na
1863 581 1923 627 de
1952 583 2102 632 zelve
2131 587 2221 635 hem
2250 591 2311 637 in
2339 594 2489 643 zijne
2518 599 2757 650 opreijse
2786 605 2847 651 na
2875 607 3025 656 Jedo,

1618 664 1756 711 zijn
1791 666 2067 718 aenwesen
2099 674 2169 719 in
2202 674 2617 729 Nangasacquij
2649 686 2753 732 als
2787 687 2996 737 andere

1622 748 1983 803 voorvallende
2012 757 2223 807 saecken
2250 761 2373 808 hall
2402 764 2583 812 hebben
2612 768 2673 814 te
2702 770 3008 833 reguleren.

2654 4381 2891 4431 met

894 2547 1142 2599 werden
