3587 4883
1270 450 1327 498 de
1354 452 1551 502 Coopl:k
1577 458 1885 505 uyttesetten
1912 461 2081 507 cunnen
2107 463 2219 511 niet
2246 465 2331 512 wel
2358 466 2498 513 ordre
2524 468 2777 522 toegeven,
2803 478 3000 527 gemerct
3026 483 3139 531 niet
3166 487 3418 550 bespeuren

1264 567 1368 614 daer
1394 567 1498 614 door
1523 569 1808 616 g'annimeert
1834 571 1939 619 sijn
1963 575 2171 626 geworden
2196 582 2378 630 meerder
2403 586 2532 634 syjde
2557 588 2635 635 aen
2661 590 2714 636 te
2738 592 2920 643 brengen
2946 598 3051 644 maer
3074 600 3154 650 hun
3178 607 3258 656 eer
3281 613 3361 662 der

1235 689 1292 737 En
1319 687 1404 736 ter
1431 685 1685 732 contrarie
1712 687 2049 735 steuggeringh
2076 691 2189 738 ende
2217 693 2358 740 trots
2385 696 2610 743 getoont,
2637 699 2779 747 alsoo
2805 703 2889 751 met
2917 706 3086 756 tselve
3113 712 3255 766 onder
3281 722 3423 777 andre

1268 802 1615 852 uijttesetten
1644 806 1818 854 groote
1845 810 2107 864 proffyten
2135 819 2280 865 weten
2308 821 2367 867 te
2395 823 2569 871 laken,
2597 827 2713 873 ende
2740 827 2858 873 maer
2885 828 3089 880 eenlijk
3117 836 3206 886 als
3232 843 3411 900 gecon„

1263 925 1528 972 strengeert
1553 927 1739 974 blijven
1764 930 1844 976 tot
1870 931 2214 983 vereffeninghe
2239 939 2425 991 haerder
2450 947 2505 994 op
2529 950 2583 995 de
2608 951 2715 997 hant
2740 952 2848 999 voor
2872 955 2979 1001 uijt
3004 957 3243 1011 ontfangen
3267 966 3431 1025 silver

1273 1047 1364 1094 met
1393 1048 1543 1095 sijde
1572 1050 1662 1096 ter
1691 1051 1841 1097 marct
1870 1053 1930 1100 te
1960 1055 2139 1105 komen,
2168 1061 2289 1110 daar
2317 1066 2497 1115 anders
2526 1071 2736 1121 wanneer
2765 1077 2856 1124 met
2884 1080 2974 1128 hun
3003 1084 3154 1134 waren
3182 1090 3243 1137 te
3271 1093 3400 1149 coop

1263 1169 1435 1219 comen
1468 1169 1772 1217 t'elckens
1805 1172 2076 1223 comptant
2108 1180 2346 1235 betaelt
2378 1192 2581 1244 werden
2614 1199 2782 1246 onses
2816 1201 3120 1252 gevoelens
3153 1208 3360 1264 graegh

1264 1296 1433 1342 sullen
1462 1296 1689 1348 blijven,
1715 1303 1773 1349 om
1800 1304 1886 1350 aen
1913 1306 2027 1355 meer
2054 1312 2225 1360 silver
2251 1317 2309 1363 te
2336 1318 2563 1368 geraken,
2590 1324 2988 1380 echtercuntsigh
3013 1335 3382 1387 nagelegenth=t

1272 1422 1368 1468 van
1400 1423 1561 1470 saken
1593 1425 1882 1477 soodanigh
1914 1431 2205 1486 Reguleren
2234 1442 2332 1488 als
2363 1444 2588 1493 bevindt
2620 1449 2717 1495 den
2748 1451 2942 1503 dienst
2972 1459 3134 1508 vande
3165 1464 3327 1512 Comp.
3357 1468 3392 1515 e

1254 1541 1315 1589 te
1346 1544 1708 1599 vereijschen,
1738 1554 1830 1599 dat
1859 1555 2011 1604 ivoor
2040 1558 2314 1609 albevolen
2342 1566 2526 1613 blijft

955 1674 1100 1725 Ende
1134 1674 1277 1722 omme
1313 1676 1419 1721 bij
1455 1676 1704 1723 voorval
1738 1677 1810 1724 in
1845 1677 1987 1723 alle
2023 1678 2201 1725 saken
2236 1681 2520 1730 temoogen
2555 1686 2662 1732 met
2697 1688 2841 1736 Raed
2875 1692 2946 1738 en
2980 1689 3123 1736 daet
3158 1691 3407 1742 g'advis

1261 1792 1321 1838 te
1349 1789 1527 1835 wesen,
1556 1789 1734 1835 hebben
1762 1790 1881 1836 goed
1909 1792 2116 1839 gedaght
2145 1792 2204 1839 en
2233 1791 2499 1841 beslooten
2527 1798 2616 1844 bij
2645 1799 2941 1851 Resoluytie
2968 1807 3206 1857 voormelt
3234 1813 3355 1864 ubij

1241 1899 1310 1949 te
1342 1898 1542 1946 voegen
1573 1901 1674 1947 den
1705 1900 1874 1947 Onder
1904 1905 2136 1952 Coopman
2168 1907 2465 1957 Alexander
2498 1912 2598 1958 van
2630 1914 2829 1965 harten
2860 1920 2961 1968 met
2993 1924 3093 1971 den
3124 1926 3359 1978 welcken

1248 2010 1370 2057 sult
1399 2010 1791 2057 communiceren,
1819 2012 1881 2060 op
1910 2016 2000 2063 dat
2030 2018 2181 2067 alles
2210 2022 2302 2071 met
2330 2027 2421 2076 des
2451 2031 2512 2077 te
2540 2034 2692 2082 beter
2721 2037 2872 2084 ordre
2901 2040 3023 2088 magh
3051 2044 3143 2092 int
3172 2048 3323 2095 werck

1243 2128 1462 2177 gestelt
1492 2131 1710 2178 werden;
1739 2133 1989 2180 waermede
2018 2135 2329 2186 vertrouwen
2359 2141 2515 2195 Comp.
2545 2151 2576 2196 s
2607 2151 2764 2200 saken
2793 2156 2888 2206 dan
2915 2161 3228 2215 behoorlijk
3258 2172 3382 2218 sult

1252 2244 1442 2295 cunnen
1472 2251 1788 2305 verrighten
1818 2260 2134 2309 ontwijders
2165 2264 2229 2311 op
2259 2265 2512 2315 ibekomen
2543 2271 2889 2323 Experientie
2921 2278 3268 2335 verlatende,
3298 2291 3394 2338 met

1222 2368 1436 2421 vorder
1471 2377 1933 2434 recommandatie
1966 2391 2038 2437 in
2073 2393 2251 2442 alles
2285 2399 2641 2449 tenmeesten
2675 2405 2923 2456 dienste
2957 2409 3136 2460 vande
3171 2416 3393 2467 Comp:e

1243 2501 1372 2551 (die
1403 2501 1594 2552 vooral
1624 2508 1941 2562 betrachten
1971 2518 2129 2567 moet)
2159 2519 2287 2566 gaen
2317 2519 2444 2567 sult

870 2618 946 2666 De
980 2624 1202 2681 gastos
1237 2635 1350 2683 die
1386 2638 1644 2686 vermits
1681 2641 1755 2687 de
1791 2642 2051 2695 duijrte
2086 2652 2199 2700 der
2234 2657 2529 2711 Cassiens
2566 2666 2715 2714 anno
2750 2669 3009 2717 passado
3046 2672 3380 2728 vrijswaer

1241 2757 1354 2804 sijn
1381 2755 1606 2803 gevallen
1632 2760 1744 2807 sult
1772 2762 1856 2807 soo
1883 2762 1995 2808 veel
2023 2762 2247 2811 mogelijk
2274 2767 2581 2822 mesnageren:
2608 2777 2888 2828 mitsgaders
2915 2783 2999 2830 ten
3027 2785 3139 2832 dien
3166 2786 3334 2833 eijnde

1243 2881 1306 2929 op
1337 2879 1551 2926 deselve
1582 2880 2012 2933 toegesoodanigh
2041 2889 2256 2939 houden,
2286 2893 2378 2939 dat
2408 2894 2532 2942 niet
2562 2897 2838 2948 onnodighs
2868 2903 3023 2950 werde
3052 2906 3389 2960 uytgegeven,

1250 3000 1312 3049 op
1340 2997 1433 3047 dat
1463 2997 1585 3043 onse
1615 2998 1889 3051 overigh:t
1918 3008 2010 3054 int
2040 3010 2101 3056 t'
2131 3012 2344 3064 eenent'
2373 3018 2526 3064 ander
2555 3019 2859 3068 contenten.
2890 3023 2921 3068 t
2950 3024 3104 3078 nemen

1059 3169 1213 3224 Off't
1236 3151 1483 3212 gebeurde
1512 3150 1694 3198 gelijk
1722 3154 1844 3201 sigh
1873 3157 2385 3205 aloogenschijnlijk
2413 3160 2565 3206 laten
2594 3162 2836 3209 aensien,
2865 3165 2986 3212 voor
3015 3168 3106 3213 ons
3136 3168 3377 3217 vertrecq

1249 3269 1367 3315 noch
1396 3267 1455 3315 te
1484 3265 1779 3312 naderhandt
1808 3267 1927 3315 geen
1956 3270 2104 3316 Schip
2133 3271 2222 3316 van
2250 3272 2457 3322 Batavia
2486 3277 2664 3328 alhier
2692 3284 2752 3329 op
2781 3285 3047 3335 donderde,
3075 3291 3370 3337 sultgelijk

3341 3374 3359 3419 s

1239 3384 1472 3431 verleden
1500 3386 1732 3432 saijsoen
1761 3387 1819 3433 na
1848 3387 1964 3434 onse
1993 3389 2138 3437 ordre
2167 3392 2255 3439 wel
2283 3395 2458 3442 gedaen
2486 3398 2603 3447 hebt
2631 3403 2718 3449 int
2747 3404 2892 3451 begin
2920 3403 3008 3449 van
3037 3403 3241 3452 novemb.
3269 3407 3327 3454 rs

1237 3499 1554 3547 aenstaende
1584 3503 1680 3551 een
1710 3507 2057 3559 nederlander
2088 3515 2403 3567 affsenden,
2435 3522 2719 3572 beneffens
2749 3529 2814 3577 n'
2844 3534 3096 3585 advijsen
3127 3540 3317 3590 vanden

1233 3621 1489 3669 toestant
1520 3624 1776 3673 herwarts
1806 3629 1934 3676 over
1965 3632 2126 3680 alsoo
2156 3636 2444 3687 insulcken
2474 3644 2698 3691 gevalle
2729 3647 2889 3693 soude
2919 3649 3112 3699 cunnen
3142 3655 3400 3701 gebeuren

1232 3742 1514 3796 tegendien
1545 3751 1671 3798 tijt
1701 3752 1796 3797 een
1827 3752 1983 3803 schip
2015 3758 2265 3808 vooruijt
2296 3763 2361 3811 op
2390 3767 2517 3817 dese
2547 3774 2704 3820 Custe
2735 3774 2860 3819 quam
2891 3774 2954 3820 te
2985 3775 3331 3829 verschijnen

1227 3860 1357 3907 omme
1388 3862 1679 3913 daermede,
1710 3869 1775 3916 de
1807 3872 1873 3919 in
1902 3874 1968 3920 te
1999 3874 2324 3930 loopensyde
2354 3886 2484 3935 ende
2515 3891 2742 3938 Stoffen
2773 3894 2903 3940 voor
2934 3896 3224 3945 Nederland
3256 3897 3354 3945 nae

2996 4033 3343 4091 Batavia
