3567 4801
2675 567 2845 616 887

1202 1023 1304 1072 i't
1335 1014 1565 1070 Casteel
1594 1000 1794 1057 geldra
1826 997 1892 1043 op
1923 993 1990 1040 de
2019 987 2153 1038 Cust
2185 977 2481 1031 Coronande

1425 1389 1890 1463 September
1940 1379 2145 1432 Anno
2192 1370 2405 1421 1645

815 1758 847 1807 N
863 1746 945 1798 23.
962 1739 993 1786 '
1013 1736 1066 1781 d.
1088 1734 1116 1781 o
1140 1726 1362 1778 vertreckt
1386 1723 1461 1771 van
1485 1722 1584 1768 dees
1609 1721 1782 1768 Thede't
1806 1718 1979 1767 schipd'
2001 1714 2127 1762 Vrede
2151 1714 2250 1759 over
2274 1711 2546 1759 masulipatam
2571 1709 2670 1756 naer
2693 1700 2867 1754 batavia
2891 1699 2916 1744 —

915 1843 991 1895 met
1012 1836 1134 1886 ordre
1155 1831 1253 1880 ende
1275 1821 1587 1875 recommandatie
1609 1818 1730 1865 aende
1753 1811 2112 1862 overcoopluijden
2135 1811 2255 1859 H.:re
2278 1805 2589 1855 Bartholomeeus
2611 1803 2661 1849 d'
2684 1796 2881 1848 Gruijter

914 1950 1004 2000 ende
1024 1940 1159 1993 Pieter
1178 1935 1291 1984 sijme
1312 1934 1357 1980 d'
1379 1928 1512 1979 aldaer
1534 1927 1578 1973 in
1600 1928 1623 1973 V
1643 1921 1822 1972 oorraedt
1844 1918 2021 1967 liggende
2043 1913 2331 1963 Coopmanscharw
2352 1911 2397 1957 en
2418 1909 2464 1956 In
2484 1907 2508 1953 .
2527 1905 2552 1951 o
2573 1902 2685 1948 schip
2706 1899 2751 1946 g'
2771 1889 3044 1943 Embarcqueert

901 2056 1034 2107 sijnde
1053 2051 1121 2100 soo
1142 2045 1231 2095 drae
1251 2037 1450 2089 mogelijck
1472 2032 1582 2081 reijs
1603 2032 1625 2077 t
1646 2027 1757 2076 laten
1778 2020 2042 2071 bevoorderen,
2063 2017 2219 2065 gaeneit
2239 2015 2415 2064 daermede
2435 2013 2481 2060 op
2502 2012 2590 2058 sijn
2612 2004 2899 2058 onstantelijck

914 2163 1082 2219 versouck
1101 2156 1226 2207 (nmits
1245 2149 1432 2200 experatie
1451 2146 1514 2194 der
1534 2142 1638 2190 tijts
1657 2140 1741 2186 ende
1760 2138 1823 2184 tot
1843 2137 1926 2183 geen
1946 2135 2070 2183 Verder
2091 2130 2255 2180 verblijf
2275 2123 2523 2175 g'fuctuneert
2543 2120 2688 2167 sijnde)
2708 2117 2771 2165 den
2789 2107 2895 2161 Cap=n

921 2278 1056 2331 Jurgen
1076 2269 1232 2322 Bodijn,
1252 2265 1342 2313 omme
1362 2262 1430 2309 doo
1450 2253 1650 2306 voorgeest
1671 2253 1715 2298 d'
1736 2251 1848 2298 reijs
1869 2248 2002 2295 naer't
2023 2243 2156 2293 Patria
2176 2239 2244 2287 aen
2264 2237 2310 2283 te
2331 2233 2464 2282 nemen,
2484 2230 2552 2278 den
2573 2225 2794 2275 almogenden
2814 2216 2993 2269 geleijde

917 2392 1081 2444 gemelte
1102 2387 1219 2436 schip
1241 2383 1312 2431 met
1334 2380 1428 2427 sijn
1450 2375 1636 2424 Ingeladn
1659 2369 1868 2419 Cargaspen
1889 2364 2007 2414 enede
2029 2361 2215 2409 daermede
2237 2354 2517 2406 vertreckende
2540 2349 2702 2400 Duinden
2724 2340 2911 2393 spodigh,
2929 2334 3003 2385 ene

915 2516 990 2567 ter
1011 2500 1277 2559 gewenschter
1299 2493 1397 2544 tyjt
1420 2492 1468 2537 in
1492 2489 1614 2537 salvo

665 2681 726 2735 Ao
747 2674 808 2722 24
827 2669 888 2723 en
909 2663 996 2710 25d
1020 2653 1132 2706 niet
1157 2638 1512 2696 remarcquabels
1537 2622 1867 2683 voorgevallen

634 2842 701 2899 Ao
725 2817 876 2883 2650.
902 2799 1142 2860 Vatreckt
1170 2796 1260 2842 van
1288 2792 1379 2840 der
1407 2790 1526 2837 Thee
1555 2787 1644 2834 met
1674 2787 1763 2832 goe
1791 2782 1970 2831 vinden
1997 2775 2177 2826 vanden
2206 2774 2325 2820 Raet
2353 2772 2385 2819 s
2414 2770 2591 2816 actlis
2618 2757 2887 2815 adracture

918 2913 1020 2963 naer
1044 2904 1269 2957 Bengaelen
1292 2899 1419 2949 synde
1443 2896 1618 2943 beladen
1641 2893 1718 2941 met
1742 2893 1792 2938 92
1816 2890 1967 2937 Courss
1990 2888 2116 2935 janco
2138 2883 2216 2933 van
2240 2878 2490 2928 caijepatam
2514 2876 2565 2922 en
2585 2873 2615 2921 3
2639 2867 2715 2915 str
2738 2855 2990 2910 Oliphanten

905 3029 960 3081 In
981 3020 1101 3070 Junio
1123 3013 1290 3063 passado
1313 3008 1457 3058 nevens
1479 3005 1552 3052 een
1573 2998 1718 3050 Gesant
1741 2996 1789 3042 op
1812 2994 1884 3041 den
1906 2991 2003 3038 naem
2026 2990 2170 3036 vanden
2192 2987 2312 3035 Prins
2334 2985 2407 3031 van
2428 2977 2645 3030 Bengaelen
2667 2972 2763 3021 uijt
2785 2959 2954 3016 Cotiare

891 3142 947 3194 P.
970 3138 996 3184 o
1012 3129 1071 3182 '1
1091 3122 1295 3171 Denstact
1316 3118 1346 3166 s
1369 3115 1420 3160 /:
1444 3106 1595 3159 michie
1619 3098 1771 3150 alhier
1793 3088 2071 3141 aengedraght
2095 3086 2171 3132 den
2195 3078 2396 3130 alenogen
2420 3068 2621 3123 gereijde
2645 3066 2697 3112 d.
2719 3063 2747 3109 o
2771 3059 2896 3107 Jacht
2921 3059 2974 3106 En

903 3232 1107 3285 Salvo

714 3374 784 3434 27
806 3358 906 3413 d.o
934 3341 1180 3398 verceint
1210 3332 1548 3385 acherterhee
1579 3332 1671 3378 van
1700 3328 1917 3379 Batasia
1947 3322 2070 3372 over
2101 3315 2316 3366 Ceijlon
2342 3310 2408 3359 't
2438 3304 2592 3355 schip
2622 3304 2684 3349 N:
2713 3295 2995 3347 Amsterdam

887 3462 1074 3515 daervan
1098 3445 1445 3505 d'overicheyjt
1471 3435 1818 3489 rapporteerden
1844 3434 1978 3480 niets
2003 3435 2084 3481 Van
2109 3430 2297 3481 Batavia
2321 3418 2535 3473 voordees
2561 3414 2695 3463 Custe
2720 3409 2828 3458 mede
2853 3408 2884 3456 —

922 3574 1111 3627 brengen,
1131 3567 1229 3619 ende
1251 3563 1300 3611 sn
1321 3555 1535 3607 Compagnia
1557 3550 1629 3599 van
1652 3550 1700 3596 'T
1722 3547 1841 3595 Jacht
1863 3546 1888 3591 d
1911 3541 2147 3590 waterhoudt
2169 3539 2241 3585 van
2262 3534 2359 3582 daer
2381 3531 2429 3578 't
2451 3526 2571 3575 seijl
2592 3521 2735 3570 gegaen
2758 3519 2806 3565 't
2829 3517 2948 3563 welcq
2970 3519 2997 3566 —

914 3696 966 3742 bi
988 3690 1068 3740 den
1092 3678 1375 3734 oWercoopman
1399 3672 1477 3722 P.r
1501 3660 1682 3715 Adriaen
1706 3655 1861 3704 Vander
1886 3650 2040 3700 meijde
2066 3650 2117 3695 om
2143 3649 2194 3695 d'
2219 3645 2348 3694 suijd
2373 3633 2681 3689 aengelhouden
2705 3625 2861 3677 Wierdt

2908 3624 2940 3669 3

923 3815 1000 3863 met
1024 3802 1279 3859 voornemen,
1302 3797 1380 3846 soo
1403 3793 1481 3840 dra
1506 3789 1558 3837 't
1581 3785 1684 3832 gred
1707 3780 1861 3829 aldaer
1885 3772 2114 3825 Ingenomen
2139 3769 2266 3816 hadde
2291 3768 2393 3813 mede
2417 3760 2672 3812 herwaerdts
2693 3756 2747 3804 te
2772 3750 2900 3801 laten

991 3928 1275 3987 vertrecken

711 4090 814 4155 Ad.
841 4082 876 4129 e
904 4066 1191 4124 vertreckt
1222 4062 1381 4110 sacgt
1411 4053 1602 4106 (innen
1632 4049 1728 4098 van
1758 4043 1886 4092 dees
1918 4040 2076 4088 Ehede
2106 4037 2234 4085 over
2265 4030 2455 4081 Carcal
2484 4026 2614 4075 naer
2640 4020 2837 4072 Ceilon
2864 4027 2898 4073 —

920 4187 1016 4239 met
1045 4167 1292 4230 sodanige
1321 4158 1478 4211 Ordre
1505 4152 1570 4200 en
1599 4141 2001 4196 recommandatie
2029 4136 2124 4184 aen
2154 4126 2433 4180 Oeroopman
2461 4122 2525 4169 S.
2555 4121 2771 4168 Adriaen
2802 4121 2992 4169 Vander
