3423 4883
2393 960 2563 1007 1258

1074 772 1465 830 Heeren

1037 1070 1345 1127 Inventaris
1375 1083 1468 1129 der
1497 1085 1773 1135 nagelates
1803 1089 2080 1136 goederen,
2109 1091 2203 1137 van
2232 1092 2355 1138 Zal.
2386 1093 2450 1139 r.
2477 1096 2543 1144 d'
2568 1102 2710 1150 H=re

1039 1189 1299 1240 Cornelis
1330 1196 1524 1243 Witsen
1556 1198 1686 1246 Raat
1717 1202 2200 1268 extra-ordinarij
2233 1223 2331 1270 van
2361 1226 2556 1275 Jndia—

1028 1304 1365 1353 Gouverneur
1398 1304 1465 1350 en
1499 1305 1802 1355 Directeur
1834 1311 1971 1364 over
2001 1322 2070 1371 d'
2102 1327 2371 1382 Eylanden
2403 1336 2572 1383 Banda

1030 1418 1212 1465 (inden
1241 1418 1394 1464 Heere
1423 1420 1697 1473 ontslapen
1725 1430 1817 1477 den
1846 1432 2030 1486 xxien.
2057 1442 2181 1491 July
2208 1448 2300 1496 des
2330 1452 2602 1503 voorleden

1030 1518 1174 1565 maant
1202 1519 1233 1566 A
1260 1522 1318 1569 o.
1345 1524 1490 1574 1646.
1518 1530 1548 1576 )
1574 1533 1690 1583 ende
1718 1539 1805 1586 ten
1832 1542 2091 1594 overstaan
2119 1550 2292 1599 vanden
2319 1556 2378 1603 E.
2405 1559 2664 1611 President

1009 1623 1102 1671 Jan
1132 1623 1347 1673 Simonsz
1375 1630 1526 1681 Capt.
1557 1634 1769 1690 Fredric
1799 1646 2104 1699 Gommesdorp
2132 1655 2225 1704 Sr.
2254 1660 2468 1713 Abraham
2496 1669 2653 1724 Weyns

1018 1722 1188 1771 Opper
1221 1723 1461 1772 Coopman
1492 1729 1564 1779 en
1593 1737 1697 1784 Jan
1729 1740 1831 1788 van
1865 1743 2070 1792 Ronsen
2102 1748 2343 1806 Fiscaal
2373 1764 2476 1811 der

1011 1830 1295 1885 Bandasche
1326 1833 1640 1887 Quartieren
1669 1843 1951 1900 ofgenomen
1982 1855 2107 1902 ende
2138 1853 2358 1903 bestaat
2387 1859 2452 1907 in
2481 1863 2671 1912 volgen

1021 1933 1091 1982 te
1124 1930 1296 1978 weten

592 2085 656 2136 In
686 2090 780 2137 een
810 2091 967 2137 groot
997 2093 1185 2140 Japans
1215 2094 1528 2141 Contoirken

667 2192 753 2239 met
782 2194 896 2239 leer
925 2194 1240 2248 overtrocken

774 2302 1214 2355 Goud-wercq

1229 2311 1251 2357 .

663 2447 714 2495 1.
732 2444 858 2496 goude
881 2440 1028 2487 worst-
1051 2442 1271 2491 kettingh,

663 2552 715 2597 1.
738 2548 870 2595 goude
895 2548 1103 2595 kettingh
1128 2550 1205 2595 met
1231 2550 1388 2597 platte
1412 2553 1680 2607 schaackels

639 2657 699 2703 1.
726 2654 875 2701 goude
902 2658 1218 2711 boed-band.

640 2762 700 2809 1.
727 2758 875 2805 goude
904 2758 1167 2807 hoed-band
1196 2762 1284 2809 met
1313 2764 1488 2813 doppen

652 2862 708 2910 1.
734 2859 873 2909 goude
899 2860 1146 2909 hoed-band
1174 2864 1256 2909 met
1283 2863 1613 2910 geamailleede
1639 2866 1832 2921 doppen.

587 2979 708 3031 516.
737 2977 884 3024 goude
913 2976 1153 3024 cnoopen.

664 3087 726 3132 1.
754 3082 1093 3130 goude-bagge
1123 3084 1216 3131 met
1246 3087 1460 3134 steenen
1489 3088 1707 3138 versien

653 3199 713 3249 1.
739 3192 940 3242 clompje
968 3191 1309 3242 Chinees-Goud
1338 3197 1539 3246 wegende
1565 3202 1623 3248 2.
1650 3203 1707 3248 pp
1736 3203 1793 3248 r.
1821 3202 2025 3249 swaarte

664 3303 737 3356 1.
769 3297 940 3346 goude
973 3297 1346 3347 hair-naalde

663 3408 719 3454 1.
745 3405 912 3452 gouden
939 3404 1160 3450 hoedband
1187 3405 1271 3451 van
1297 3407 1545 3456 getrocken
1573 3411 1739 3458 -draat

657 3524 715 3571 1.
741 3521 884 3568 goude
912 3522 1308 3578 tant-stoocker.

651 3628 732 3676 1.
772 3628 895 3682 mes

890 3648 982 3713 met
1009 3668 1188 3715 goude-
1218 3668 1430 3719 hechten

646 3728 705 3775 1.
734 3729 853 3775 forc
882 3729 913 3775 1

657 3835 711 3880 1.
736 3830 873 3879 goude
899 3829 1034 3874 ringh
1061 3829 1142 3875 met
1168 3829 1250 3875 een
1277 3828 1550 3880 robijntje.

653 3948 715 3997 1.
743 3942 895 3992 goude
924 3941 1045 3991 saac
1074 3946 1134 3993 en
1164 3948 1286 3998 oogh
1314 3955 1404 4000 met
1433 3955 1524 4002 een
1553 3958 1706 4009 dopje

649 4062 722 4108 1.
757 4060 1121 4114 nestelingh
1158 4068 1267 4114 met
1303 4070 1558 4120 maillen
1593 4076 1704 4124 van
1739 4081 1848 4126 Com

649 4231 722 4279 In
756 4232 862 4278 een
897 4234 1074 4284 ander
1107 4241 1319 4296 Japans
1353 4252 1715 4305 Contoirken

885 4357 1274 4413 silver-wercq

605 4473 667 4520 2.
698 4470 911 4518 silvere
942 4470 1281 4521 zout-vaten.

631 4573 728 4620 1..
760 4575 826 4622 d.
857 4578 890 4623 o
922 4579 1148 4631 beecker

2164 4601 2228 4650 2.
2259 4605 2356 4653 do.
2385 4610 2543 4662 romer
