3642 4828
866 588 1299 657 Februaryj
1342 579 1543 629 1646

1305 699 1614 750 vrundtschap
1640 695 1753 743 hier
1781 692 1977 740 gecomen
2004 685 2173 736 sijnde
2199 683 2312 729 ende
2340 681 2452 728 uwen
2480 677 2676 726 Coninck
2703 673 2815 721 dich
2842 670 3067 717 vanteren
3094 667 3179 714 mij
3205 664 3293 712 met

1301 811 1511 869 gelijcke
1537 803 1795 856 Courtoisie
1819 800 1872 847 te
1896 796 2052 844 willen
2076 794 2206 841 Comen
2231 793 2463 839 besoecken
2488 791 2566 837 soo
2591 786 2695 835 oocq
2720 779 2978 830 aengecomen
3003 777 3081 824 ds,
3105 773 3212 821 maer

1307 930 1367 979 in
1395 922 1568 974 plaets
1595 918 1683 966 van
1710 908 2026 962 vrundelijck
2054 903 2284 952 Contract
2313 902 2371 947 te
2397 894 2600 945 maecken
2627 889 2772 938 heeft
2799 879 3116 933 verraderije
3142 875 3230 922 oin

1298 1041 1440 1096 wercq
1464 1027 1687 1084 gesteldt
1714 1025 1798 1072 soo
1822 1020 1908 1069 dit
1935 1015 2046 1064 niet
2073 1011 2211 1059 haest
2238 1004 2569 1055 geremedieert
2597 1003 2653 1049 en
2677 997 2845 1046 wordt,
2871 993 2983 1041 maer
3008 984 3149 1037 onsen

1305 1143 1499 1197 Conincq
1525 1140 1609 1188 ter
1635 1137 1774 1184 voren
1800 1133 1938 1182 Comt,
1963 1127 2103 1178 sald'
2129 1118 2432 1172 Vyandtschap
2458 1112 2570 1162 seer
2594 1095 2953 1156 vermeerderen,
2980 1090 3091 1140 sick
3116 1085 3173 1132 en
3198 1077 3425 1129 schrijve

1303 1263 1396 1312 dit
1425 1256 1548 1305 niet
1577 1253 1669 1300 als
1698 1248 1821 1297 geen
1850 1242 2003 1292 macht
2029 1233 2277 1286 ehebben,
2306 1228 2429 1277 maer
2458 1225 2520 1272 om
2550 1221 2642 1269 dat
2671 1209 2916 1264 tusschen
2943 1198 3159 1252 vrunden
3187 1194 3281 1241 wel

1298 1376 1382 1426 een
1407 1360 1737 1419 misverstandt
1761 1354 1846 1403 kan
1871 1348 2037 1398 rijsen
2062 1344 2146 1391 dat
2171 1337 2364 1389 beteeft
2390 1333 2473 1381 bij
2499 1326 2637 1377 tijts
2663 1311 2992 1369 geremedieert
3016 1302 3155 1354 Wort,
3181 1295 3292 1346 ende

1303 1475 1507 1538 meerder
1533 1470 1621 1518 eer
1649 1467 1735 1514 sal
1762 1461 1935 1512 wesen,
1961 1452 2192 1505 daeromme
2220 1451 2305 1496 soo
2331 1443 2562 1496 Contract
2589 1438 2676 1487 wil
2702 1426 2933 1481 maecken,
2958 1417 3075 1469 ende
3101 1411 3189 1460 mij
3213 1404 3276 1453 te

1280 1587 1445 1639 vreden
1470 1576 1664 1630 stellen
1690 1572 1774 1621 sal
1801 1570 1884 1616 het
1910 1568 1994 1614 wel
2020 1566 2159 1612 wesen
2185 1564 2269 1611 soo
2294 1560 2434 1609 niet,
2459 1554 2571 1604 sult
2597 1551 2653 1598 in
2679 1547 2763 1595 een
2789 1542 2955 1592 maendt
2981 1535 3093 1585 sien
3117 1532 3175 1579 at
3200 1526 3341 1577 quaet

1305 1708 1333 1754 u
1356 1699 1441 1752 sal
1464 1684 1734 1741 overcomen,
1758 1677 1868 1728 dese
1893 1669 2056 1720 saecke
2081 1666 2136 1713 d'
2162 1664 2323 1711 maijs.
2350 1664 2377 1710 s
2402 1653 2779 1708 geremonstreert
2805 1645 2993 1697 sijnde,
3018 1641 3101 1690 and
3126 1628 3316 1685 twoorde

1287 1797 1603 1868 mustafschan
1629 1787 1861 1840 schijnds
1888 1784 1947 1831 nu
1974 1775 2176 1828 gelijck
2203 1771 2290 1818 een
2319 1769 2405 1816 man
2433 1764 2520 1813 die
2547 1759 2635 1808 met
2662 1756 2721 1803 d'
2749 1751 2864 1800 eene
2891 1745 3036 1795 handt
3063 1736 3409 1789 gereedtstadt

1305 1917 1385 1967 eer
1408 1901 1715 1961 tebelpijsen,
1738 1896 1842 1944 ende
1866 1892 1944 1940 met
1969 1880 2300 1936 d'anderehandt
2324 1877 2402 1924 met
2425 1873 2504 1922 een
2527 1867 2657 1917 stock
2681 1863 2758 1911 ome
2782 1856 2987 1906 teslaen,
3012 1846 3345 1900 ondertusschen

1303 2011 1542 2070 vraeghde
1569 2002 1720 2054 sijne
1748 1990 2135 2046 raedtsheeren,
2162 1977 2462 2033 Babelechan
2490 1968 2878 2021 damielewencke
2905 1951 3265 2012 tapeneijcke,

1308 2129 1415 2181 ende
1437 2116 1597 2172 andere
1621 2107 1754 2159 sijne
1778 2100 1988 2151 dienaers
2013 2097 2093 2145 wat
2118 2093 2223 2142 best
2248 2085 2406 2136 gedaen
2430 2080 2615 2129 diende,
2639 2070 2928 2124 andtwoorden
2953 2063 3111 2114 Indien
3134 2058 3189 2106 d'
3214 2051 3346 2102 magt.
3358 2042 3399 2093 t

1309 2234 1386 2281 met
1407 2228 1461 2277 d'
1485 2217 1688 2272 reijcken
1712 2207 1992 2262 accordeert,
2016 2204 2119 2252 ende
2143 2203 2220 2248 sij
2244 2201 2321 2247 met
2346 2197 2473 2245 geldt
2497 2194 2575 2241 als
2598 2189 2726 2238 Volcq
2751 2187 2802 2233 d'
2826 2180 2980 2232 maijs.
3002 2177 3030 2223 t
3054 2166 3308 2221 adsisteren

1310 2337 1479 2394 Cunnen
1505 2324 1812 2381 lichtelijck
1838 2321 1922 2368 den
1950 2312 2366 2366 Golcondoetschen
2393 2306 2532 2356 moor,
2558 2300 2698 2350 Alhoe
2724 2296 2809 2345 wel
2835 2286 3086 2340 oudegiere
3111 2283 3170 2331 In
3195 2274 3337 2326 heeft

1325 2459 1445 2509 ende
1473 2454 1535 2503 al
1563 2443 1745 2498 verder
1773 2438 1865 2487 snt
1894 2435 2045 2483 landt
2073 2430 2225 2479 Compt
2251 2425 2375 2474 niet
2404 2408 2765 2469 tegenstaende
2792 2404 2825 2451 w
2852 2401 2885 2447 O
2913 2389 3185 2444 tepaerdt,
3213 2383 3275 2432 en
3301 2376 3394 2426 30l

1315 2583 1374 2633 t'
1399 2570 1541 2625 voedt
1566 2561 1653 2613 &s,
1677 2549 1875 2603 terugge
1901 2539 2126 2593 drijven,
2153 2535 2265 2583 ende
2293 2534 2433 2580 mette
2459 2518 2795 2578 Minapourders
2820 2507 3018 2562 moetmen
3043 2490 3352 2550 onderbester

1303 2690 1498 2748 vougen,
1523 2683 1635 2733 ende
1660 2676 1771 2727 Voor
1797 2671 1908 2720 alle
1933 2661 2126 2715 saecken
2151 2652 2372 2704 Contract
2397 2639 2618 2695 maecken,
2642 2630 2754 2683 ende
2777 2623 2863 2674 hem
2888 2620 2945 2667 te
2971 2613 3136 2665 vreden
3161 2600 3385 2656 stellen,

1310 2808 1432 2863 ofte
1458 2797 1639 2850 vaders
1667 2789 1846 2842 hebben
1873 2782 1995 2832 niet
2022 2774 2202 2825 machts
2229 2764 2439 2817 genough
2466 2758 2558 2809 hem
2585 2753 2646 2800 te
2674 2736 3001 2797 resisteren,
3027 2729 3091 2779 d'
3116 2713 3267 2770 mags.
3294 2708 3327 2756 t

1298 2920 1471 2979 hebben
1497 2904 1699 2963 (seyden
1722 2896 1784 2947 d'
1809 2885 1954 2939 raedt
1981 2877 2210 2929 dickwils
2238 2865 2552 2921 aengediendt
2580 2862 2666 2909 men
2692 2853 2894 2905 Chittij
2919 2847 3008 2898 soo
3033 2839 3122 2889 een
3148 2821 3435 2883 hooftplaer

1298 3031 1419 3090 niet
1444 3024 1505 3073 en
1532 3009 1737 3067 moesten
1763 2993 2026 3052 betrouwen
2053 2987 2171 3037 dien
2198 2981 2315 3031 doch
2343 2977 2460 3024 niet
2488 2970 2663 3021 anders
2691 2967 2750 3014 en
2777 2959 3040 3011 verstondt
3066 2955 3156 3004 als
3182 2949 3243 2998 In

1274 3146 1368 3203 een
1394 3125 1720 3188 winckeltgen
1748 3122 1809 3169 te
1835 3111 2044 3166 sitten,
2071 3108 2132 3155 om
2160 3101 2308 3152 goedt
2335 3088 2690 3145 tevercoopen,
2719 3081 2867 3132 hadde
2893 3075 2985 3124 die
3011 3065 3190 3118 plaets
3216 3058 3310 3108 een

1304 3247 1659 3316 andergegeven
1687 3238 1924 3291 geweest,
1950 3234 2041 3281 sij
2069 3231 2217 3279 waere
2246 3226 2335 3275 soo
2363 3222 2482 3270 niet
2509 3209 2775 3266 verloren,
2803 3207 2864 3253 d'
2890 3193 3099 3250 Coninck
3123 3181 3303 3235 seijde

1321 3374 1351 3420 t
1377 3369 1468 3419 wel
1495 3362 1613 3413 waer
1641 3357 1759 3406 was,
1787 3351 1904 3400 doch
1932 3348 1992 3396 't
2019 3344 2108 3392 Was
2135 3342 2195 3389 nu
2224 3332 2516 3386 geschiedt,
2543 3325 2661 3376 ende
2688 3317 2807 3370 niet
2833 3302 3127 3360 t'herdoen,
3154 3299 3245 3346 bij

1309 3477 1481 3534 souden
1507 3467 1707 3521 daervan
1735 3456 1962 3511 swijgen,
1988 3452 2046 3499 en
2074 3446 2300 3497 voortaen
2326 3441 2442 3490 maer
2469 3436 2640 3486 goeden
2667 3430 2809 3481 raedt
2837 3424 3007 3474 geven,
3032 3417 3120 3468 ten
3147 3402 3375 3461 laetsten

1304 3592 1531 3648 seyden,
1561 3582 1790 3636 rieden,
1821 3577 1952 3627 ende
1982 3568 2212 3621 stelden
2243 3564 2341 3612 do.
2373 3551 2763 3609 raedtcheeren
2793 3546 2925 3594 Vast
2955 3542 3054 3589 dat
3086 3534 3316 3586 geduren

1307 3697 1926 3772 d'onderhandelinge
1959 3687 2143 3741 mette
2178 3676 2469 3730 neijcken
2503 3670 2613 3719 dat
2649 3666 2758 3714 soo
2791 3661 2903 3710 wie
2938 3660 3012 3705 't
3047 3656 3231 3704 waere

1323 3839 1357 3887 t
1385 3832 1478 3881 sij
1507 3827 1570 3876 't
1598 3818 1752 3869 legen
1781 3814 1874 3863 van
1904 3809 2148 3858 golconda
2176 3804 2300 3853 ofte
2329 3795 2574 3848 visapour
2602 3789 2756 3839 eerst
2784 3781 2969 3833 verder
2998 3770 3244 3826 'tlands

1314 3945 1607 4002 subracq,
1642 3939 1752 3987 men
1786 3937 1861 3984 op
1898 3933 2043 3982 dien
2079 3930 2189 3978 met
2225 3924 2408 3974 alder
2442 3918 2627 3968 macht
2661 3907 2845 3961 moest
2879 3898 3209 3950 aenvallen

1311 4070 1465 4130 ende
1501 4061 1617 4113 den
1654 4045 1999 4104 kanswagen

2580 4170 2995 4231 Hierop
