3273 4828
713 559 1092 612 qualiteijt
1129 567 1205 612 en
1243 567 1508 613 saelmen
1544 567 1621 613 op
1659 566 1999 613 sodanigen
2036 565 2227 612 wijse
2264 567 2416 614 niet
2453 568 2566 615 van
2604 570 2680 615 t'
2717 567 2869 614 eene
2906 564 3097 611 boort

618 664 731 712 aen
763 653 916 705 ofte
952 652 1065 698 men
1102 652 1214 699 sal
1250 654 1326 700 de
1362 652 1549 699 selve
1586 652 1773 700 eerst
1808 651 1885 697 en
1922 650 2182 699 alvoren
2220 654 2295 701 de
2331 656 2593 705 redenen
2629 658 2704 704 en
2740 651 2965 703 motive

724 744 1082 794 aenwijsen
1121 741 1360 788 waerom
1399 740 1597 788 sulcx
1637 739 1994 786 geschiet,
2033 742 2273 790 welcke
2310 745 2430 791 dre
2469 744 2588 790 wij
2628 744 2787 790 niet
2826 746 3066 794 hebben

703 833 915 885 mogen
956 831 1333 878 genieten,
1374 831 1709 879 gelieven
1750 833 1835 879 de
1875 833 2085 879 Heren
2127 833 2253 878 van
2294 831 2671 879 Amsteldam
2712 831 2838 877 dat
2879 828 3048 876 hare

653 929 968 982 dienaers
1006 927 1124 974 soo
1163 926 1359 972 mogen
1399 923 1830 971 getracteert
1869 920 2144 968 worden,
2183 921 2301 969 wel
2340 925 2457 972 aen
2497 927 2614 973 dan
2654 928 2890 977 sullen
2928 931 3125 979 alles

679 1026 817 1077 met
862 1020 1268 1071 patientia
1312 1017 1494 1064 over
1537 1011 1809 1061 comen,
1853 1012 1944 1058 de
1989 1012 2215 1060 wijle
2260 1015 2440 1061 door
2484 1015 2576 1064 de
2610 1013 2890 1064 Genade
2935 1015 3072 1062 des

702 1116 1216 1168 alderhoochsten
1252 1113 1362 1160 soo
1399 1112 1546 1159 veel
1582 1111 1912 1161 verstandt
1949 1111 2206 1158 becomen
2243 1112 2499 1158 hebben,
2536 1112 2646 1157 dat
2683 1108 3125 1157 onderscheijt

703 1217 1013 1267 tusschen
1050 1214 1359 1261 menschen
1397 1214 1474 1260 en
1512 1213 1820 1260 menschen
1858 1211 2051 1259 hebbe
2086 1208 2320 1255 connen
2358 1207 2627 1253 maecken
2666 1200 3051 1251 principael

695 1308 799 1356 dat
834 1305 972 1353 mijn
1006 1304 1248 1351 betaels
1282 1303 1490 1350 heeren
1523 1302 1696 1350 sijn,
1730 1301 1834 1347 aen
1868 1300 2006 1346 wien
2041 1300 2144 1345 ick
2179 1300 2282 1345 met
2315 1299 2455 1345 eede
2488 1293 2799 1343 verplicht
2833 1289 3075 1337 blijve,

694 1403 804 1450 hoe
841 1403 1026 1450 soude
1062 1404 1173 1450 ick
1210 1402 1320 1449 dan
1356 1400 1467 1445 soo
1504 1395 1836 1444 disperael
1870 1395 2168 1443 geworden
2204 1397 2351 1443 sijn
2387 1396 2425 1442 U
2460 1392 2572 1441 Ed:
2609 1387 2866 1436 gegeven
2902 1383 3129 1432 wetten

708 1504 786 1551 te
825 1501 1138 1550 violeren
1176 1500 1255 1546 in
1292 1495 1529 1545 diense
1568 1494 1646 1540 in
1685 1492 1920 1539 debita
1959 1492 2154 1538 forma
2191 1490 2389 1538 waren
2427 1486 2742 1533 geweest,
2778 1487 2936 1534 naer
2974 1486 3096 1535 ons

693 1590 883 1640 blint
921 1587 1187 1635 oordeel
1225 1586 1415 1632 hebbe
1453 1586 1529 1632 t'
1567 1582 1758 1631 selve
1795 1583 2061 1631 gelijck
2099 1586 2289 1632 boven
2326 1581 2593 1630 geseijt
2630 1580 2783 1626 niet
2818 1575 3053 1626 anders

681 1688 1008 1741 verstaen,
1045 1687 1154 1733 den
1190 1685 1554 1731 Philosooph
1590 1684 1809 1730 Seneca
1845 1685 1954 1731 die
1990 1683 2173 1731 seijl
2208 1682 2318 1727 men
2354 1680 2464 1727 sal
2499 1678 2573 1724 de
2605 1676 2791 1724 ooren
2827 1671 3118 1721 sluijten

694 1789 772 1843 om
806 1784 880 1833 de
914 1779 1096 1827 quade
1132 1777 1385 1824 woorden
1421 1777 1566 1823 niet
1602 1776 1710 1822 aen
1746 1776 1818 1821 te
1853 1774 2071 1822 horen,
2107 1774 2216 1821 ick
2252 1774 2541 1820 versoeck
2576 1774 2650 1821 t'
2683 1772 2866 1822 selve
2901 1773 3046 1819 hier

691 1882 862 1933 mede
904 1879 990 1926 in
1028 1871 1415 1923 gedachten
1456 1865 1670 1915 comen
1713 1865 1930 1918 mach.

700 1984 831 2036 Wij
873 1973 1134 2023 kunnen
1175 1969 1351 2016 niet
1393 1964 1872 2013 naerlaeten,
1915 1965 1958 2010 U
2002 1965 2132 2010 Ed:
2175 1965 2436 2011 bekent
2478 1965 2566 2011 te
2610 1965 2914 2016 maecken
2957 1965 3088 2016 hoe

716 2069 1097 2129 periculeus
1133 2065 1211 2114 de
1249 2061 1439 2109 haven
1476 2060 1592 2106 aen
1629 2061 1707 2109 S.
1742 2064 1819 2110 t.
1857 2060 2011 2108 Jago
2046 2063 2162 2110 sij
2196 2063 2352 2110 ende
2389 2064 2617 2112 staet,
2656 2067 2732 2112 te
2770 2068 3112 2119 beduncken

716 2175 834 2222 soo
872 2172 952 2219 de
988 2162 1188 2217 selve
1227 2160 1345 2206 bij
1384 2152 1817 2205 continuatie
1856 2151 2093 2199 langer
2131 2153 2526 2203 gebruijckt
2564 2159 2723 2206 wort
2761 2163 2840 2210 de
2879 2165 3038 2213 Comp
3075 2169 3115 2215 e

712 2265 911 2316 grote
949 2256 1187 2309 schade
1225 2248 1543 2301 toecomen
1581 2246 1700 2291 sal

742 2381 879 2432 Het
920 2380 1145 2428 grote
1188 2366 1769 2424 verwonderingh
1810 2375 2078 2423 hebben
2121 2376 2700 2426 geremerckeert
2744 2381 2878 2427 hoe
2921 2377 3057 2426 dat

724 2481 1146 2535 geduijrende
1184 2476 1338 2525 dese
1374 2472 1721 2521 voijagie,
1759 2477 1951 2524 noijt
1989 2478 2181 2524 enige
2219 2479 2449 2528 winden
2487 2483 2718 2533 hebben
2756 2487 3102 2534 gerescon

704 2578 999 2635 treert
1040 2574 1166 2620 gel
1207 2574 1374 2620 UEd:
1415 2573 1500 2619 in
1541 2572 1708 2618 hare
1750 2572 1918 2619 mede
1958 2574 2252 2624 gegeven
2289 2579 2710 2631 instructie
2751 2586 3086 2640 gelieven

691 2672 1156 2724 t'ordonneren
1193 2670 1310 2717 als
1348 2666 1542 2714 vande
1580 2662 1735 2711 Caep
1773 2662 1890 2709 tot
1924 2664 2045 2713 St.
2082 2670 2276 2720 Paulo
2314 2677 2468 2725 doch
2506 2680 2739 2728 echter
2777 2684 3088 2738 sodanich

686 2775 848 2826 niet
887 2773 1007 2819 als
1046 2770 1126 2817 de
1165 2766 1444 2815 gegeven
1484 2763 1881 2811 instructie
1921 2763 2240 2817 luijden,
2273 2772 2358 2819 in
2397 2775 2597 2824 somma
2636 2780 2795 2829 alle
2834 2784 3036 2839 weren

687 2883 771 2930 en
809 2875 1060 2926 winden
1101 2868 1474 2919 contrarie
1514 2868 1639 2914 dat
1680 2867 1804 2913 ons
1846 2866 1971 2912 een
2010 2868 2259 2919 reijse
2300 2874 2426 2922 van
2464 2878 2631 2924 acht
2672 2878 2965 2931 maenden

687 2975 805 3022 min
843 2970 1040 3019 eenen
1079 2967 1236 3015 dach
1275 2964 1471 3011 heeft
1511 2960 1943 3009 gecauseert,
1981 2965 2138 3013 doch
2177 2966 2413 3015 gesont
2451 2970 2648 3022 volck
2687 2977 2844 3023 int'
2883 2977 3080 3025 landt

688 3070 1125 3128 gebracht,
1172 3066 1270 3113 de
1317 3059 1560 3110 goede
1607 3057 1801 3108 Godt
1850 3058 2045 3103 geve
2092 3060 2239 3114 dat
2262 3070 2671 3125 d'andere
2718 3081 3061 3134 schepen

687 3163 1221 3224 voorspoediger
1259 3156 1467 3206 mogen
1507 3150 1918 3201 overcomen,
1959 3153 2333 3209 hiermede,

517 3323 877 3377 Erentfeste,
909 3319 1170 3368 Manhafte
1200 3313 1332 3363 wel,
1363 3310 1527 3356 wijse
1559 3307 1917 3354 voorsienige
1949 3306 2080 3353 seer
2112 3306 2405 3353 genereuse
2437 3308 2665 3357 Heeren,
2697 3310 2894 3365 willen
2924 3322 2960 3370 u
2990 3328 3093 3376 So

475 3399 893 3451 gesamentlijck
925 3399 1053 3447 naer
1084 3398 1595 3450 hartgrondelijcke
1627 3395 1979 3443 groetenisse
2010 3396 2074 3441 de
2106 3396 2362 3444 genadige
2394 3399 2649 3446 Protexie
2681 3400 2777 3446 des

452 3489 810 3543 Hoochsten
847 3485 1164 3533 Bevelen,
1203 3486 1400 3532 Actum
1439 3485 1558 3531 Jnt
1596 3482 1873 3529 Casteel
1911 3482 2188 3532 Batavia
2225 3482 2424 3528 desen
2463 3483 2543 3531 15
2580 3485 2897 3534 Januarij
2935 3490 3094 3543 1648

1228 3633 1431 3687 vEd=e
1469 3618 1954 3676 Onderdanigen
1993 3612 2278 3664 Dienaer

2331 3699 2570 3760 JBven
2613 3683 2855 3741 dntel
2903 3678 3047 3728 Min
