3703 4828
1428 522 1645 571 Indigo
1679 527 1787 572 tot
1823 526 1968 572 dien
2001 522 2147 572 ofte
2182 523 2290 573 wel
2326 527 2542 574 minder
2578 529 2758 576 prijs
2793 531 2902 578 sal
2937 534 3188 581 voldoen
3224 536 3476 583 connen,

1419 634 1523 681 soo
1557 634 1660 681 dat
1693 636 1729 681 u
1762 637 1934 684 Ed=ts
1967 636 2208 684 deselve
2241 636 2686 683 ongetwijffelt
2719 632 2823 680 p=r
2857 632 2925 679 't
2960 634 3131 680 Jacht
3164 633 3509 681 valckenb=j

1425 739 1550 785 soo
1590 740 1758 788 over
1798 741 2048 788 gamron
2089 739 2215 786 van
2255 741 2464 787 mocha
2505 742 2630 789 sal
2671 741 3212 789 geretourneert
3253 738 3461 787 wesen

1424 841 1530 888 off
1565 842 1636 888 't
1672 843 1778 888 een
1813 842 1990 888 ander
2026 840 2239 887 schip,
2273 842 2380 887 dat
2415 843 2450 888 u
2485 843 2662 890 Ed=ts
2697 845 2839 891 daer
2875 845 2982 891 toe
3016 842 3371 892 gelieffden

1411 942 1909 992 'tordineeren,
1946 945 2023 991 te
2061 945 2444 991 verwachten
2481 943 2750 992 hebt./.

1372 1118 1458 1165 De
1500 1118 1798 1167 procure
1840 1121 1968 1167 der
2009 1121 2223 1168 rouwe
2265 1122 2605 1172 lijwaten
2647 1127 3242 1177 vooraenstaende
3285 1132 3457 1181 Jaer

1412 1224 1594 1270 heeft
1629 1225 1702 1270 jn
1737 1225 2099 1271 ammadabath
2134 1226 2207 1272 (:
2242 1227 2387 1275 naer
2422 1229 2496 1275 't
2531 1229 2820 1276 schryven
2856 1230 2965 1275 van
3001 1230 3073 1275 do
3108 1229 3506 1278 kittensteij

1421 1319 1766 1371 totcwijle
1803 1327 2071 1377 prijsen
2107 1332 2338 1378 goeden
2376 1333 2757 1380 voortganck
2794 1334 3063 1380 genomen
3100 1333 3177 1379 om
3214 1332 3444 1379 welcke

1414 1432 1618 1479 reden
1658 1435 1781 1482 hem
1821 1438 2270 1487 geordineert
2310 1442 2514 1488 hebbe
2555 1441 3004 1487 verscheijde
3044 1435 3452 1488 sorteringe

1417 1536 1660 1588 cleeden
1693 1543 1763 1589 in
1797 1545 1970 1591 mocha
2004 1547 2246 1594 courant
2279 1549 2349 1594 in
2383 1548 2452 1594 't
2486 1548 2659 1596 werck
2692 1551 2763 1597 te
2794 1550 3038 1598 stellen
3072 1551 3211 1598 ende
3244 1553 3419 1601 ditos

1413 1645 1640 1694 incoop
1678 1645 1791 1692 bij
1828 1647 1941 1694 der
1978 1649 2167 1695 handt
2203 1651 2279 1696 te
2316 1651 2542 1697 nemen,
2579 1652 2654 1698 om
2692 1653 2805 1699 den
2842 1654 3257 1709 bequaemsten
3293 1664 3443 1710 tijt

1393 1753 1550 1807 niet
1589 1752 1665 1798 te
1703 1752 2124 1801 versuijmen,
2161 1755 2429 1801 dewijle
2467 1755 2544 1801 de
2581 1755 2926 1803 penningen
2963 1758 3194 1806 ledich
3230 1760 3468 1809 hebben

1402 1868 1670 1916 leggen,
1709 1871 1862 1917 mijn
1900 1871 2284 1918 vastelijck
2322 1872 2744 1923 inbeeldende
2779 1877 2858 1924 de
2897 1877 3242 1925 Jonghsten
3280 1878 3514 1927 Mochal

1402 1978 1680 2027 voijagie
1714 1979 1817 2024 wel
1852 1977 2300 2024 gesuccedeert,
2333 1980 2471 2028 ende
2505 1983 2575 2029 de
2609 1985 2851 2032 cleeden
2883 1987 2988 2033 met
3022 1986 3194 2032 goedt
3228 1984 3504 2031 voordeel

1385 2103 1647 2151 gevendt
1685 2102 1909 2148 sullen
1946 2100 2170 2146 wesen,
2206 2099 2282 2145 te
2319 2097 2469 2144 meer
2506 2097 2582 2144 om
2617 2099 2731 2146 dat
2766 2101 2842 2147 in
2880 2102 3178 2148 Cambaija
3215 2103 3365 2149 door
3401 2101 3477 2149 't

1387 2215 1698 2266 weygeren
1736 2222 1931 2268 vande
1969 2224 2319 2271 portugesz
2358 2220 2591 2270 passen
2630 2218 2902 2265 omtrent
2940 2218 3058 2265 700
3096 2221 3329 2267 Grop=a
3365 2216 3485 2265 aen

1402 2328 1663 2375 cleeden
1699 2330 1923 2377 (:naer
1959 2333 2145 2381 mocha
2182 2335 2664 2382 geprojecteert
2701 2335 2775 2381 :)
2812 2332 3258 2380 overgebleven
3294 2329 3480 2376 zijn,

1387 2435 1623 2483 gelyck
1662 2437 1779 2483 van
1817 2437 2092 2487 voorsz.
2131 2441 2601 2491 kittensteijn
2640 2444 2796 2489 voor
2835 2443 2913 2489 de
2953 2444 3266 2494 waerheyt
3305 2446 3462 2494 mijn

1383 2552 1858 2605 geadviseert
1900 2546 2116 2596 is./.

1358 2721 1630 2769 zeedert
1668 2721 1977 2769 nassouws
2015 2722 2324 2770 vertreck
2362 2725 2517 2771 sijn
2555 2726 2709 2772 hier
2748 2727 2825 2772 de
2863 2725 3095 2772 moorsz
3133 2724 3481 2773 scheepen,

1382 2818 1451 2864 d'
1483 2817 1686 2864 Ilheij
1719 2819 1887 2866 (:den
1919 2818 2224 2867 Coninck:)
2255 2821 2392 2867 ende
2424 2824 2661 2873 Masseij
2693 2828 2996 2874 (:hackiem
3030 2826 3265 2874 Masleij
3298 2825 3501 2872 'tsjin

1359 2920 1474 2970 ma
1511 2917 1999 2967 toebehoorende
2037 2922 2112 2967 :)
2150 2922 2262 2967 van
2300 2921 2563 2969 atchijn
2600 2924 3127 2973 geretoerneert,
3162 2925 3467 2973 dewelcke

1389 3025 1492 3071 een
1525 3023 1663 3069 seer
1697 3023 2108 3072 proffitabile
2142 3023 2417 3070 voijagie
2450 3024 2656 3070 gehadt
2690 3023 2827 3069 ende
2862 3023 2930 3068 (:
2964 3023 3102 3069 naer
3135 3025 3238 3070 van
3273 3021 3478 3070 eenige

1390 3129 1777 3178 coopluijden
1812 3129 2058 3177 bericht
2093 3132 2269 3178 bes:)
2303 3131 2409 3177 van
2443 3129 2549 3176 een
2584 3128 2725 3174 drye
2760 3128 3041 3174 gemaeckt
3076 3129 3322 3175 hebben,
3356 3124 3503 3174 waer

1389 3238 1527 3286 door
1560 3236 1734 3283 veele
1767 3236 2113 3283 geamimeert
2147 3238 2285 3284 sijn
2319 3238 2630 3285 geworden,
2664 3241 2768 3288 soo
2802 3243 2975 3290 weder
3008 3244 3146 3290 naer
3181 3243 3284 3289 dat
3318 3240 3491 3287 quart

1390 3346 1468 3393 te
1507 3344 1937 3393 negotieren,
1971 3340 2133 3389 waer
2171 3339 2289 3385 toe
2327 3340 2446 3387 wel
2484 3342 2523 3388 4
2562 3342 2953 3388 scheepkens
2992 3339 3464 3388 geprepareert

1377 3450 1550 3501 sijn,
1584 3449 1687 3495 van
1720 3448 1790 3493 de
1823 3447 2028 3492 welcke
2060 3446 2165 3493 een
2197 3447 2369 3493 gen=t
2403 3448 2677 3496 Oudrisij
2709 3449 2780 3495 :)
2812 3449 3086 3496 gisteren
3120 3449 3189 3494 't
3222 3448 3395 3495 zeijl

1358 3552 1598 3607 gegaen
1637 3552 1756 3598 is,
1794 3554 1912 3599 met
1951 3554 2069 3600 een
2109 3555 2423 3601 pascedul
2463 3556 2582 3602 van
2620 3558 2817 3605 mijn,
2856 3561 3131 3609 nergens
3170 3564 3289 3612 als
3327 3567 3410 3617 op

1357 3661 1636 3720 mallacca
1670 3661 1982 3707 luijdende
2015 3663 2257 3710 dewijle
2291 3665 2397 3713 sij
2429 3669 2533 3715 tot
2567 3668 2637 3715 de
2671 3670 2742 3717 10
2775 3674 2880 3721 pr
2913 3677 3051 3723 c=to
3086 3678 3224 3724 niet
3258 3679 3469 3725 hebben

1383 3769 1623 3819 connen
1663 3769 2140 3819 resolveeren,
2179 3775 2339 3823 end'
2378 3779 2498 3824 ick
2537 3780 2974 3828 schrupuleus
3013 3783 3133 3830 ben
3170 3780 3453 3830 geweest

1364 3884 1579 3936 sonder
1614 3884 1650 3930 u
1685 3885 1862 3933 Ed=ts
1897 3887 2075 3933 ordre
2109 3888 2287 3934 (:hoe
2321 3890 2464 3937 veel
2498 3893 2641 3939 hier
2675 3895 2781 3942 van
2817 3897 2958 3943 haer
2993 3897 3276 3944 voorgaen
3312 3895 3454 3944 ende

1375 3992 1558 4039 comen
1593 3993 1776 4039 soude
1812 3995 1994 4041 mogen
2029 3996 2284 4042 nemen:)
2320 3997 2465 4045 daer
2501 3998 2575 4045 in
2607 3999 2683 4046 te
2719 4000 2974 4049 treden,
3010 4004 3191 4049 onder
3228 4001 3482 4049 tussche

1370 4108 1470 4155 sal
1502 4106 1569 4152 't
1601 4105 1768 4150 mijns
1801 4105 2068 4155 oordeels
2096 4109 2266 4157 (:dat
2297 4112 2464 4158 onder
2497 4112 2531 4157 u
2564 4112 2730 4158 Ed=ts
2762 4110 2962 4156 rijper
2995 4107 3432 4156 submitteere:)

1352 4209 1627 4270 noodich
1665 4208 1899 4255 wesen,
1937 4210 2055 4257 dat
2091 4212 2249 4261 alle
2286 4217 2365 4264 de
2403 4220 2598 4271 Moors
2632 4225 2947 4272 scheepen
2984 4224 3418 4272 (:benoorden

1366 4316 1659 4371 Mallacca
1695 4315 2096 4363 tendeerende
2133 4318 2278 4365 ende
2315 4320 2461 4367 geen
2496 4323 2679 4372 ander
2716 4327 2862 4373 pas,
2898 4329 3008 4374 als
3044 4329 3118 4375 op
3153 4326 3446 4377 geseijde

3118 4453 3397 4501 plaets
