3573 4958
531 314 758 395 Julio
797 297 934 355 ao.
972 290 1156 340 1646

918 478 1059 532 4000
1092 474 1163 522 l.
1197 473 1233 519 o
1267 473 1371 520 die
1406 473 1683 520 uytstaen
1718 475 1961 522 hadden,
1996 477 2101 524 van
2134 479 2205 528 de
2239 485 2448 538 welcke
2481 494 2621 543 maer
2655 498 2760 545 een
2792 499 3037 549 duysent

871 596 1087 647 hebben
1122 593 1338 640 cunnen
1373 594 1695 643 besteden,
1730 598 1873 644 daer
1909 598 2017 645 van
2052 601 2160 648 wij
2194 603 2303 650 l:k
2337 607 2446 658 wel
2480 614 2553 662 de
2587 618 3017 672 principaelst

918 707 1166 756 oorsake
1200 707 1448 756 bennen,
1481 712 1622 760 want
1657 715 1937 763 vernomen
1972 718 2184 765 hebben
2218 721 2464 769 sijlijk
2498 724 2709 772 desyde
2744 727 2990 773 duyrder

916 820 1010 868 als
1040 820 1134 867 wij
1165 822 1413 873 iochten,
1443 829 1568 877 door
1598 832 1692 879 den
1722 833 1971 882 Japander
2001 838 2280 891 Risemond.
2311 846 2342 891 s
2373 846 2497 892 voor
2528 847 2590 892 de
2621 847 2776 893 Comp.
2806 849 2837 894 e
2868 846 3034 895 deden

902 949 1042 995 haer
1077 949 1321 997 deselve
1356 952 1532 1000 deden
1566 955 1985 1005 ondercoopen,
2019 959 2125 1005 met
2160 960 2405 1008 weynigh
2439 964 2579 1009 meer
2614 964 2684 1009 te
2719 964 2966 1013 betalen

908 1069 1017 1119 als
1052 1068 1161 1115 sij
1189 1069 1302 1116 lj.
1337 1069 1480 1116 door
1515 1071 1729 1118 welcke
1765 1072 1979 1119 middel
2014 1075 2122 1122 als
2156 1078 2370 1126 vooren
2406 1081 2621 1127 geseyt
2655 1084 2727 1134 20
2761 1089 2977 1137 packen

901 1192 1120 1243 schone
1155 1189 1337 1236 droge
1373 1189 1519 1237 syde
1555 1193 1845 1241 bequamen
1879 1194 2026 1241 daer
2062 1193 2426 1243 voorhaelde
2460 1199 2717 1252 Chniess
2750 1209 3041 1260 gewoerde

911 1309 1129 1356 silver
1164 1306 1274 1353 alo
1309 1304 1526 1350 hadden
1562 1305 1852 1359 uytgeset
1887 1314 2034 1360 ende
2068 1316 2430 1365 nageboden,
2466 1319 2538 1365 Ja
2574 1320 2647 1366 by
2682 1321 3009 1370 nagekocht

903 1420 1369 1468 mancquerende
1407 1424 1562 1470 maer
1600 1423 1679 1470 de
1716 1426 2144 1479 leverantie,
2178 1433 2298 1480 die
2335 1432 2530 1482 voorn
2567 1435 3032 1486 kisemondonne

903 1545 1057 1592 voor
1094 1543 1210 1590 ons
1247 1544 1476 1590 gedaen
1514 1546 1705 1594 wierd
1742 1549 1858 1596 wes
1895 1552 2125 1600 halven
2162 1556 2315 1603 gem:
2352 1559 2506 1607 drie
2543 1564 2734 1614 kiste
2771 1569 2927 1618 gelt

898 1671 1162 1717 wederom
1199 1670 1389 1716 nemen
1426 1670 1541 1719 end
1575 1674 1728 1720 wegh
1766 1675 1993 1725 voeren
2030 1681 2258 1730 hebben
2294 1686 2522 1735 moeten

605 1821 760 1887 Meer
797 1816 1130 1865 genoemden
1167 1816 1500 1862 ongadingh
1536 1817 1685 1863 hiet
1721 1819 1833 1866 ons
1870 1821 2018 1867 mede
2055 1822 2276 1871 leggen
2313 1826 2387 1871 nu
2424 1826 2536 1873 met
2572 1829 2647 1875 de
2683 1825 2984 1875 Chinesen

885 1938 1301 1985 ambassedeur
1338 1938 1565 1985 gedaen
1603 1940 1830 1986 hadde,
1867 1938 2019 1986 onse
2056 1938 2245 1987 saken
2283 1942 2397 1987 met
2434 1942 2624 1988 ernst
2659 1942 3009 1995 byderhand

899 2049 1085 2098 nemen
1121 2052 1308 2098 belde
1344 2052 1642 2100 teneynde
1678 2048 1975 2101 tidelijk
2012 2048 2124 2093 des
2161 2049 2459 2099 Coninghs
2494 2055 2643 2100 byde
2680 2055 2981 2108 bequamen

898 2172 974 2217 na
1009 2170 1312 2218 dewelcke
1348 2173 1499 2218 nogh
1536 2168 1686 2217 acht
1724 2167 1837 2213 alo
1873 2165 2062 2212 dagen
2099 2163 2363 2212 wachten
2399 2168 2663 2220 moeste,
2700 2175 2888 2222 alsoo
2924 2174 3016 2219 de

892 2290 1037 2337 may.
1071 2289 1109 2335 t
1144 2285 1398 2334 deselve
1434 2285 1580 2331 niet
1613 2284 1832 2331 eerder
1868 2283 2158 2328 gelevert
2194 2284 2375 2333 wilde
2410 2288 2629 2338 hebben
2663 2295 2953 2347 bevooren

888 2417 1025 2465 alle
1057 2410 1400 2464 Jngesamelt
1434 2406 1605 2455 ware,
1639 2407 1741 2452 als
1775 2407 2014 2453 wanneer
2048 2407 2151 2455 die
2185 2410 2253 2457 t'
2288 2411 2493 2458 effens
2526 2414 2766 2465 leveren
2799 2420 2974 2472 laten

889 2540 1161 2587 sonden,
1198 2536 1315 2584 wij
1353 2532 1742 2581 antwoorden
1779 2530 1897 2576 den
1935 2531 2090 2577 tijt
2129 2532 2207 2578 te
2245 2534 2555 2580 cortubas
2594 2534 2752 2586 daer
2786 2545 2865 2591 na
2903 2546 2983 2596 te

888 2652 1159 2703 wachten,
1193 2654 1361 2703 alsoo
1394 2653 1463 2699 't
1496 2651 1767 2697 monisson
1800 2650 2037 2696 begonde
2069 2651 2138 2697 te
2172 2651 2443 2698 verlopen
2475 2652 2779 2701 Jngevolge
2812 2656 2956 2707 onse

883 2779 1083 2828 reijse
1116 2781 1183 2828 op
1215 2776 1382 2826 Japan
1414 2773 1482 2820 en
1514 2767 1781 2817 Taijouan
1811 2767 2179 2815 beswaerlijk
2211 2768 2411 2816 souden
2444 2771 2744 2822 erlangen,
2775 2776 2876 2824 ene
2908 2775 2976 2822 by

875 2904 1104 2953 aldien
1141 2903 1256 2950 ons
1293 2902 1409 2948 met
1447 2901 1676 2947 eerder
1713 2897 1905 2944 wilde
1943 2897 2019 2942 te
2058 2893 2286 2942 rechte
2324 2894 2554 2942 helpen
2591 2896 2782 2943 onsen
2820 2898 2974 2946 keer

859 3034 974 3085 tot
1007 3025 1122 3076 den
1159 3017 1604 3070 Coninghnemen
1642 3017 1864 3065 souden
1902 3018 1976 3065 en
2013 3019 2274 3066 doleren
2310 3022 2534 3069 datmen
2570 3025 2682 3071 ons
2719 3026 2981 3075 buijten

873 3156 1025 3205 voor
1060 3149 1288 3200 Jarige
1323 3144 1663 3192 costuijme
1700 3143 1814 3189 dus
1851 3144 2039 3190 lange
2076 3143 2227 3191 liet
2264 3146 2490 3193 achter
2527 3147 2828 3200 nalopen,
2865 3153 2978 3201 tot

850 3285 1071 3338 groote
1107 3282 1326 3330 schade
1361 3276 1544 3326 vande
1579 3271 1799 3321 Comp.e
1835 3271 2090 3319 wanneer
2126 3274 2272 3321 daer
2307 3276 2454 3322 door
2489 3275 2672 3322 hunne
2708 3277 2964 3326 Schepen

828 3406 907 3459 de
944 3409 1217 3459 keijsen
1255 3403 1489 3453 beleth
1527 3403 1760 3449 bleven
1799 3403 1877 3449 te
1915 3402 2266 3453 gewinnen,
2304 3409 2615 3455 waermede
2654 3409 2731 3454 d.
2769 3408 2810 3454 o
2847 3406 3003 3454 twee

828 3525 1077 3575 cleyne
1117 3529 1406 3577 Capados
1445 3528 1858 3577 vertrocken

571 3655 684 3705 ady
720 3652 795 3700 5.
831 3649 868 3695 e
904 3648 1016 3694 d.o
1051 3650 1089 3697 s
1126 3652 1495 3702 namiddaghs
1531 3657 1864 3704 vervougen
1900 3656 2011 3702 ons
2047 3656 2159 3702 ten
2195 3656 2420 3708 huijse
2453 3666 2565 3714 van
2601 3670 2970 3721 aengetogen

845 3766 1204 3813 ongadingh:
1240 3765 1383 3811 omme
1418 3764 1814 3815 personelijk
1847 3768 2137 3816 deselven
2170 3774 2278 3821 tot
2314 3776 2386 3822 de
2421 3778 2780 3829 leverantie
2814 3785 2923 3834 aen

860 3880 945 3926 te
987 3877 1285 3925 maenen:
1327 3876 1497 3922 maer
1540 3875 1795 3922 vonden
1837 3875 2135 3925 niemand
2177 3880 2391 3932 thuys
2432 3889 2645 3947 wesen
2685 3903 2814 3950 tot
2856 3905 2985 3952 den

561 3756 710 3811 2

2430 4055 3013 4106 onghfomadingh

2868 309 2909 356 73

2911 317 3012 365 734
