3587 4883
737 188 1068 247 december
1108 186 1275 234 anno
1315 189 1480 243 1645

1229 338 1397 385 wesen,
1425 336 1537 384 ende
1566 336 1847 385 alhoewelse
1874 341 2100 392 somtijts
2126 348 2211 395 soo
2238 350 2352 398 veel
2378 354 2491 401 niet
2519 356 2633 404 mede
2659 360 2912 416 brachten,
2939 371 3025 420 als
3051 376 3138 429 wel
3163 387 3364 450 begeerd

1220 461 1496 510 gelieffden
1523 460 1606 505 ons
1633 460 1743 505 daer
1770 459 1881 504 over
1908 459 1963 504 t'
1990 459 2240 514 excuseren
2265 471 2377 519 want
2402 476 2457 522 t'
2484 477 2623 528 allen
2650 484 2788 537 tyden
2814 493 2871 540 't
2896 496 3035 548 eenen
3061 504 3118 552 t'
3143 508 3281 562 ander

1221 583 1343 632 niet
1372 581 1433 627 te
1462 576 1673 625 bekomen
1702 575 1824 622 was:
1852 578 2004 625 omdat
2032 581 2153 629 uyjt
2182 584 2334 636 verve
2362 593 2544 645 landen
2571 602 2813 658 ontboden
2841 614 3024 671 werden
3051 628 3205 685 moet,
3229 644 3351 696 hier

1191 704 1339 755 „mede
1368 704 1455 749 uyt
1485 703 1601 749 dese
1628 700 2127 755 redenscheijdende,
2153 713 2328 763 gebood
2356 720 2443 766 ons
2471 721 2705 775 vroolyck
2733 731 2794 779 te
2821 736 2968 787 sijn,
2994 744 3083 795 nae
3110 751 3345 812 'twelcke

1222 828 1282 875 op
1312 826 1402 875 ons
1431 822 1672 871 versoeck
1700 821 2001 874 affscheijt
2030 829 2301 885 vercregen
2329 841 2451 890 ende
2479 846 2540 892 na
2569 848 2899 904 behoorlijke
2928 859 3111 913 gewone
3137 870 3348 928 groette

1221 948 1556 998 vertrocken,
1586 946 1770 993 nevens
1800 946 2106 1001 vereeringe
2135 958 2227 1005 van
2257 961 2380 1009 drie
2409 965 2714 1020 koebeests,
2744 975 2776 1020 3
2805 976 3051 1030 verckens
3079 987 3204 1039 ende
3231 997 3354 1045 drie

1201 1077 1627 1132 pottenarracq,
1659 1077 1856 1124 doende
1888 1080 1987 1127 ons
2019 1082 2249 1134 intwegh
2280 1090 2444 1136 gaen,
2476 1091 2576 1137 met
2607 1093 2935 1147 eygenmonde
2967 1102 3065 1148 soo
3098 1103 3229 1154 hand
3259 1107 3295 1154 t

1230 1214 1551 1264 bedancken,
1582 1213 1774 1260 dattet
1806 1213 1965 1258 horen
1997 1213 2190 1259 conden
2221 1213 2413 1259 hoewel
2444 1213 2636 1260 alover
2667 1214 2732 1261 de
2764 1216 2924 1266 brugh
2953 1220 3115 1268 waren

775 1319 878 1372 dij
910 1328 1014 1378 20.
1045 1335 1079 1380 e
1113 1335 1146 1380 d
1180 1335 1215 1381 o
1247 1336 1315 1382 's
1347 1331 1585 1381 morgens
1618 1331 1821 1377 vroegh
1855 1330 2125 1378 comenons
2151 1331 2226 1378 de
2259 1331 2429 1377 Jonge
2461 1332 2664 1380 Primen
2697 1335 2968 1382 duckongh
3000 1337 3169 1383 tween
3202 1338 3338 1391 ende

1213 1464 1482 1515 duckongh
1516 1462 1684 1509 bangh
1717 1460 1819 1507 met
1853 1459 2258 1506 grootenstaet
2290 1461 2594 1507 indelogie
2627 1460 2863 1506 tbelcom
2897 1458 3067 1505 vande
3099 1459 3302 1507 Reijse

1238 1599 1435 1647 bieden,
1459 1591 1574 1643 ende
1602 1589 1855 1636 begroeten
1883 1587 1995 1634 waer
2023 1586 2135 1632 over
2163 1585 2249 1631 ons
2275 1587 2752 1639 danckbaerhielden,
2780 1591 2893 1639 ende
2918 1586 3005 1634 hun
3031 1585 3090 1630 na
3116 1586 3344 1632 vermogen

1241 1729 1369 1777 goet
1399 1724 1714 1776 tractament
1744 1719 1997 1769 bewesen,
2029 1717 2186 1764 sulcx
2217 1717 2280 1762 na
2311 1714 2501 1762 eenige
2531 1713 2846 1763 vrundelijk
2878 1717 3192 1763 discoursen
3221 1714 3352 1761 (met

1231 1867 1477 1919 denander
1507 1865 1598 1912 van
1628 1862 1751 1909 geen
1780 1856 2055 1906 bijsonder
2085 1857 2299 1906 valeure
2329 1854 2604 1906 gehouden)
2632 1849 2969 1898 vertrocken,
2998 1849 3090 1895 als
3121 1848 3243 1894 wann
3273 1848 3334 1893 rs

1229 2009 1327 2060 ons
1355 2000 1578 2053 d'eenen
1608 1996 1829 2044 d'ander
1858 1994 2112 2040 grooth„r
2143 1993 2270 2040 mede
2301 1992 2427 2038 nogh
2457 1990 2742 2038 begroeten
2772 1991 2836 2036 de
2867 1992 2993 2039 den,
3024 1993 3118 2039 dat
3150 1992 3246 2039 den

1237 2141 1481 2192 ganschen
1507 2137 1754 2187 duijrden
1784 2134 1847 2182 /.

1000 2311 1144 2366 adij
1178 2305 1284 2354 25:
1319 2298 1424 2348 d:o
1458 2288 1881 2341 voormiddaghs
1914 2284 2197 2333 schreven
2232 2286 2339 2334 een
2372 2291 2583 2339 cleijn
2618 2292 2935 2340 brieffeen
2969 2290 3075 2336 P:a
3109 2284 3321 2334 Stille

1239 2429 1454 2481 willem
1488 2420 1703 2473 aenden
1737 2420 2022 2468 Schipper
2056 2420 2305 2468 michiel
2339 2419 2625 2466 Engelken
2659 2419 2872 2466 waerby
2907 2419 3014 2465 hem
3049 2418 3303 2468 bevolen

1231 2574 1297 2623 de
1326 2565 1515 2617 groote
1546 2562 1733 2608 kisten
1761 2558 1890 2607 gelt
1921 2556 2233 2603 aeneencant
2262 2553 2327 2600 te
2357 2553 2578 2603 houden,
2608 2559 2670 2604 op
2701 2556 2858 2604 datse
2889 2555 3076 2601 vanden
3108 2555 3331 2606 Coningh

1212 2723 1340 2775 (die
1371 2720 1466 2767 ons
1494 2712 1716 2763 meerder
1745 2705 1935 2756 tracht
1965 2703 2059 2749 aff
2088 2701 2153 2748 te
2185 2701 2435 2750 dringen,
2465 2701 2591 2749 niet
2623 2700 2874 2746 gevonden
2904 2700 3155 2750 wierden.
3185 2703 3311 2750 Jtem

1243 2866 1333 2914 dat
1359 2864 1449 2912 ons
1476 2861 1594 2908 hare
1618 2849 1943 2906 gelegenth:t
1972 2847 2089 2894 ende
2118 2846 2206 2892 tot
2234 2845 2351 2892 waer
2379 2842 2787 2891 opgecortsouden
2816 2842 2962 2889 mogen
2991 2844 3166 2894 wesen,
3194 2847 3341 2897 soude

1248 3011 1584 3062 latenweten,
1612 3007 1767 3056 alsoo
1797 3003 1920 3051 noey
1948 3000 1981 3047 t
2010 2995 2224 3043 sekere:
2254 2993 2377 3040 maer
2408 2993 2499 3039 wel
2530 2992 2835 3039 disferente
2866 2991 3049 3037 lengen
3079 2990 3330 3042 tydingen

1241 3162 1452 3211 harent
1486 3158 1662 3206 wegen
1696 3155 1837 3202 uijt
1870 3145 2291 3200 soncquinders
2326 3142 2536 3189 monden
2571 3141 2781 3188 hadden
2814 3141 3132 3192 vervregen
3163 3149 3200 3198 —

901 3311 981 3360 'S
1017 3312 1407 3362 namiddaghs
1446 3311 1756 3361 comenons
1795 3308 1990 3356 veele
2028 3302 2339 3353 Coopl:jk
2376 3293 2844 3347 wbelcomheten
2882 3290 3077 3337 onder
3115 3289 3350 3337 andren

1249 3448 1395 3496 oock
1430 3445 1539 3492 den
1575 3444 1755 3490 Vadre
1791 3435 2044 3488 Priore,
2079 3427 2296 3479 welcke
2332 3426 2405 3472 op
2440 3424 2585 3471 sijn
2621 3422 2910 3469 versoecq
2945 3421 3018 3466 de
3054 3420 3235 3467 novos
3270 3418 3343 3466 te

1238 3570 1676 3620 verstaengaven
1710 3569 1879 3615 vande
1913 3562 2284 3614 gelegenth:t
2316 3559 2419 3607 der
2452 3557 2858 3604 gerenegeerde
2889 3557 3061 3605 papen
3092 3560 3161 3606 in
3194 3559 3364 3609 Japan

1249 3702 1478 3748 daersigh
1506 3702 1677 3749 dapper
1704 3694 1991 3747 overscheen
2019 3693 2077 3739 te
2105 3692 2362 3738 verslaen,
2390 3690 2591 3737 menende
2617 3686 2733 3734 niet
2761 3682 2991 3731 mogelijk
3018 3686 3162 3731 conde
3189 3687 3333 3734 wesen

1252 3831 1353 3881 soo
1385 3830 1484 3875 een
1517 3828 1680 3875 onden
1712 3825 1812 3873 man
1844 3824 1943 3871 als
1975 3824 2074 3870 den
2105 3822 2270 3868 Vadre
2302 3821 2499 3868 marcus
2531 3820 2630 3866 was
2661 3815 2925 3864 kinderen
2956 3813 3350 3863 geprocreeert

3001 3960 3043 4008 2
3079 3950 3273 4002 soude
