3560 4937
906 270 1076 327 Julio
1107 266 1143 312 a
1176 263 1244 309 o.
1276 258 1432 306 1646

580 310 825 434 F

1178 481 1435 533 hadden,
1471 474 1692 526 gelijk
1727 469 1875 517 syne
1912 469 2279 520 onderdanen
2315 474 2499 520 werte
2535 471 2682 518 oock
2717 468 2866 514 niet
2902 467 3271 520 onderstaen

1200 604 1449 658 eenige
1486 597 1823 648 Chinesen
1862 599 2028 648 dese
2069 596 2359 646 plaetse
2398 582 2979 639 frequenterende
3020 582 3268 632 eenige

1218 719 1712 780 verhinderinge
1748 715 1900 765 ofte
1938 720 2165 766 letsel
2203 720 2279 766 te
2316 710 2696 764 bewercken,
2732 707 2848 755 als
2885 704 3075 751 ooder
3112 703 3305 751 meest

1187 863 1291 917 syn
1322 852 1591 907 goederen
1622 848 1891 896 inhadden
1925 848 1992 893 wy
2024 842 2426 892 repliceerden
2458 837 2560 887 syn
2593 833 2761 881 maij.
2793 831 2828 877 t
2861 830 2994 876 daer
3028 830 3162 877 voor
3195 830 3329 877 niet

1155 988 1482 1046 behoeffde
1515 973 1771 1032 beducht
1803 969 1878 1015 te
1913 966 2094 1014 wesen
2130 965 2275 1012 want
2311 964 2455 1010 geen
2491 961 2672 1009 andre
2707 955 3069 1005 aensloegen
3104 958 3214 1005 als
3248 960 3358 1008 die

1192 1118 1277 1169 op
1316 1101 1608 1163 Quinam,
1644 1092 1977 1150 Cambodia
2017 1090 2183 1136 ende
2223 1087 2430 1134 andre
2470 1088 2678 1134 onser
2716 1086 3254 1136 vyandenlanden

1156 1234 1566 1294 voerenende
1606 1214 2180 1278 vandaenquamen,
2220 1212 2385 1259 daer
2425 1212 2508 1257 op
2548 1205 3000 1258 stilsweeghn
3039 1211 3206 1261 ende
3234 1216 3334 1265 op

1192 1369 1354 1420 onse
1392 1351 1794 1412 aenmaninge
1834 1340 2236 1395 vragenliet
2274 1338 2557 1387 hoeveel
2595 1337 2757 1384 syde
2796 1333 2877 1380 in
2916 1333 3360 1383 voorraekers

1198 1495 1272 1543 op
1307 1491 1381 1539 't
1416 1487 1634 1536 welcke
1668 1479 1814 1530 geen
1850 1476 2176 1523 uytsprake
2212 1476 2356 1521 quam
2392 1474 2574 1520 sulcx
2609 1475 2682 1521 wy
2718 1470 3043 1522 opstonden
3079 1467 3224 1515 ende
3259 1466 3332 1512 na

1184 1614 1409 1665 gedane
1446 1611 1708 1660 Sombaij
1744 1606 2120 1656 vertrocken
2157 1603 2382 1651 nevens
2415 1599 2793 1650 vereeringe
2831 1599 2943 1644 van
2981 1598 3056 1644 20
3093 1599 3130 1644 O
3167 1597 3355 1645 groot

1195 1739 1523 1795 Cassieus
1563 1739 1605 1785 2
1646 1738 2138 1786 Pottenarracq
2177 1734 2342 1784 ende
2383 1733 2466 1779 10
2506 1732 2793 1781 potieus
2832 1731 3122 1780 paliban
3162 1737 3326 1783 gaen

1161 1875 1279 1923 met
1318 1872 1516 1919 eenen
1554 1871 1909 1919 doorthoff
1948 1869 2107 1916 inde
2140 1863 2617 1917 Packhuijsen,
2656 1858 2814 1907 daer
2853 1857 3011 1903 maer
3050 1858 3209 1908 inde
3247 1864 3326 1910 go

1118 2008 1359 2062 packen
1399 2005 1559 2052 syde
1599 1999 1959 2050 bevonden,
1997 1996 2198 2046 edogh
2237 1993 2438 2041 wierd
2477 1990 2678 2038 vande
2717 1989 3079 2037 leveraers
3117 1994 3357 2049 gesent

1199 2129 1665 2186 tegenmorgen
1706 2123 2003 2174 meerder
2044 2120 2129 2167 te
2171 2117 2383 2165 komen
2424 2118 2678 2167 stondt
2720 2121 2889 2170 waer
2930 2125 3016 2171 na
3057 2127 3313 2178 thuijs

1196 2266 1462 2315 gingen
1505 2262 1684 2312 daer
1726 2255 2038 2306 Sommige
2081 2252 2392 2302 Stoffen
2429 2249 2524 2297 te
2568 2249 3012 2303 Coopvanden
3055 2258 3190 2307 met
3229 2262 3324 2309 de

1207 2393 1438 2443 welcke
1475 2386 1629 2436 inte
1666 2383 1936 2430 Coopen,
1972 2381 2088 2429 ons
2126 2376 2318 2424 desen
2356 2376 2510 2424 dagh
2547 2380 2778 2427 wyders
2815 2382 3319 2431 besighhielden

853 2503 1046 2551 adyg.
1084 2505 1163 2552 d.
1200 2508 1239 2553 o
1278 2506 1549 2553 soudend
1587 2505 2205 2552 ondercoopluijden
2244 2500 2553 2550 Riebeecq
2592 2500 2747 2546 ende
2783 2500 3134 2548 alexander
3171 2503 3288 2552 van

1193 2614 1435 2664 harten
1474 2616 1676 2665 nades
1717 2608 2160 2661 Princenhoff
2200 2606 2361 2653 omde
2400 2605 2764 2652 invornaet
2804 2607 3046 2656 leggen
3086 2603 3289 2656 sijde

1188 2735 1473 2785 vandaer
1513 2730 1676 2779 nade
1713 2725 1920 2774 logie
1961 2715 2327 2768 tebrengen
2367 2714 2571 2760 edogh
2611 2714 2857 2760 quamen
2896 2716 3348 2762 vruchteloos

1185 2857 1490 2909 wederom
1531 2850 1706 2900 door
1747 2847 1922 2894 dien
1965 2844 2096 2892 den
2138 2841 2745 2889 grootsschriver
2788 2839 2962 2890 nade
3004 2831 3313 2884 Chinese

1142 2985 1357 3044 Joncq
1396 2978 1569 3029 was,
1611 2970 1909 3022 vanwaer
1951 2968 2207 3015 tegens
2249 2968 2377 3014 den
2419 2968 2675 3015 avondt
2716 2969 2845 3016 met
2883 2969 3100 3017 soude
3141 2970 3362 3020 thuys

1206 3112 1451 3161 comen,
1487 3104 1736 3159 senden
1773 3097 1898 3147 des
1938 3092 2224 3142 avondts
2264 3090 2427 3136 onse
2468 3091 2672 3139 Tolcq
2713 3094 2917 3141 weder
2957 3096 3283 3145 derwarts

1187 3245 1355 3299 Item
1395 3240 1522 3289 tot
1563 3236 1688 3283 den
1730 3224 2313 3281 Capadoongahaij
2354 3222 2480 3269 tot
2519 3214 2898 3266 inmaninge
2938 3218 3065 3268 van
3105 3225 3273 3274 sijn

1193 3368 1474 3423 schult
1520 3358 1847 3410 wederom
1892 3351 2220 3401 komende
2266 3349 2874 3404 rapporteerden
2919 3353 2967 3399 s
3012 3356 3339 3407 princen

1195 3489 1557 3551 schrijver
1597 3486 1678 3533 op
1718 3478 1959 3529 morgen
1998 3475 2200 3522 soude
2240 3476 2441 3523 komen
2481 3477 2923 3524 affrekenen,
2963 3475 3325 3523 aengaende

1212 3619 1566 3679 ongahaij,
1604 3607 1960 3662 denselven
1998 3604 2118 3651 was
2156 3603 2316 3648 syne
2353 3604 2511 3650 syde
2549 3604 2747 3652 van's
2786 3604 3102 3652 Coninghs
3140 3604 3339 3653 volcq

1195 3758 1320 3807 uyt
1358 3747 1486 3802 den
1526 3741 1734 3792 huyse
1773 3740 2107 3788 gehaelt,
2146 3734 2438 3784 wesende
2477 3736 2562 3782 de
2603 3737 2769 3784 may.
2810 3739 2851 3784 t
2893 3738 3017 3785 soo
3058 3738 3310 3786 scheen

1190 3891 1324 3939 dat
1367 3878 1940 3938 ververstoort,
1984 3877 2117 3922 dat
2158 3874 2249 3922 de
2292 3869 2470 3918 syde
2513 3867 2646 3914 met
2690 3867 2867 3917 alle
2910 3872 2956 3919 n
2998 3875 3352 3928 voornaet

3031 4005 3263 4055 was
