3642 4883
953 591 1264 642 Decemb
1313 581 1527 634 1645

1351 769 1407 815 d.
1433 768 1462 813 o
1487 764 1707 812 savondts
1734 764 1898 810 keerdt
1925 764 2007 810 den
2034 765 2281 816 sergeandt
2307 772 2389 818 Ian
2415 771 2580 818 satijn
2607 770 2690 816 met
2713 766 2826 816 sijn
2853 767 3098 813 Compagnie
3126 767 3345 813 soldaten

1350 866 1644 925 wederbinnen
1670 866 1724 911 't
1750 866 1856 912 fort
1882 865 2175 911 rapporteren
2201 865 2255 911 op
2281 867 2441 914 Cleijn
2466 865 2759 914 secrecourij
2785 864 2892 910 geen
2918 864 2998 910 van
3025 864 3078 910 d'
3103 862 3294 911 Vyandts

1399 968 1563 1015 volcq
1596 964 2056 1013 gerencontreert
2087 962 2357 1012 t'hebben

1165 1097 1222 1142 An
1245 1089 1332 1139 26.
1358 1087 1388 1132 '
1415 1085 1499 1131 d:o
1526 1084 1583 1130 ds
1610 1082 1694 1128 den
1722 1079 1889 1127 vyandt
1916 1077 2001 1124 van
2028 1073 2139 1120 syne
2167 1073 2390 1119 sterckte
2417 1070 2780 1118 opgebroocken,
2807 1068 2920 1114 ende
2947 1069 3031 1115 mer
3059 1068 3366 1116 Wansjewacke

1339 1176 1652 1229 Vertrocken,
1679 1169 1907 1220 beginnen
1936 1167 2050 1214 haer
2078 1167 2220 1212 Volcq
2248 1166 2335 1212 v:r
2362 1166 2505 1212 faute
2533 1166 2618 1212 van
2645 1163 2931 1211 betaelinge
2959 1163 3017 1209 te
3045 1164 3159 1209 muyn
3187 1164 3386 1212 teneren

1340 1277 1456 1327 ende
1483 1273 1628 1321 veele
1655 1271 1714 1318 te
1742 1267 2030 1316 verloopen,
2057 1263 2203 1312 synde
2231 1263 2432 1309 omtrent
2460 1262 2576 1309 3500
2605 1259 2777 1307 sterck
2805 1256 3008 1304 geweest

1171 1440 1229 1486 An
1256 1437 1316 1485 27
1341 1434 1402 1481 en
1430 1432 1489 1479 28
1515 1427 1575 1475 d.
1603 1426 1633 1471 o
1660 1421 1777 1469 niet
1805 1419 2008 1465 remaerc
2036 1419 2238 1466 quabels
2267 1411 2614 1466 Voorgevallen
2641 1407 2671 1453 —

1153 1609 1214 1660 An
1238 1603 1298 1650 29
1323 1598 1384 1648 d.
1409 1594 1440 1641 o
1465 1585 1638 1637 become
1666 1585 1723 1630 p.
1751 1586 1779 1631 r
1806 1584 2091 1631 pattamaers
2119 1584 2318 1630 missive
2346 1584 2518 1630 Vanden
2544 1586 2602 1632 ox
2629 1585 2914 1632 vercoopman
2941 1586 2999 1632 S.
3026 1587 3055 1632 r
3081 1582 3254 1632 pieter

1336 1693 1502 1749 sijmes
1528 1688 1773 1736 gedateert
1799 1687 1881 1734 16.
1907 1686 1963 1732 en
1989 1684 2125 1732 deser
2151 1683 2342 1729 daerbij
2368 1683 2504 1729 onder
2531 1682 2721 1728 anderen
2747 1682 3045 1728 g'adviseert
3072 1681 3208 1727 Werdt
3233 1677 3317 1725 hoe

1333 1809 1444 1855 den
1481 1809 1556 1854 H.
1591 1807 1630 1854 r
1666 1793 2037 1850 Miersumela
2074 1790 2223 1838 door
2259 1788 2557 1834 Inductie
2593 1785 2816 1833 vanden
2852 1781 3076 1830 groten
3109 1773 3305 1825 mogol

1327 1914 1417 1964 die
1444 1909 1560 1957 sich
1587 1906 1704 1954 meer
1732 1904 1848 1951 ende
1876 1903 1992 1948 meer
2021 1901 2310 1948 Versterckt
2338 1902 2396 1947 In
2424 1902 2684 1948 Ambassado
2712 1901 2828 1947 door
2853 1896 3001 1946 ordre
3028 1893 3202 1940 Vanden

1321 2026 1542 2080 Conincq
1573 2023 1668 2070 van
1699 2020 1951 2068 goeconda
1983 2020 2108 2065 naer
2139 2018 2392 2065 Visapour
2423 2018 2581 2064 stont
2612 2019 2675 2067 te
2706 2022 3021 2069 vertrecken
3050 2018 3179 2066 omme
3208 2010 3305 2061 met

1310 2145 1391 2193 den
1415 2138 1601 2189 Conincq
1626 2137 1680 2183 te
1705 2134 2049 2182 Contracteren,
2075 2132 2180 2179 ende
2207 2129 2549 2177 gelijckelijck
2575 2130 2708 2177 ijder
2733 2130 2813 2176 met
2838 2128 2918 2174 een
2944 2126 3077 2173 leger
3102 2125 3156 2172 d'
3181 2124 3261 2172 een
3283 2125 3371 2172 aen

1305 2256 1448 2308 noort
1474 2250 1617 2300 sijde
1646 2248 1759 2295 ende
1787 2248 1845 2294 d'
1871 2248 2014 2294 ander
2042 2244 2467 2293 aendesuijdsijde
2495 2244 2581 2289 opt
2609 2243 2921 2290 Carnatische
2948 2243 3090 2289 rijck
3118 2243 3177 2291 te

1303 2386 1491 2439 vallen,
1514 2382 1598 2432 nie
1625 2380 1679 2426 ts
1705 2377 1920 2425 Conditie
1947 2376 2028 2422 dat
2055 2376 2135 2421 bij
2162 2376 2458 2422 veroveringh
2484 2374 2566 2420 aen
2592 2371 2753 2420 vderd'
2777 2367 2914 2415 helft
2940 2364 3075 2411 soude
3102 2360 3319 2409 gedeeldt

1284 2510 1447 2564 werden
1472 2503 1661 2553 daertoe
1686 2500 1741 2547 nu
1767 2498 1822 2544 d'
1847 2495 1983 2543 beste
2009 2494 2332 2541 gelegentheyt
2357 2493 2599 2542 (doordien
2625 2492 2679 2537 nu
2705 2491 2787 2537 den
2812 2488 3001 2535 Coninck
3027 2487 3109 2533 met
3134 2488 3162 2534 8
3188 2487 3378 2534 neycken

1289 2624 1525 2678 overhoop
1553 2620 1759 2668 leijdt)
1787 2617 1877 2664 den
1905 2612 2083 2662 besten
2110 2609 2171 2656 en
2199 2608 2523 2655 bequaemsten
2552 2610 2641 2656 tyt
2670 2609 2965 2657 voorhanden
2993 2613 3082 2659 ds,
3110 2612 3290 2661 watter

1289 2752 1348 2798 op
1373 2745 1547 2795 volgen
1572 2740 1660 2788 sal
1687 2737 1802 2784 moet
1830 2733 1916 2781 ons
1944 2730 2030 2778 den
2058 2726 2371 2775 alleerenden
2400 2726 2485 2771 tyt
2512 2723 2827 2771 openbaeren,

1261 2935 1382 2988 den
1419 2927 1734 2979 Vicereij
1773 2927 1852 2973 in
1888 2925 2008 2974 Goa
2047 2924 2243 2971 heeft
2281 2925 2400 2971 een
2438 2925 2635 2972 edict
2674 2924 2870 2971 laten
2908 2917 3183 2968 uytgaen

1282 3049 1366 3097 dat
1392 3046 1502 3093 geen
1530 3044 1694 3091 mooren
1721 3044 1831 3089 haer
1859 3044 2023 3089 sullen
2050 3044 2379 3090 vervoorderen
2406 3045 2462 3091 in
2489 3046 2627 3092 haere
2653 3047 2846 3093 schepen
2871 3046 3147 3096 veerstael,
3174 3047 3312 3097 peper

1284 3147 1477 3201 Caneel,
1502 3144 1750 3192 solpeter,
1776 3143 1967 3189 slaven,
1994 3144 2050 3190 en
2076 3146 2348 3195 slavinnen,
2376 3150 2648 3199 mitsgaders
2675 3154 2920 3200 geglaesde
2947 3154 3192 3202 armringen
3220 3157 3275 3203 te

1270 3253 1407 3302 laden
1434 3252 1544 3298 ende
1571 3252 1681 3297 naer
1707 3253 1925 3299 Partiate
1952 3254 2089 3300 mogen
2116 3256 2281 3306 voeren
2306 3262 2417 3310 oocq
2443 3266 2526 3312 dat
2552 3268 2716 3316 sullen
2743 3271 2962 3320 gedoogen
2988 3275 3097 3321 voor
3124 3271 3397 3321 mutschaten

1259 3361 1575 3417 haerschepen
1603 3359 1947 3407 gevisiteert,
1975 3362 2090 3410 ende
2118 3365 2434 3416 Tolbetaeldt
2461 3372 2607 3422 werde
2633 3378 2749 3425 ende
2776 3381 2949 3430 voorsz
2976 3385 3235 3434 Coopmansz

1257 3477 1473 3530 daeijnne
1500 3476 1797 3523 bevindende,
1821 3478 1903 3525 dat
1929 3478 1984 3525 't
2010 3480 2145 3526 schip
2171 3481 2226 3526 en
2252 3482 2386 3528 goedt
2413 3483 2682 3530 voorgoeden
2708 3484 2844 3531 prijs
2870 3487 3086 3536 gemaeckt
3111 3491 3194 3537 sal
3219 3493 3408 3545 werden,

1246 3600 1336 3647 soo
1366 3599 1456 3644 dat
1485 3598 1546 3643 d'
1574 3596 1846 3643 equipagie
1875 3595 2056 3642 vanden
2085 3598 2356 3646 moorschen
2385 3602 2686 3655 gouverneur
2713 3609 2835 3656 naer
2864 3611 3254 3659 Parsiordukeus

1260 3714 1476 3770 stondt,
1507 3711 1628 3759 ende
1659 3710 1904 3757 haddeden
1931 3713 2023 3760 Hr.
2053 3714 2358 3763 Miersumela
2387 3719 2509 3766 omme
2539 3721 2783 3771 d'rechte
2813 3727 3057 3776 meeninge
3086 3732 3178 3778 van
3208 3730 3332 3780 dese

1241 3826 1415 3876 saecke
1443 3825 1501 3870 te
1530 3824 1761 3870 vernemen
1790 3825 1876 3870 een
1905 3825 2223 3875 Ambassadeur
2251 3829 2339 3875 met
2367 3831 2455 3877 een
2483 3833 2743 3882 eerlijcke
2772 3837 3090 3883 schenckagie
3118 3839 3205 3887 aen

1238 3939 1454 3990 vicereij
1480 3935 1724 3984 gesonden,
1747 3936 1858 3984 ende
1884 3937 1965 3983 bij
1992 3938 2155 3983 aldien
2181 3939 2262 3986 den
2289 3941 2505 3989 Vicereij
2532 3944 2667 3991 sulcx
2693 3946 2882 3992 weygere
2908 3946 3071 3993 Voorsz
3097 3946 3356 3994 Coopmansz

1240 4054 1350 4101 naer
1376 4051 1567 4098 partita
1594 4050 1650 4095 te
1675 4051 1947 4098 versenden,
1974 4051 2029 4096 d'
2054 4048 2192 4096 reijs
2218 4051 2437 4100 afweten,
2462 4056 2518 4104 en
2544 4059 2653 4106 geen
2679 4060 2952 4108 besendinge
2978 4060 3142 4107 gedaen
3169 4062 3261 4109 sal

1260 4158 1578 4212 werden

2883 4262 3003 4310 In
