3567 4801
2769 545 2941 598 893

554 580 881 630 octobr.
922 575 1109 632 Aaro
1152 568 1342 617 1645

918 760 1073 813 eenige
1097 755 1328 804 huijsjens
1354 754 1431 800 van
1456 754 1610 799 stroij
1634 752 1687 799 op
1712 744 1918 796 gemaeckt
1943 743 1994 788 en
2019 742 2122 788 voor
2147 742 2250 787 haer
2276 742 2404 788 leger
2429 743 2583 790 plaets
2609 742 2839 790 Ingenomen
2865 738 3044 787 hadden)

919 879 969 925 In
986 868 1091 923 haer
1113 852 1360 911 voordeelen
1383 846 1580 896 defentie
1604 841 1752 890 lagen,
1776 838 1899 885 sulcx
1923 838 1973 883 d'
1995 836 2096 882 onse
2119 837 2340 883 onbewust,
2364 837 2511 885 vanden
2535 831 2732 881 anderen,
2755 822 2903 875 alrede

919 966 1222 1034 geseplareert,
1242 960 1336 1010 sder
1357 954 1474 1004 sijns
1496 949 1634 998 weeghs
1655 943 1817 993 gegaen,
1838 939 1932 988 ende
1954 937 2001 983 't
2022 932 2276 981 voorgenomen
2297 929 2505 977 exploict,
2527 928 2574 974 op
2595 925 2666 972 die
2687 916 2850 970 plaets—

917 1073 1167 1133 namentlijck
1185 1068 1257 1117 den
1277 1062 1415 1113 thuijn
1435 1058 1483 1106 t'
1503 1052 1618 1103 niete
1639 1043 1799 1096 sijnde,
1819 1037 1934 1086 heeft
1956 1034 2092 1081 echter
2115 1033 2160 1079 d'
2181 1031 2318 1078 saecke
2339 1026 2544 1076 sodanigen
2567 1024 2725 1071 gevolgh
2747 1018 2930 1068 genomen,

914 1198 992 1247 dat
1014 1190 1094 1241 den
1117 1178 1350 1234 sergeandt
1373 1169 1554 1223 Abraham
1578 1154 1912 1212 Cristiaensen,
1935 1149 2040 1199 niet
2065 1141 2270 1193 weetende
2294 1135 2398 1185 waer
2423 1131 2501 1179 een
2524 1126 2679 1174 Vyandt
2704 1118 2859 1170 vinden

916 1304 1012 1355 ofte
1034 1299 1083 1346 te
1104 1291 1248 1343 gemoet
1270 1286 1391 1335 comen
1412 1278 1556 1329 coude,
1579 1276 1627 1323 te
1648 1272 1745 1320 meer
1767 1268 1887 1317 vande
1911 1262 2148 1313 resterende
2170 1256 2337 1306 troupen
2359 1247 2598 1300 verdwaeldt
2620 1241 2716 1291 was,
2737 1235 2811 1285 met
2833 1229 2931 1278 sijn

913 1412 1042 1466 troup
1065 1399 1268 1455 omtrendt
1291 1396 1343 1443 't
1366 1390 1468 1440 dorp
1493 1384 1670 1434 daerdes
1693 1374 1896 1428 Vyjandts
1920 1370 2046 1419 Volcq
2070 1364 2247 1415 buijten
2272 1355 2524 1409 vermooeden
2546 1348 2624 1397 350
2648 1337 2801 1392 coppen
2822 1326 2977 1379 sterck

909 1522 1013 1577 alle
1036 1509 1236 1565 gewapent
1259 1506 1311 1553 op
1335 1501 1436 1550 haer
1459 1491 1660 1545 Voordeel
1683 1486 1784 1535 ende
1806 1475 2008 1529 defentie
2032 1472 2182 1520 hagen,
2206 1462 2456 1516 aengecomen
2479 1458 2556 1507 Is,
2580 1454 2655 1501 als
2677 1445 2856 1498 Wanneer

922 1620 1148 1676 syluijden
1171 1616 1224 1664 d'
1246 1612 1349 1659 onse
1373 1607 1525 1656 gewaer
1547 1596 1775 1650 Werdende,
1799 1590 1901 1640 haer
1924 1584 2077 1634 sterck
2100 1578 2328 1628 gemaeckt,
2350 1573 2453 1621 ende
2476 1565 2629 1618 dapper
2651 1557 2729 1607 soo
2752 1553 2829 1601 met

913 1733 1183 1800 vuerwercken
1206 1728 1280 1777 als
1301 1720 1448 1772 anders
1470 1713 1569 1764 weer
1592 1708 1761 1757 gedaen,
1783 1705 1857 1753 end
1880 1697 2074 1750 menichte
2096 1689 2291 1741 schooten
2313 1686 2363 1733 op
2385 1683 2435 1730 d'
2457 1678 2580 1727 onste
2602 1665 2868 1722 (dochsonder

918 1856 1082 1913 eenige
1106 1852 1162 1900 d'
1187 1844 1349 1895 minste
1373 1837 1563 1889 schaede
1588 1835 1643 1882 te
1669 1828 1804 1879 doen)
1829 1819 1991 1873 gelost
2016 1809 2205 1863 hebben,
2230 1804 2312 1852 den
2337 1790 2579 1848 sergeandt
2604 1786 2686 1834 ter
2709 1775 2905 1829 eerster

909 1969 1156 2035 Jnstantie
1181 1964 1290 2012 niet
1315 1956 1506 2009 wetende
1531 1952 1614 2000 wat
1638 1947 1748 1995 in't
1774 1942 1911 1992 werck
1934 1932 2127 1986 stellen
2150 1923 2315 1975 soude,
2340 1912 2558 1966 vermidts
2582 1908 2666 1957 hem
2691 1904 2774 1952 dit
2799 1895 3070 1948 onverwacht

918 2097 1032 2149 voor
1059 2077 1397 2140 oogenstondt,
1423 2071 1537 2120 ende
1563 2066 1649 2115 bij
1676 2064 1789 2110 sich
1815 2058 1929 2108 geen
1955 2050 2097 2102 macht
2124 2042 2265 2094 hadde
2291 2034 2405 2086 omme
2432 2027 2517 2077 het
2543 2023 2629 2070 wes
2656 2020 2713 2067 op
2739 2017 2825 2064 den
2852 2006 3021 2061 Vyandt

919 2217 975 2266 t'
997 2201 1285 2260 attenteren,
1308 2197 1362 2244 te
1385 2193 1492 2242 meer
1517 2181 1855 2237 gerapporteert
1879 2172 2037 2225 Wierdt
2061 2169 2140 2216 des
2164 2159 2374 2213 vyandtse
2397 2154 2529 2202 macht
2552 2146 2658 2197 noch
2681 2139 2788 2191 meer
2812 2132 2918 2183 ende

921 2328 1023 2375 meer
1046 2320 1226 2372 toenam,
1250 2312 1454 2364 derwegen
1478 2309 1581 2357 sich
1605 2305 1708 2353 niet
1731 2297 1962 2350 bestandt,
1984 2292 2089 2341 maer
2111 2288 2164 2335 te
2188 2282 2317 2332 swack
2340 2271 2596 2326 oordeelen,
2619 2266 2722 2314 omme
2747 2263 2824 2310 soo
2847 2259 2927 2306 een

907 2437 1126 2495 formeele
1150 2432 1288 2480 macht
1313 2428 1396 2476 aen
1421 2425 1477 2473 te
1502 2417 1693 2469 tasten,
1718 2414 1773 2460 so
1799 2409 1881 2457 van
1907 2402 2151 2453 resolutie
2177 2394 2394 2447 gewerden
2420 2391 2475 2437 op
2499 2381 2637 2434 sijne
2662 2373 2881 2425 defentie

913 2557 1081 2611 plaets
1105 2545 1303 2599 staende
1329 2542 1386 2589 te
1412 2532 1636 2585 blijven,
1662 2524 1775 2575 ende
1801 2522 1859 2568 d'
1884 2517 2164 2568 Eesterende
2189 2513 2303 2561 twee
2329 2502 2525 2558 troupen
2550 2498 2636 2546 met
2664 2481 2942 2543 spatientie

930 2679 1036 2732 Inne
1058 2674 1114 2722 te
1137 2661 1349 2718 wachten,
1372 2653 1479 2704 ende
1504 2639 1844 2697 middelerwijle
1870 2635 1975 2684 goen
2001 2627 2158 2679 vyandt
2183 2614 2550 2671 gelijckerhandt
2573 2610 2628 2657 te
2654 2602 2917 2654 chergeren,

925 2799 973 2846 op
993 2794 1066 2843 dat
1087 2785 1253 2838 d'selve
1273 2776 1438 2828 meerder
1461 2771 1579 2820 vrees
1599 2763 1765 2814 hebben,
1785 2758 1881 2808 ende
1903 2754 1998 2802 niet
2020 2751 2068 2798 te
2089 2743 2254 2795 gelijck
2275 2739 2324 2787 op
2346 2736 2394 2783 d'
2415 2730 2510 2780 onse
2532 2723 2790 2775 uijtvallen,
2812 2722 2886 2767 wat

926 2915 977 2961 In
996 2905 1175 2961 sulcken
1197 2894 1374 2949 gevalle
1398 2891 1449 2938 d'
1471 2885 1574 2934 onse
1597 2882 1648 2928 In
1670 2873 1822 2925 groote
1845 2865 2121 2918 extremiteyt
2144 2859 2295 2909 souden
2319 2850 2494 2903 geweest
2517 2844 2644 2894 zijn,
2667 2837 2793 2888 corts
2816 2829 3017 2881 waernaer

923 3034 1025 3083 door
1048 3012 1355 3077 d'schickinge
1379 3008 1457 3057 des
1481 2988 1838 3051 avderhoochsten
1862 2984 1940 3032 den
1964 2976 2194 3028 Corporael
2217 2968 2372 3019 Pieter
2396 2953 2703 3012 Macxmilianus
2727 2952 2779 2998 op
2802 2945 2984 2995 tgehoor

929 3143 1006 3194 van
1028 3138 1080 3186 't
1101 3125 1300 3182 schieten
1321 3120 1373 3168 te
1396 3110 1644 3164 voorschijn
1665 3103 1840 3154 gecomen
1862 3097 2036 3146 sijnde,
2058 3093 2134 3140 Ist
2156 3081 2379 3136 geschiedt
2402 3072 2625 3125 (alvorens
2648 3063 2796 3115 metten
2819 3053 2994 3107 anderen

926 3251 1036 3304 door
1060 3239 1329 3294 aenradinge
1354 3235 1436 3283 van
1461 3229 1676 3279 gemelten
1702 3221 1943 3273 Corporael
1968 3215 2129 3265 pieter
2154 3205 2503 3259 Macrnilianus,
2526 3193 2716 3249 bestemt
2740 3184 2908 3236 hebben

924 3373 1028 3424 voor
1051 3364 1181 3416 eerst
1203 3359 1257 3407 op
1280 3354 1358 3403 den
1382 3346 1536 3398 vyandt
1560 3335 1816 3390 gelijckere
1839 3330 1968 3379 sandt
1992 3326 2096 3375 haer
2119 3321 2325 3370 musquets
2348 3318 2401 3365 te
2425 3311 2579 3362 lossen
2602 3308 2655 3355 en
2679 3299 2833 3352 alsdan
2856 3292 2936 3342 met

902 3483 1063 3535 tauter
1088 3474 1249 3527 gewelt
1271 3460 1462 3518 d'selve
1485 3455 1568 3503 met
1593 3452 1648 3499 't
1672 3448 1754 3496 syt
1779 3442 1940 3492 geweer
1965 3439 2046 3487 aen
2070 3436 2126 3484 te
2152 3427 2339 3480 tasten,
2363 3421 2472 3472 ende
2497 3413 2632 3465 Inden
2655 3407 2764 3457 hoop
2789 3402 2897 3450 als—

922 3595 1083 3652 vromme
1107 3589 1214 3639 ende
1238 3571 1580 3632 eertrachtende
1603 3559 1815 3614 soldaten
1838 3555 1894 3603 te
1918 3544 2103 3599 campen,
2127 3536 2286 3588 sonder
2309 3526 2469 3579 langer
2492 3519 2600 3569 naer
2623 3514 2704 3562 den
2728 3499 2993 3558 luijtenane

940 3710 995 3759 te
1015 3695 1222 3752 tarderen
1245 3690 1323 3739 oft
1347 3683 1501 3735 eenige
1523 3673 1653 3725 ordre
1676 3670 1729 3717 af
1752 3666 1805 3714 te
1828 3655 2033 3710 wachten,
2055 3648 2160 3700 want
2183 3642 2312 3692 sulcx
2335 3636 2414 3685 den
2436 3630 2515 3679 tyt
2538 3624 2591 3673 in
2612 3615 2718 3667 dese
2739 3598 2996 3658 gelegenth.
3019 3596 3049 3642 t

929 3815 1029 3864 niet
1051 3805 1178 3859 lyden
1201 3797 1376 3848 moghst,
1400 3792 1500 3842 ende
1522 3786 1599 3835 den
1621 3778 1748 3829 moodt
1769 3768 1970 3821 daertode
1993 3757 2267 3813 vereijschte
2290 3749 2391 3801 Iden
2414 3737 2589 3793 vyjandt
2611 3721 2862 3780 sodanisch—

933 3911 1289 3976 gerencontreert
1313 3900 1517 3955 geworden
1540 3895 1619 3943 Is,
1641 3889 1720 3939 dat
1744 3886 1796 3932 in
1820 3880 1948 3930 desen
1971 3875 2100 3924 slagh
2124 3870 2227 3919 over
2248 3865 2303 3914 d'
2327 3862 2379 3909 30
2402 3855 2556 3906 dooden
2581 3849 2684 3899 ende
2708 3840 2914 3893 menichte

937 4029 1190 4089 gequetste
1214 4018 1413 4071 daervan
1437 4010 1551 4061 naer
1578 4004 1691 4054 alle
1717 3992 2025 4048 ocpparentie
2051 3986 2164 4037 door
2190 3982 2248 4030 d'
2274 3971 2443 4026 swaere
2468 3956 2693 4014 queteure
2719 3951 2777 4000 d'
2803 3942 2971 3994 meeste

920 4143 1115 4210 Partije
1136 4125 1330 4186 sterven
1354 4111 1545 4168 moeten)
1570 4102 1761 4155 becomen
1787 4093 1977 4146 hebben,
2002 4088 2112 4137 ende
2137 4084 2220 4133 soo
2245 4077 2382 4128 snden
2407 4065 2544 4120 slagh
2567 4059 2625 4108 d'
2651 4054 2760 4102 onse
2786 4041 2949 4098 doende

939 4248 1103 4298 waeren
1128 4242 1212 4292 met
1236 4230 1403 4286 houwen
1428 4225 1485 4274 en
1510 4213 1704 4269 kerven,
1728 4207 1812 4257 den
1839 4195 2113 4251 luijtenant
2138 4191 2222 4239 met
2248 4186 2359 4235 sijn
2384 4179 2468 4230 bij
2491 4167 2658 4222 hebben
2684 4157 2822 4211 troup
2846 4149 2960 4201 mede

2753 4243 2885 4294 ter

129 1436 226 1483 erde

154 2898 203 2943 blaeuw

126 4026 172 4071 Inden
