3458 4917
288 374 366 421 ao
403 373 558 420 1645
594 370 673 418 In
707 352 1211 413 drangasackij.

272 1075 518 1134 November
548 1073 670 1120 adij
698 1067 884 1117 wed„se
911 1061 1035 1110 dito
1065 1055 1339 1105 vertreckt
1369 1054 1461 1099 van
1490 1053 1613 1099 hier
1644 1053 1736 1098 den
1765 1054 1826 1100 E:
1857 1055 2039 1101 Pieter
2069 1053 2344 1100 antsconis
2374 1054 2496 1100 over
2525 1051 2739 1099 'twater
2769 1048 3014 1095 opegoort

927 1160 1059 1207 deses
1084 1154 1321 1204 Comptoirs
1347 1154 1426 1200 met
1452 1154 1505 1199 't
1531 1153 1688 1199 sluijt
1715 1153 1847 1199 schip
1872 1153 1952 1200 den
1977 1153 2082 1199 salm
2109 1154 2214 1200 naer
2240 1155 2451 1202 taijouan
2476 1155 2686 1203 hebbende
2713 1154 2791 1200 als
2818 1154 2978 1205 vooren

920 1267 1118 1314 volgens
1145 1266 1287 1313 ordre
1314 1269 1456 1315 vande
1483 1269 1597 1316 Ed:e
1624 1270 1795 1317 heeren
1822 1273 1963 1320 raden
1991 1275 2076 1321 van
2104 1277 2245 1322 India
2272 1276 2358 1322 aen
2386 1275 2471 1321 mij
2498 1274 2725 1323 Reijnier
2752 1279 2837 1325 van
2865 1280 3007 1329 Thuin

935 1379 1246 1426 geordonneert
1272 1379 1533 1427 opperhooft
1557 1383 1636 1429 van
1661 1384 1714 1430 s'
1737 1383 1895 1430 Comp:s
1921 1385 2155 1434 ommeslach
2180 1390 2362 1438 alhier,
2387 1393 2647 1444 transpoort
2673 1399 2855 1446 gedaen,
2879 1398 2934 1446 de

929 1496 1184 1544 restanten
1211 1500 1296 1546 als
1324 1501 1635 1552 onvercochte
1663 1505 2115 1557 coopmanschappen,
2143 1512 2370 1561 Comptand
2397 1516 2596 1563 silver,
2624 1519 2947 1568 Besendinghe

934 1606 1048 1652 naer
1076 1607 1247 1653 tonkin
1274 1609 1587 1658 uijtstaande
1615 1613 1842 1662 schulden
1870 1617 1956 1665 etc
1983 1621 2126 1668 comen
2154 1623 2324 1670 'tanen
2352 1624 2409 1670 te
2437 1625 2608 1674 bedrag
2636 1630 2694 1677 gl
2721 1634 3034 1684 609716:19:7

264 1812 500 1861 december
528 1813 646 1859 adij
674 1811 792 1857 2:en
819 1808 968 1856 ditto
995 1803 1201 1852 becomen
1231 1799 1582 1848 schritelijck
1611 1801 1875 1851 bescheijt
1903 1807 2051 1856 vande
2079 1811 2315 1862 regenten
2342 1818 2432 1866 des
2459 1822 2636 1874 leeken
2664 1830 2753 1880 van
2781 1837 2988 1887 Firando

954 1907 1227 1954 (werwaerts
1253 1907 1335 1953 den
1362 1907 1416 1952 E:
1443 1906 1552 1952 over
1579 1906 1634 1951 't
1661 1906 1798 1953 water
1824 1908 1933 1956 voor
1960 1911 2152 1962 eenighe
2177 1918 2315 1968 dagen
2340 1924 2397 1972 om
2422 1929 2586 1980 schult
2612 1936 2668 1982 te
2693 1939 2911 1989 vorderen

960 2011 1193 2058 gesonden
1221 2011 1397 2058 hadde)
1424 2014 1570 2060 desen
1599 2015 1716 2062 Iare
1744 2018 1948 2069 genighe
1976 2024 2268 2079 Betalinghe
2296 2035 2471 2086 connen
2499 2042 2645 2093 doen,
2673 2048 2790 2094 alzo
2818 2047 2938 2094 door

970 2121 1110 2168 harde
1137 2122 1419 2168 tempeessen
1447 2122 1504 2168 't
1530 2122 1643 2169 rijs
1671 2124 1897 2175 gewasceh
1923 2131 2037 2181 wees
2063 2137 2094 2184 t
2119 2141 2234 2190 alle
2259 2146 2485 2200 bedorven
2511 2156 2654 2203 heeft

946 2241 1102 2289 ditto
1133 2244 1228 2290 met
1258 2245 1352 2292 den
1382 2246 1602 2294 doncker
1633 2249 1758 2296 werd
1789 2252 1883 2299 ons
1913 2254 2009 2302 een
2038 2259 2321 2311 brieffken
2351 2267 2664 2319 Behandicht
2694 2275 2882 2328 vanden
2912 2281 2976 2327 E:

958 2359 1073 2406 over
1102 2359 1330 2409 'twater,
1358 2362 1587 2410 meldende
1615 2365 1702 2411 tot
1729 2366 1844 2415 dato
1872 2370 2073 2421 vermits
2100 2377 2359 2430 contrarie
2386 2386 2500 2433 wint
2528 2388 2643 2435 niet
2671 2390 2814 2436 hadde
2842 2392 3017 2440 connen

956 2479 1274 2526 vertrecken,
1303 2480 1534 2525 leggende
1562 2480 1823 2529 geanckert
1850 2485 2052 2533 buijten
2081 2488 2140 2536 de
2168 2491 2284 2538 baij
2312 2494 2370 2540 om
2398 2496 2486 2543 den
2513 2499 2658 2547 hoeck
2686 2501 3034 2551 verwachtende

958 2605 1019 2650 d'
1047 2602 1170 2648 oost
1200 2601 1322 2647 oete
1351 2602 1715 2650 noordelijcke
1744 2606 1927 2653 winden
1956 2609 2048 2655 tot
2077 2610 2471 2666 bevorderinghe
2500 2619 2683 2666 zijner
2712 2617 2897 2665 Reijse

884 2753 999 2808 3:en
1024 2749 1162 2797 ditto
1189 2746 1436 2793 s'morgens
1459 2745 1627 2792 sonden
1653 2747 1735 2793 met
1762 2747 1954 2798 Consent
1980 2754 2117 2804 vande
2144 2759 2445 2814 Gouverneurs
2471 2770 2555 2818 een
2580 2774 2853 2828 vaartuijgh
2880 2783 2935 2828 om

973 2848 1140 2895 eenige
1165 2851 1302 2897 verse
1329 2852 1494 2899 visch,
1521 2854 1576 2899 en
1603 2853 1767 2899 andere
1794 2853 2151 2912 Cleijnicheden
2177 2868 2260 2916 aen
2286 2871 2343 2919 't
2368 2875 2533 2926 fluijt
2560 2881 2698 2929 schip
2724 2885 2806 2932 der
2834 2887 2947 2935 saem

974 2963 1034 3013 te
1061 2963 1314 3009 bestellen
1342 2963 1454 3009 doch
1482 2961 1820 3008 onverrichter
1847 2963 2017 3016 zaarke
2043 2971 2381 3026 wederkerende
2408 2982 2775 3038 rapporteerden
2801 2994 2914 3041 uijt
2942 2996 2998 3041 de

962 3071 1159 3117 Iapanse
1187 3070 1328 3116 wacht
1356 3069 1526 3115 aldaer
1553 3070 1779 3119 verstaen
1807 3074 2033 3120 hebbende
2060 3076 2286 3128 gisteren
2314 3084 2456 3133 avond
2482 3089 2765 3139 vertrocken
2792 3095 2936 3144 waren

965 3187 1107 3236 ditto
1134 3191 1248 3237 comt
1275 3192 1388 3238 huer
1416 3194 1500 3241 een
1528 3195 1699 3243 Ioncke
1725 3199 1810 3245 van
1837 3200 2063 3247 hockseo,
2091 3200 2204 3246 door
2231 3201 2289 3246 de
2316 3202 2431 3251 heek
2456 3207 2542 3254 van
2569 3210 2738 3258 artina
2766 3210 3030 3257 herwaerts

969 3294 1263 3344 opgebracht
1288 3298 1466 3345 sijnde
1495 3298 1612 3345 door
1642 3300 1905 3349 contrarie
1934 3304 2081 3352 wind,
2110 3308 2227 3355 daer
2256 3310 2344 3356 aen
2373 3312 2610 3365 gedreven

885 3450 971 3498 p„r
999 3447 1140 3495 ditto
1169 3446 1282 3492 deed
1309 3445 1395 3491 ons
1423 3446 1509 3491 den
1536 3447 1820 3499 Gouverneur
1847 3455 2329 3514 sabroschjmondonne
2356 3469 2640 3520 aenselggen
2667 3476 2752 3521 ons
2780 3475 2865 3520 tot
2894 3475 2950 3520 d'
2978 3472 3035 3519 op

978 3558 1139 3606 reijse
1166 3561 1274 3607 naer
1300 3561 1409 3607 tedo
1435 3560 1624 3607 mochten
1650 3563 1921 3614 prepareren
1945 3570 2001 3616 en
2026 3572 2135 3622 voor
2161 3578 2378 3629 uijtgaen
2403 3585 2512 3632 also
2538 3587 2645 3634 sijn
2672 3588 2726 3634 E„
2752 3586 2861 3632 noch
2887 3584 2999 3631 geen

983 3672 1131 3718 ordre
1159 3671 1279 3718 uijt
1309 3669 1516 3715 trotfom
1546 3669 1605 3714 te
1634 3669 1931 3719 vertrecken
1959 3674 2167 3722 becomen
2197 3677 2375 3728 hadde,
2404 3683 2522 3729 daer
2552 3684 2611 3730 op
2641 3684 2730 3730 den
2759 3680 2913 3729 tolck

983 3785 1202 3833 kitsibe
1231 3783 1326 3829 die
1357 3782 1419 3828 de
1450 3780 1763 3828 Boodtschap
1793 3783 1949 3832 dede,
1980 3787 2354 3839 raadvragende
2385 3794 2698 3843 antwoorden
2728 3799 2822 3846 off
2851 3800 2982 3851 niet

984 3889 1169 3939 geraden
1194 3894 1273 3939 zij
1299 3894 1404 3939 noch
1431 3894 1640 3942 eenighen
1667 3897 1772 3942 tijt
1798 3897 1850 3942 te
1876 3897 2087 3946 wachten,
2112 3902 2217 3947 sijn
2243 3902 2296 3947 E:
2322 3902 2611 3951 onderwijlen
2637 3906 2820 3952 beschet
2846 3904 3031 3952 becomen

983 4005 1269 4054 voorhenen
1298 4005 1363 4051 op
1394 4004 1584 4050 reijse
1614 4005 2089 4054 gevoegelijckste
2120 4009 2247 4058 ende
2278 4010 2657 4059 dienstichste
2687 4005 2846 4054 wesen
2877 4000 2972 4049 zal

988 4114 1107 4163 also
1136 4113 1223 4159 ons
1253 4113 1632 4159 principalijck
1661 4114 1749 4159 aen
1777 4113 2013 4161 gemelten
2040 4116 2187 4162 heere
2216 4113 2596 4161 t'addresseren
2623 4109 2829 4159 hebben,
2856 4106 2917 4154 't
2945 4104 3116 4150 welck

1625 491 2012 544 Journaelse
2050 491 2669 542 aenteijckeninghe
2707 492 2867 542 vand

1621 613 2038 665 gepasseerde
2075 613 2415 658 aengaende
2451 612 2529 658 s'
2566 614 2835 664 Comp=es

1620 735 2278 789 gelegentheijt
2328 735 2430 782 In
2479 735 2738 784 Japan

2377 4346 2613 4405 Eenr
2666 4336 3021 4388 soecke

2760 307 2918 355 628

2772 740 2812 785 -
