3560 4937
864 275 1026 327 Julio
1054 271 1121 318 a.
1151 269 1184 314 o
1216 269 1349 319 1646

1221 438 1755 489 ongefoemnadingh
1789 434 1931 485 daer
1967 434 2144 483 onser
2178 437 2357 485 Tolog
2391 442 2745 499 heensonden
2780 454 2923 503 ende
2956 459 3064 507 hem
3098 462 3316 530 lieten

1234 558 1537 610 versoeken
1569 565 1670 611 dat
1703 565 1804 610 ons
1836 564 1971 610 dogh
2004 565 2207 613 binnen
2239 569 2575 622 cortedagen
2606 578 2774 628 aende
2806 584 2975 634 sijde
3007 590 3210 643 hielp,
3241 599 3345 647 off

1235 678 1467 726 stonden
1498 680 1565 726 de
1594 677 2026 727 Schepenledigh
2055 682 2419 729 vertrecken,
2451 683 2782 740 wantlanger
2813 696 2913 745 als
2944 700 3079 752 dese
3108 710 3176 759 5.
3206 714 3241 760 e
3273 715 3408 767 mane

1218 799 1394 849 (daer
1428 796 1501 844 nu
1535 796 1642 843 den
1676 796 1819 843 25:e
1852 791 1960 840 van
1994 791 2242 841 hebben)
2277 795 2384 841 met
2418 797 2632 846 conden
2665 803 3055 863 vertrouwen,
3089 818 3344 877 onders„

1233 916 1446 963 wijlen
1481 916 1694 964 gingen
1729 916 1800 961 wy
1836 916 2014 963 naden
2048 920 2332 967 Japander
2367 922 2688 971 Kilemond.
2721 928 2758 973 ,
2792 929 2936 977 daer
2969 934 3113 983 gem:
3147 940 3324 992 Talcq

1232 1036 1684 1082 inwachteden
1724 1032 2013 1081 comende
2053 1036 2424 1090 naweynigh
2463 1046 2876 1099 vertouvens
2913 1054 2998 1100 by
3038 1056 3163 1106 ons
3202 1061 3327 1110 met

1233 1153 1574 1200 bescheijt
1611 1151 1726 1199 van
1763 1150 2145 1200 voornoemde
2181 1157 2525 1211 Ongadingh
2560 1169 2675 1217 dat
2706 1168 2788 1217 op
2826 1168 3055 1223 morgen
3091 1179 3168 1226 te
3204 1181 3358 1227 hove

1222 1267 1360 1316 voor
1392 1270 1497 1316 den
1530 1271 1769 1318 Coningh
1803 1270 2008 1317 souden
2042 1269 2420 1324 verschijnen
2452 1281 2555 1328 ene
2588 1283 2965 1330 soliiteren,
2997 1285 3306 1342 misschijn

1225 1392 1332 1438 off
1367 1390 1440 1436 de
1474 1392 1618 1439 syde
1650 1390 1795 1440 door
1830 1388 1938 1435 die
1972 1387 2188 1435 middel
2222 1392 2508 1445 t'eerder
2542 1400 2864 1452 bequamen:
2898 1406 3043 1452 maer
3077 1408 3401 1463 sustineer

1182 1512 1508 1561 vastelijk
1541 1513 1687 1559 sijn
1721 1509 1940 1558 maij:t
1974 1515 2047 1560 de
2083 1514 2445 1564 leverantie
2479 1521 2553 1571 in
2587 1528 3164 1587 surcheancehield:
3199 1542 3380 1591 omdat

1148 1638 1549 1692 Jmagineerde
1583 1634 1731 1685 teby
1766 1630 1875 1677 den
1911 1632 2241 1684 Choinesen
2274 1641 2675 1699 ambassedeur
2711 1653 2931 1703 volgen
2966 1660 3112 1708 ende
3148 1664 3366 1715 buyten

1223 1775 1308 1825 in
1344 1778 1467 1829 hee
1506 1773 1751 1823 soeken
1790 1769 1873 1818 te
1912 1766 2279 1813 verdelgen
2319 1766 2565 1817 souden

895 1889 1016 1943 adn
1056 1898 1138 1945 8.
1171 1899 1216 1948 e
1254 1898 1335 1946 d.
1372 1898 1415 1946 o
1455 1895 1775 1944 Smorgens
1814 1895 2016 1944 comen
2054 1900 2135 1946 te
2173 1901 2334 1949 hove
2374 1904 2536 1952 voor
2573 1908 2695 1958 den
2732 1907 3014 1959 Coningh
3053 1910 3374 1963 dewelcke

1216 2007 1327 2055 ons
1364 2008 1474 2055 soo
1509 2011 1620 2056 dra
1655 2012 1874 2061 binnen
1911 2015 2167 2065 quamen,
2202 2021 2567 2072 vragenliet
2603 2025 2677 2072 te
2713 2028 2822 2073 wat
2859 2026 2969 2073 tit
3004 2025 3078 2072 de
3113 2023 3369 2075 Schepen

1213 2114 1545 2166 affdryven
1580 2123 1836 2171 souden,
1872 2126 1946 2173 wy
1983 2128 2351 2182 antwoorden
2385 2139 2571 2194 over6
2605 2150 2642 2197 &
2676 2146 2825 2193 onse
2859 2145 3082 2191 psonen
3118 2144 3377 2191 omtrent

1217 2240 1286 2286 14
1318 2234 1662 2284 dagenlater
1695 2234 1902 2283 nevens
1935 2240 2243 2293 versoeck,
2277 2248 2416 2297 dogh
2446 2253 2517 2299 de
2548 2255 2688 2304 syde
2721 2259 2926 2309 binnen
2960 2264 3097 2312 dien
3131 2267 3293 2315 tijt

1215 2352 1484 2405 mochten
1521 2361 1865 2410 erlangen:
1900 2363 2056 2410 omme
2093 2363 2171 2411 na
2208 2367 2400 2418 Japan
2435 2372 2513 2418 te
2551 2372 2819 2422 voeren:
2857 2377 3011 2425 maer
3047 2381 3164 2429 was
3199 2386 3355 2437 nogh

1214 2484 1495 2532 weynigh
1533 2482 1935 2534 invoorraet
1974 2490 2214 2539 echter
2253 2495 2453 2543 wierd
2493 2498 2654 2548 door
2692 2503 3054 2558 denselven
3091 2515 3212 2562 tot

1205 2611 1284 2657 op
1321 2609 1710 2656 samelinghe
1749 2610 2060 2668 Expresse
2098 2624 2253 2672 last
2292 2627 2603 2677 gegeven,
2641 2633 2991 2680 schynende
3028 2635 3146 2681 met
3184 2637 3341 2687 bbel

1209 2727 1282 2775 te
1317 2728 1532 2774 vreden
1567 2730 1638 2775 te
1673 2730 1852 2779 wesen
1887 2734 1960 2782 op
1994 2738 2068 2784 de
2101 2741 2388 2795 Capados,
2423 2750 2531 2796 dat
2565 2752 2708 2801 niet
2743 2756 3065 2810 versorght
3101 2765 3315 2813 hadden

1205 2846 1485 2895 meerder
1523 2845 1764 2893 binnen
1803 2849 2082 2902 gekomen
2121 2857 2281 2909 was,
2320 2864 2600 2919 latende
2638 2875 2759 2923 ons
2797 2880 3117 2928 nagedane
3155 2882 3395 2929 Somban

1196 2967 1454 3017 volgens
1490 2971 1786 3019 gewoonte
1821 2976 2005 3028 daght
2041 2982 2116 3028 by
2151 2984 2262 3033 hem
2298 2989 2373 3036 op
2408 2993 2631 3047 matten
2665 3004 3108 3062 nederlitten,
3142 3019 3363 3069 aldaer

1190 3089 1304 3137 met
1341 3093 1608 3145 Fruyten
1644 3101 1873 3154 confyt
1909 3111 2062 3161 ende
2099 3117 2329 3167 arracq
2363 3125 2705 3189 tracteren
2742 3142 2932 3189 dede:
2969 3145 3356 3197 mitsgaders

1186 3222 1532 3272 affvragen
1568 3227 1799 3277 waerby
1835 3234 1951 3283 het
1988 3239 2142 3285 quam
2179 3242 2294 3290 dat
2331 3246 2410 3294 op
2445 3252 2564 3305 die
2598 3264 2713 3312 van
2750 3267 2982 3322 quinam
3017 3279 3171 3328 niet
3208 3282 3362 3329 meer

1188 3358 1628 3411 attenteerden
1662 3368 1735 3414 en
1771 3369 2099 3417 offerheel
2134 3372 2643 3431 uijttscheijden
2678 3387 2716 3433 &
2751 3389 2825 3435 nu
2859 3392 3152 3451 vervaert
3185 3408 3332 3456 voor

1193 3469 1400 3525 waren
1437 3484 1684 3535 hadden
1723 3491 1927 3541 emmer
1967 3496 2213 3542 groote
2253 3498 2540 3552 Schepen
2577 3509 2742 3559 ende
2782 3515 2988 3564 goede
3026 3522 3352 3582 Chrijghs

1168 3604 1763 3665 gereetschappen:
1802 3618 2199 3666 mitsgaders
2239 3618 2557 3674 luijden,
2594 3630 2715 3678 die
2753 3634 2874 3684 met
2912 3641 3191 3695 deselve
3229 3651 3352 3700 wel

1185 3739 1449 3785 wisten
1492 3738 1582 3785 om
1619 3740 1713 3788 te
1756 3742 1976 3790 gaen:
2019 3741 2195 3787 maer
2239 3741 2503 3789 quamen
2546 3745 2678 3792 met
2721 3747 2898 3800 alte
2941 3756 3251 3812 weynigh

1166 3854 1464 3911 machts
1511 3867 1909 3915 terbane,
1958 3865 2355 3913 waeromme
2403 3868 2553 3915 ons
2602 3868 2702 3916 de
2750 3872 3198 3937 quinammer

2777 4045 3079 4094 'tschip

2478 264 2583 313 d
