3458 4869
2323 917 2558 974 1053

1298 740 1505 789 Heeren

261 1009 689 1066 Compareerden
723 1013 865 1060 voor
899 1012 1006 1058 mij
1040 1011 1296 1068 vincent

1311 1025 1855 1086 vraeghstucken
1896 1035 2148 1083 gedaen
2188 1038 2399 1089 maken
2439 1046 2524 1096 en

290 1104 399 1150 van
434 1103 616 1150 moock
651 1105 941 1156 gesworen
977 1109 1158 1155 cerck
1194 1109 1340 1156 van.

1434 1125 1609 1176 mijne
1643 1126 1678 1172 E
1710 1125 1884 1172 heren
1918 1123 2125 1169 vanden
2159 1124 2468 1172 achtbaren
2502 1120 2643 1172 Rade

285 1206 474 1257 achtb.
504 1207 629 1252 raet
660 1207 755 1253 van
783 1210 1031 1257 Justitie
1060 1208 1155 1256 des
1186 1208 1439 1263 Casteels
1459 1219 1557 1268 van
1588 1214 1836 1264 Justitie
1866 1214 1960 1260 des
1989 1211 2238 1258 Casteels
2269 1211 2486 1259 Batavia
2517 1214 2644 1261 over

1433 1314 1656 1366 gegeven
1688 1311 1783 1359 bij
1814 1309 1941 1355 ende
1972 1307 2068 1353 van
2096 1305 2258 1353 wegen
2289 1306 2352 1351 d'
2384 1305 2479 1351 h=r
2510 1303 2610 1351 m=r

272 1308 457 1355 Bat=a
492 1307 750 1355 present
787 1309 861 1355 de
896 1304 1342 1356 naergenoemde

1431 1408 1641 1460 gerard
1675 1400 1919 1452 herbers
1951 1392 2232 1445 advocaet
2265 1386 2510 1436 fiscael
2544 1385 2654 1433 van

294 1402 599 1451 getuijgen,
627 1408 809 1457 Sijmon
840 1412 900 1457 de
931 1412 1052 1458 geus
1082 1410 1416 1458 onderCoop„l

290 1498 444 1546 Jacob
471 1502 684 1553 paulusz
712 1509 804 1555 van
833 1510 1134 1557 groeningen
1164 1507 1405 1555 Constab.
1435 1504 1496 1553 n,
1525 1499 1677 1548 Jndia
1705 1495 1797 1542 noe
1825 1489 2038 1539 officij
2067 1481 2339 1533 requirant
2368 1479 2460 1526 ter
2488 1477 2671 1524 eenre:

283 1601 448 1648 dirck
479 1604 708 1652 Evertsz
740 1608 838 1656 van
870 1610 1066 1657 amst=m
1098 1601 1425 1656 Bottelier,
1456 1596 1587 1644 omme
1618 1590 1815 1640 daerop
1847 1587 1978 1635 door
2009 1586 2043 1631 d
2075 1585 2141 1631 E.
2172 1577 2336 1628 H=ren
2368 1574 2630 1622 gecommit

277 1704 484 1751 willem
519 1705 832 1757 adriaensz
864 1714 1073 1762 vand=r
1106 1714 1245 1763 gouw
1279 1699 1453 1758 Cocq,
1486 1688 1763 1739 teerdens
1797 1686 1868 1733 wt
1898 1685 2005 1734 wel
2038 1678 2316 1730 gemelten
2350 1677 2489 1726 Rade
2523 1681 2629 1730 ge„

270 1804 475 1855 pieter
508 1806 712 1855 Claesz
745 1810 846 1856 van
880 1811 1083 1859 Calmer
1117 1814 1184 1859 in
1218 1803 1421 1860 sweede
1444 1792 1656 1846 (hoort
1689 1788 1825 1836 ende
1858 1786 2264 1835 g'Examineert
2296 1785 2365 1831 te
2399 1783 2603 1831 hebben

282 1904 663 1954 quartierm=r,
694 1904 854 1949 Claes
884 1905 1043 1953 Jansz
1074 1906 1170 1952 van
1201 1898 1423 1952 flensb.
1453 1889 1834 1941 d'officieren
1865 1887 1992 1933 ende
2024 1885 2309 1932 maetrosen
2340 1883 2562 1930 Jonghst

277 2010 767 2057 oppertimmerman,
799 2011 962 2057 frans
995 2005 1321 2057 hendricksz
1349 1991 1712 2050 bescheijden
1744 1990 1974 2036 geweest
2004 1990 2071 2037 op
2104 1990 2202 2036 het
2234 1987 2627 2040 verongelugte

278 2105 381 2152 van
415 2108 724 2158 amsterdam
755 2112 1031 2160 Cuijper,
1066 2108 1340 2159 Ieuriaen
1373 2093 1544 2152 Jacht
1578 2092 1681 2138 den
1715 2092 1921 2139 Tonijn
1955 2091 2470 2138 gerequireerdens
2503 2094 2608 2143 ter

272 2206 543 2256 gerritsz
574 2209 675 2255 van
708 2208 1074 2256 Enchuijsen,
1107 2208 1241 2254 hans
1273 2198 1440 2252 Cris„
1473 2194 1673 2242 andere
1706 2193 1907 2239 zijde,
1938 2193 1973 2239 —

260 2309 516 2359 ttoffelsz
544 2314 629 2359 van
658 2310 942 2360 stockholm,
970 2308 1141 2356 Pieter
1169 2308 1396 2355 pietersz

265 2416 364 2461 van
396 2416 597 2464 bergen
628 2420 695 2466 in
728 2419 1059 2465 noorwegen,
1089 2416 1224 2463 hans
1255 2410 1554 2459 Roeloffsz
1587 2409 1687 2455 van
1720 2406 2117 2453 Coppenhagen,
2148 2402 2349 2450 Beijer
2379 2403 2616 2458 Thomasz

262 2510 362 2556 van
394 2510 661 2564 leijden,
693 2518 796 2565 Ian
828 2521 1095 2568 Theunisz
1127 2515 1394 2566 mostaert
1427 2514 1528 2560 van
1561 2512 1861 2559 hogelant,
1892 2507 2061 2557 moens
2093 2500 2394 2551 Cristensz
2425 2496 2529 2543 van

263 2603 456 2651 bergen
486 2607 551 2654 in
581 2609 901 2661 noorwegen,
929 2613 1058 2663 alle
1090 2608 1535 2658 bosschietters,
1566 2607 1694 2654 ende
1724 2605 1916 2653 harmen
1946 2602 2170 2649 waegman
2202 2601 2266 2647 v:
2297 2593 2615 2645 nonnemoort

251 2702 468 2750 soldaet
496 2707 620 2754 alle
650 2710 989 2759 bescheijden
1019 2713 1235 2759 geweest
1264 2712 1327 2758 in
1358 2711 1481 2757 dier
1511 2710 1757 2757 qualitee
1787 2708 1850 2754 op
1879 2705 1972 2752 het
2002 2700 2372 2750 verongelucte
2403 2695 2569 2744 Jacht

261 2794 354 2840 den
384 2794 601 2843 Tonijn,
631 2798 817 2848 hebben
847 2804 909 2849 op
940 2804 1064 2851 Ider
1094 2805 1465 2857 vraeghpoinct
1496 2810 1897 2858 gerespondeert
1928 2809 2052 2855 ende
2082 2808 2392 2855 geantwoort
2421 2805 2515 2852 als
2543 2802 2583 2850 —

265 2892 328 2938 in
358 2893 577 2940 margine
608 2895 733 2943 voor
764 2898 827 2944 't
857 2900 1014 2947 ijder
1044 2903 1138 2948 der
1169 2903 1358 2954 selver
1387 2911 1700 2960 geschreven
1730 2909 1947 2955 staet.

258 3132 432 3179 seggen
460 3133 546 3179 sij
572 3132 1065 3179 gejnterrogeerdens
1090 3137 1268 3184 gelijk

1420 3170 1601 3221 waer,
1637 3167 1781 3215 ende
1817 3166 1889 3212 op
1924 3162 2033 3210 wat
2068 3159 2214 3206 tijt
2246 3159 2395 3208 ende
2429 3165 2573 3211 dagh

251 3222 340 3269 dat
368 3223 456 3270 den
485 3225 631 3273 12=en
658 3224 834 3272 deses,
863 3225 1068 3272 snachts
1096 3228 1184 3274 het
1210 3219 1363 3273 seste

1425 3263 1604 3311 vande
1639 3265 1817 3311 maent
1851 3264 1959 3311 sij
1995 3261 2460 3310 gevraeghdens—

256 3318 369 3365 glas
395 3322 647 3371 wtwesende
674 3326 759 3372 het
785 3327 926 3376 schip
951 3326 1174 3378 verloren
1201 3322 1397 3372 hebben.

1418 3363 1677 3412 sComp=s
1714 3365 1900 3412 schip
1936 3359 2233 3410 verloren
2269 3350 2530 3403 hebben.

257 3540 437 3589 Sijmon
466 3541 525 3586 de
555 3541 675 3588 geus
703 3544 1060 3596 ondercoop=l,
1090 3548 1239 3596 Jacob
1268 3549 1300 3596 —

1412 3593 1743 3644 Hoedanigh
1777 3588 1890 3638 met
1925 3585 2147 3632 sonnen
2181 3577 2549 3633 onderganck

243 3642 482 3691 poulusz
515 3646 856 3696 Constabel,
888 3653 1025 3699 ende
1058 3653 1332 3702 Jeuriaen

1416 3693 1521 3743 het
1555 3690 1794 3738 Eijlant
1827 3686 1931 3734 van
1964 3680 2238 3732 Galjoen.
2268 3676 2306 3724 .
2339 3673 2374 3720 .
2404 3671 2441 3717 .
2475 3671 2612 3717 ende

247 3746 529 3797 gerritsz
563 3752 774 3798 Boss=r
809 3752 1161 3800 antwoorden
1196 3755 1337 3805 van.

1412 3783 1477 3832 de
1508 3780 1765 3831 droochte
1797 3778 1925 3825 daer
1956 3777 2021 3822 op
2052 3774 2181 3821 haer
2212 3770 2309 3818 het
2340 3763 2600 3814 ongeluck

240 3848 711 3906 opperstuirman
747 3860 1001 3909 genaemt
1036 3863 1145 3911 Jan
1181 3866 1369 3917 Jansz

1404 3877 1741 3928 wedervaren
1774 3877 1843 3924 is
1875 3875 1977 3921 van
2010 3872 2145 3920 haer
2178 3866 2448 3917 gepaejlt
2481 3860 2616 3910 ende

242 3953 358 4002 bol:
385 3958 471 4005 soo
500 3960 587 4007 int
615 3962 816 4008 peijlen
844 3962 1016 4008 doende
1044 3961 1131 4007 was
1159 3961 1369 4014 gehoort

1414 3979 1689 4026 bevonden
1723 3977 1929 4024 hebben
1962 3974 2066 4021 als
2099 3972 2237 4018 mede
2271 3971 2375 4017 hoe
2409 3969 2547 4016 veer

236 4039 303 4092 te
330 4051 550 4103 hebben,
581 4057 676 4103 dat
707 4058 802 4105 het
833 4061 1053 4108 Eijlant
1083 4062 1178 4109 int
1210 4064 1403 4117 vraegh
1427 4077 1555 4125 doen
1585 4079 1711 4126 daer
1741 4079 1837 4126 wel
1867 4077 2088 4124 buijten
2119 4076 2308 4122 giften
2339 4076 2402 4121 te
2433 4073 2623 4124 wesen,

229 4134 461 4197 „poinct
492 4154 822 4204 aengehaelt
854 4160 1020 4209 noort
1049 4165 1216 4211 weest
1245 4161 1348 4213 om=

229 4229 433 4295 Atrent
463 4253 498 4299 4
529 4255 730 4306 mijlen
763 4262 864 4308 van
896 4263 1031 4311 huer
1063 4267 1230 4316 lagh,
1257 4265 1463 4316 twelck
1496 4265 1597 4312 sij
1630 4268 2198 4326 gejnterrogeerdens
2229 4282 2531 4335 verclaren

240 4323 388 4381 mede
422 4338 605 4394 alsoo
641 4350 717 4399 te
750 4356 970 4407 wesen.

734 3455 816 3501 2.

1888 3479 1965 3528 2.
