3567 4801
2670 508 2830 560 850

875 718 1082 780 laas
1132 713 1441 762 Iansen
1488 719 1643 769 van
1691 702 2050 762 hostick
2097 692 2203 747 jn
2253 688 2509 736 jndia
2560 679 2918 733 gecomen

859 852 979 902 ao
1036 844 1277 898 1637
1333 834 1514 882 met
1571 820 1871 876 schip
1928 808 2525 863 Maestricht
2583 803 2705 851 in

833 991 1337 1047 qualiteijt
1387 986 1539 1036 van
1585 972 1942 1030 soldaet
1991 970 2045 1016 a
2092 974 2143 1020 ƒ
2192 971 2296 1018 10
2344 971 2496 1020 p:r
2545 954 2849 1013 maendt

787 1167 998 1230 wert
1046 1157 1153 1208 op
1201 1139 1412 1199 sijn
1463 1125 1879 1183 vertoogh
1930 1117 2138 1169 ende
2190 1111 2294 1162 Be
2345 1100 2605 1152 quaem
2655 1088 2918 1144 heijt

786 1335 1064 1392 midts
1113 1305 1612 1378 Experatie
1664 1281 1995 1344 sijnee
2048 1259 2434 1322 jongste
2454 1238 2924 1298 verbandt

829 1477 1042 1534 ende
1091 1437 1773 1517 genegentheijt
1824 1427 1930 1479 d'
1948 1409 2085 1463 E.
2135 1395 2450 1447 Comp„e
2497 1379 2711 1437 noch
2762 1372 2973 1423 lang

863 1613 960 1672 jn
1000 1593 1228 1655 jndia
1271 1588 1362 1636 te
1404 1578 1676 1632 dienen
1720 1571 1856 1621 Bij
1900 1559 2125 1614 desen
2167 1554 2259 1601 d'
2299 1544 2483 1598 novo
2527 1538 2707 1589 voor
2751 1524 2981 1581 drije

880 1717 1586 1798 naestvolgende
1636 1699 1910 1757 jaren
1961 1693 2073 1743 in
2119 1670 2668 1736 qualiteijt
2720 1660 2888 1712 van

848 1873 1321 1940 adelborst
1371 1841 1949 1916 aengenomen,
2001 1836 2211 1885 ende
2262 1828 2420 1878 een
2472 1809 3000 1872 belooningh

850 2023 1004 2076 van
1052 2006 1405 2063 twaelff
1456 1990 1808 2050 guldens
1857 1990 2009 2037 ter
2057 1980 2362 2035 maendt
2411 1963 2965 2024 toegeleijdt

835 2168 945 2218 de
998 2142 1641 2213 verbeteringe
1694 2135 1856 2186 van
1907 2123 2177 2179 Gagie
2224 2119 2445 2166 ende
2498 2117 2606 2163 't
2659 2097 2981 2162 nieuwe

766 2301 1191 2370 Verbandt
1241 2286 1454 2344 dato
1505 2276 1664 2329 als
1715 2268 2033 2320 vooren
2082 2255 2505 2314 aenvancq
2554 2246 2821 2299 nemen
2872 2244 2926 2291 —

743 2675 1203 2778 Nichiel
1266 2651 1993 2729 Braeckelaer
2056 2649 2255 2700 van
2305 2632 2647 2695 Gendt
2712 2623 2912 2676 int

856 2815 1144 2886 landt
1199 2796 1593 2858 gecomen
1644 2788 1762 2840 ao
1816 2780 2043 2831 1642
2090 2771 2211 2827 in
2264 2750 2887 2813 qualiteijt—

827 2946 982 3002 van
1033 2921 1597 2990 Bootsgesell
1647 2913 1803 2964 met
1852 2897 2162 2956 tschip
2213 2883 2778 2939 middelburgh
2828 2880 2881 2929 —

818 3109 874 3159 a
921 3098 977 3148 8
1026 3087 1132 3137 gl
1177 3070 1287 3127 p.
1331 3055 1388 3106 r
1439 3048 1750 3099 maendt
1802 3041 2010 3093 wert
2059 3033 2165 3083 op
2213 3016 2423 3073 zijn
2474 3010 2889 3059 vertoogh

851 3217 1081 3277 ende
1138 3184 1876 3259 genegentheijt
1931 3178 2047 3229 d'
2094 3164 2160 3216 E
2207 3146 2554 3214 Comp„e
2609 3143 2837 3193 noch

828 3370 1186 3431 langer
1244 3362 1365 3414 jn
1421 3347 1721 3403 jndia
1776 3337 1900 3391 te
1959 3319 2316 3380 dienen
2365 3308 2554 3360 Bij
2610 3296 2911 3349 desen

831 3523 935 3571 d'
985 3516 1193 3568 novo
1242 3506 1450 3557 voor
1500 3493 1759 3548 drije
1808 3485 2069 3537 naest
2109 3470 2532 3531 volgende
2581 3460 2896 3513 jaeren

864 3667 973 3715 in
1023 3644 1399 3708 deselve
1444 3625 1988 3689 qualiteijt
2040 3619 2202 3668 van
2250 3598 2846 3661 Bootsgesell

856 3795 1523 3863 aengenomen,
1582 3784 1824 3840 ende
1883 3779 2066 3825 een
2124 3765 2729 3817 Belooningh
2785 3770 2973 3821 van

827 3948 1206 4003 twaelff
1257 3932 1636 3992 guldens
1687 3926 1852 3977 ter
1905 3917 2230 3969 maendt
2283 3896 2877 3961 toegeleijdt

843 4106 950 4154 d'
998 4073 1631 4152 verbeteringe
1683 4065 1840 4114 van
1892 4058 2208 4109 gagie,
2259 4058 2470 4105 ende
2522 4053 2891 4102 tneuwot

857 4232 1269 4284 verbandt
1320 4227 1526 4276 dato
1575 4221 1732 4270 als
1782 4209 2091 4263 vooren
2142 4194 2657 4254 Beqinnende
