3560 4958
824 600 933 657 :1

1291 750 1610 801 meerder
1654 757 2019 811 aensien,
2063 768 2383 818 faveur,
2426 773 2609 820 ende
2654 776 2928 826 dienst
2972 783 3109 830 sal
3153 786 3429 845 cunnen

1307 872 1779 920 uijtwercken,
1817 876 2366 936 ontwijffelijck
2404 892 2522 938 dan
2561 892 2719 938 oock
2757 893 2875 938 met
2913 893 2993 940 't
3031 897 3429 961 aenbrengen

1296 985 1422 1032 van
1465 985 1675 1031 goede
1717 986 2013 1033 partije
2054 989 2519 1044 eliphanten,
2560 1000 2686 1047 soo
2729 1001 2898 1047 maer
2939 1003 3109 1051 dien
3150 1008 3418 1057 handel

1298 1099 1426 1145 bij
1467 1098 1596 1145 den
1638 1096 1894 1143 xrince
1936 1095 2065 1142 ten
2107 1098 2407 1149 rechten
2447 1106 2789 1153 gemeent,
2831 1107 3003 1153 ende
3044 1107 3386 1155 d'cherge

1291 1215 1466 1266 daer
1509 1212 1640 1260 van
1681 1209 2248 1258 meergenoemden
2289 1212 2593 1262 miersia
2636 1218 2940 1269 sulcarn
2983 1225 3115 1274 ten
3155 1231 3420 1281 vollen

1284 1326 1686 1379 vertrouwt
1731 1323 1953 1371 wert,
1997 1321 2354 1368 sullende
2398 1324 2488 1369 nu
2531 1324 2799 1371 voorts
2843 1326 2977 1373 tot
3021 1329 3377 1381 vervolch

1285 1443 1412 1492 van
1453 1438 1582 1488 den
1623 1433 2133 1483 bengaelschen
2174 1435 2429 1486 handel
2472 1438 2558 1485 pr
2599 1440 2854 1487 eerste
2895 1441 3192 1489 occasie
3235 1443 3364 1490 van

1278 1585 1458 1632 uEd:
1502 1576 1952 1631 verwachten
1996 1572 2176 1620 8000
2220 1569 2311 1617 lb
2355 1566 2625 1615 sappan
2665 1561 2895 1611 hout,
2939 1561 3163 1609 20000
3205 1543 3342 1606 lbe

1266 1709 1510 1769 peper,
1546 1707 1672 1754 oft
1713 1704 1957 1752 geviel
1997 1703 2159 1749 daer
2200 1703 2322 1748 van
2363 1702 2525 1749 uijt
2565 1698 2809 1746 madure
2849 1695 2972 1743 soo
3012 1692 3418 1743 tijdelijck

1276 1831 1451 1880 niet
1494 1829 1583 1875 en
1626 1826 1933 1872 wierden
1976 1820 2546 1871 geprovideert,
2589 1818 2677 1864 jn
2720 1816 2939 1863 allen
2982 1815 3343 1862 gevallen

1278 1967 1548 2019 sullen
1591 1962 1728 2011 met
1766 1957 1907 2006 die
1952 1956 2266 2003 partije
2308 1953 2490 2000 niet
2534 1943 2894 1997 verlegen
2936 1936 3163 1987 sijn,
3207 1930 3395 1980 maer

1296 2088 1433 2135 tot
1474 2076 1934 2132 redelijcke
1977 2072 2297 2123 advance
2343 2067 2616 2117 cunnen
2661 2061 3302 2113 gebenificieert

1277 2209 1723 2270 werden

1267 2370 1381 2416 Ten
1420 2370 1725 2416 Insichte
1762 2372 1916 2419 door
1951 2374 2030 2420 d'
2067 2375 2296 2424 groote
2334 2378 2793 2426 schaersheijt
2829 2381 2906 2427 en
2944 2381 3403 2429 grasserenden

1253 2486 1555 2536 hongers
1598 2484 1771 2530 noot
1813 2483 2029 2530 alome
2072 2483 2330 2530 langhs
2373 2485 2546 2532 dees
2585 2486 2847 2534 custe,
2889 2489 2976 2535 en
3018 2490 3277 2541 d'noch

1245 2602 1655 2659 weijnige
1704 2595 2215 2648 apparentie
2265 2598 2418 2643 van
2468 2599 3130 2649 veranderinghe
3178 2601 3333 2648 ten

1264 2721 1582 2782 goeden,
1626 2719 1806 2766 voor
1850 2715 2075 2763 Celon
2119 2713 2255 2760 als
2296 2710 2658 2760 Mallacca
2702 2715 2927 2763 Ruijm
2971 2717 3107 2763 50o
3150 2713 3421 2762 lasten

1276 2847 1439 2895 ende
1480 2847 1641 2893 voor
1681 2845 1803 2891 ons
1843 2843 2085 2890 alhier
2126 2843 2287 2889 geen
2327 2842 2570 2888 minder
2610 2835 3055 2888 quantiteijt
3092 2822 3297 2878 rijs.

1268 2975 1442 3023 omme
1485 2974 1658 3021 alle
1702 2973 2223 3022 extremiteijt
2265 2971 2439 3017 ende
2483 2969 2917 3016 onheijlen,
2960 2967 3090 3014 soo
3133 2961 3307 3011 veel

1282 3100 1703 3153 mogelijck,
1745 3101 1914 3148 voor
1954 3102 2040 3148 te
2082 3098 2334 3147 comen,
2375 3095 2586 3142 desen
2628 3094 2713 3140 en
2754 3092 2881 3140 p=r
2921 3085 3401 3135 aenstaenden

1268 3230 1491 3284 jaere
1535 3223 1801 3273 nodigh
1843 3216 2242 3266 oordeele,
2285 3209 2508 3260 hebbe
2551 3208 2641 3255 d'
2683 3208 2994 3257 procure
3037 3205 3214 3252 ende
3259 3201 3348 3250 op

1255 3349 1624 3405 samelingh
1663 3344 1788 3393 van
1827 3336 1992 3387 dien
2030 3331 2115 3379 d'
2155 3312 2811 3375 oppercoopluijden
2851 3311 2933 3356 in
2973 3305 3304 3356 pijpelij

1264 3490 1402 3539 opt
1446 3479 1767 3533 hoogste
1811 3468 2543 3522 gerecommandeert,
2589 3467 2772 3513 ende
2818 3463 3001 3511 voor
3046 3459 3138 3506 al
3183 3456 3331 3502 ons

1254 3614 1465 3660 vand'
1505 3605 1963 3662 Apparentien
2004 3602 2088 3649 in
2126 3590 2588 3646 sonderheijt
2629 3575 3046 3633 doenelijck
3086 3570 3382 3621 sijnde,

1253 3744 1383 3798 ons
1425 3734 1677 3787 tegens
1718 3729 2014 3779 october
2055 3725 2267 3773 naest
2308 3723 2604 3770 comende
2640 3721 2772 3770 van
2813 3718 2940 3765 150
2982 3718 3024 3763 a
3065 3714 3193 3762 200
3234 3711 3403 3758 last

1260 3858 1346 3908 te
1388 3853 1888 3903 provideeren,
1929 3850 2055 3898 opt
2096 3840 2513 3894 spoedigste
2550 3842 2678 3889 pre
2719 3839 2970 3886 advijs
3011 3837 3095 3883 te
3136 3835 3389 3882 geven,

1257 3978 1441 4028 omme
1485 3973 1623 4022 ons
1666 3963 1806 4015 int
1850 3958 2034 4006 doen
2078 3958 2307 4004 vande
2351 3951 2855 4003 vereijschte
2896 3947 3356 3998 besendinge

1235 4086 1564 4144 volgens
1610 4082 1795 4130 dien
1840 4079 1934 4126 te
1979 4075 2257 4123 cunnen
2304 4071 2766 4121 reguleren,
2811 4068 2998 4116 daer
3043 4066 3183 4113 toe
3228 4063 3369 4112 dan

1254 4205 1448 4256 oock
1495 4201 1832 4250 buijten
1878 4192 2310 4247 transport
2356 4183 2597 4235 vande
2643 4180 2979 4228 verdere
3027 4171 3369 4224 ladinge

1247 4320 1716 4381 derwaerts,
1761 4317 1902 4364 die
1948 4314 2134 4362 niet
2181 4308 2461 4359 minder
2505 4302 2647 4351 als
2692 4300 2786 4347 op
2832 4297 2972 4344 300
3017 4287 3299 4341 lasten

1253 4435 1722 4494 calculeren,
1764 4431 1892 4480 bij
1934 4430 2104 4476 uEd:
2136 4426 2274 4475 ter
2314 4421 2867 4473 behoorlijcker
2909 4416 3079 4465 tijt
3120 4411 3334 4460 t'sij

2896 4620 3175 4676 over

619 294 826 353 Julio
865 291 908 337 a
947 289 1030 336 o.
1071 290 1234 337 1646

1874 468 2318 517 Jonckm

2920 467 3163 518 1646
