3451 4937
771 279 967 342 Jnno
1015 279 1159 329 a„o
1202 282 1400 333 1646

505 321 678 396 3

1098 442 1312 492 naerder
1341 448 1434 494 met
1463 451 1555 497 den
1585 453 1829 502 Capitain
1859 457 2195 508 Broeckhorst
2224 462 2346 509 over
2376 462 2468 510 die
2498 464 2621 511 ende
2650 467 2774 517 daer
2802 473 3230 536 aendependenene

1096 559 1249 606 saken
1279 561 1341 607 te
1370 562 1647 610 handelen,
1674 565 1799 611 waer
1829 566 1951 614 mede
1981 569 2074 617 van
2103 572 2196 619 hem
2225 575 2563 629 scheijdende
2592 585 2715 633 himn
2744 589 2898 638 naden
2928 594 3111 644 Capado

1091 675 1383 722 Ongadingh
1415 675 1774 725 verwoinhden
1805 680 2131 729 denwelcken
2163 684 2262 732 mes
2292 688 2489 740 thuijs
2518 695 2749 746 vanden,
2779 703 2877 751 ene
2909 706 3234 760 dierhalven

1094 796 1196 844 met
1230 799 1569 847 voornoemde
1602 799 1807 846 raport
1840 800 2317 859 wederomquamen,
2350 815 2452 862 als
2485 818 2724 867 wanneer
2757 824 2927 874 corts
2960 829 3097 879 daer
3130 835 3232 883 aen

1095 918 1184 967 d:o
1212 922 1474 972 ongadingh
1502 927 1822 974 personelijk
1850 928 1909 974 in
1937 930 1996 976 de
2025 932 2171 980 logie
2198 936 2316 985 quam
2344 941 2431 986 ons
2460 940 2635 987 dapper
2663 942 2955 997 beclagende
2982 953 3128 1005 wegen
3156 960 3222 1011 't

1092 1050 1485 1096 overgekomen
1520 1051 1841 1098 ongeluck,
1876 1051 2091 1098 welcke
2126 1054 2234 1101 hem
2268 1056 2840 1116 teverstaengaven,
2874 1072 3235 1134 toegekomen

1040 1171 1171 1217 was,
1202 1172 1301 1218 uyt
1332 1174 1397 1221 de
1430 1176 1690 1222 bamboese
1722 1177 2015 1225 wooningen
2047 1180 2145 1228 der
2176 1181 2568 1231 Toncquinders
2599 1186 2762 1237 dight
2794 1192 2926 1241 rond
2956 1198 3023 1245 om
3054 1202 3250 1251 Comp=s

1112 1294 1439 1343 costelijk:e
1469 1294 1944 1345 gebouwenstaende,
1972 1299 2270 1346 dierhalven
2300 1301 2567 1352 denselven
2596 1308 2864 1359 minnelijk
2892 1315 3102 1370 versogh
3130 1327 3236 1374 ten

1090 1402 1346 1451 omtrendt
1377 1407 1473 1453 den
1504 1408 1730 1458 Coningh
1757 1413 1888 1460 dogh
1918 1414 2079 1461 wilde
2110 1416 2302 1462 tewege
2334 1417 2589 1465 brengen,
2619 1420 2748 1472 onse
2780 1427 2971 1475 vagger
3002 1428 3099 1475 wat

1087 1518 1236 1564 wyder
1266 1519 1594 1566 uijtmochten
1623 1522 1832 1570 setten:
1861 1525 1921 1571 om
1951 1526 2100 1573 alsoo
2129 1529 2190 1575 te
2218 1531 2368 1579 beter
2397 1534 2487 1582 van
2516 1538 2726 1587 deselve
2754 1542 2935 1593 bevryt
2961 1548 3022 1594 te
3052 1548 3202 1597 wesen

1089 1636 1143 1682 op
1168 1634 1223 1680 't
1249 1634 1408 1679 welcke
1435 1634 1886 1683 gaersoberentroost
1912 1638 2099 1688 cregen,
2123 1644 2178 1691 op
2203 1646 2443 1697 desselffs
2468 1653 2734 1702 affscheijt
2760 1657 2867 1705 daer
2892 1660 2999 1707 voor
3025 1662 3238 1714 eijscren

1086 1746 1152 1793 20
1183 1744 1281 1790 stx
1313 1744 1606 1793 Sarassen,
1638 1749 1768 1795 ende
1800 1750 1897 1796 dat
1930 1751 2157 1800 dansien
2189 1756 2352 1805 wilde
2383 1761 2481 1809 wat
2513 1765 2578 1810 te
2610 1765 2741 1813 wege
2772 1769 3000 1821 brengen
3031 1777 3226 1823 ooste.

1034 1862 1325 1915 waermede
1360 1862 1722 1911 deurgingh,
1756 1868 2044 1920 bouwende
2080 1875 2224 1920 yder
2260 1875 2405 1923 vast
2440 1879 2801 1928 evensterck
2836 1884 3089 1937 weeraen
3124 1894 3234 1942 ter

1043 1973 1267 2024 plaetse
1298 1972 1424 2018 daer
1456 1972 1613 2018 hunne
1644 1973 1866 2026 huijsen
1896 1982 2211 2039 affgebrand
2242 1995 2464 2049 twaren,
2493 2006 2652 2052 mogen
2681 2008 2840 2058 hopen
2870 2013 3061 2062 vanden
3090 2019 3248 2065 groot

1045 2095 1284 2145 „rechter
1313 2095 1461 2141 beter
1491 2095 1757 2147 bescheijt
1787 2102 1995 2155 crijgen
2021 2109 2113 2156 dat
2142 2112 2231 2160 god
2260 2115 2409 2165 geve,
2438 2121 2527 2169 tot
2555 2124 2794 2177 voordeel
2820 2131 2971 2180 vande
3000 2136 3148 2184 Comp.
3177 2138 3214 2185 e

1090 2215 1182 2262 in
1227 2217 1367 2264 dit
1412 2219 1831 2277 geweste/.

850 2337 1041 2389 Jegens
1072 2337 1357 2385 denavondt
1387 2341 1515 2389 comp
1545 2346 1578 2392 t
1608 2348 1893 2401 geseijden
1923 2357 2177 2409 Ongahdij
2206 2365 2303 2413 met
2332 2369 2554 2420 grooten
2585 2376 2743 2425 sleep
2774 2380 2901 2428 inde
2930 2383 3089 2430 logie
3120 2384 3215 2430 die

1089 2457 1185 2503 ons
1215 2458 1403 2504 gelijk
1435 2459 1624 2510 andren
1654 2465 1843 2517 dapper
1873 2473 2000 2521 mede
2030 2477 2408 2534 beclaechden,
2437 2490 2658 2539 brachte
2688 2495 2784 2543 met
2813 2499 2910 2548 hem
2938 2505 3035 2555 aen
3064 2508 3160 2556 ons

1076 2586 1176 2632 tot
1209 2586 1539 2636 vereeninge
1570 2593 1670 2641 een
1701 2597 1801 2644 pot
1833 2600 2032 2649 arracq
2063 2605 2261 2656 partye
2293 2611 2459 2662 water
2491 2619 2755 2672 limoenen
2786 2628 2853 2676 en
2885 2631 3018 2680 5000
3050 2636 3250 2685 groote

1097 2706 1357 2755 Cassieus,
1386 2710 1647 2759 denselven
1675 2715 1965 2770 versochten
1993 2726 2081 2773 als
2109 2729 2341 2782 verhaelt
2369 2738 2486 2786 voor
2513 2742 2572 2788 de
2600 2743 2774 2790 maij:t
2802 2744 2950 2796 wilde
2975 2753 3065 2800 soo
3091 2757 3236 2806 veele

1080 2820 1146 2867 te
1178 2820 1534 2878 wegebrengen
1566 2833 1664 2881 dat
1695 2838 1762 2886 de
1791 2843 1987 2893 pagger
2018 2848 2116 2894 wat
2148 2849 2310 2900 wyder
2342 2855 2569 2908 mochten
2601 2863 2925 2919 uitsetten,
2956 2875 3183 2926 daertoe

1072 2948 1166 2994 ons
1196 2949 1351 2998 goede
1381 2953 1506 3002 hope
1535 2959 1690 3009 gaff,
1719 2965 1782 3011 en
1812 2967 2090 3019 naweynige
2120 2975 2428 3028 discoursen
2459 2983 2922 3038 vantovergekomen
2951 2994 3198 3044 ongeluck

1081 3072 1575 3128 wederomvertrock,
1604 3083 1698 3129 met
1728 3085 1944 3132 belofft
1974 3087 2037 3133 en
2066 3088 2158 3136 ons
2189 3091 2497 3147 navermogen
2527 3102 2589 3148 te
2620 3103 2774 3149 recht
2804 3104 2959 3154 wilde
2988 3109 3175 3164 helpen

1033 3191 1133 3241 soo
1162 3197 1329 3246 hadde
1360 3202 1460 3250 ons
1491 3206 1589 3254 den
1622 3209 1819 3256 Iongen
1851 3211 2081 3261 Coningh
2113 3217 2279 3266 heden
2310 3222 2442 3270 mede
2473 3227 2638 3275 laten
2670 3231 2966 3280 begroeten
2996 3231 3099 3280 met

1020 3322 1338 3371 vereeringe
1369 3324 1465 3371 van
1495 3326 1560 3373 20
1590 3330 1781 3378 potens
1811 3335 2002 3383 siroop
2032 3339 2096 3386 10
2127 3340 2317 3390 corven
2348 3346 2475 3394 Rijs
2506 3350 2538 3395 2
2569 3351 2886 3402 koebeesten
2916 3358 2980 3406 en
3011 3361 3235 3412 partije

1031 3448 1500 3501 waterlimoenen,
1533 3457 1634 3504 ons
1667 3460 1801 3506 daer
1834 3461 2104 3511 benevens
2136 3467 2504 3520 beclagende,
2538 3475 2672 3521 voor
2705 3476 2773 3522 de
2805 3477 3074 3527 geledene
3106 3483 3148 3532 —

1078 3585 1304 3633 schade,
1335 3588 1432 3634 als
1464 3589 1722 3637 oocgdede
1754 3592 1851 3637 den
1881 3591 2077 3638 Capado
2108 3594 2333 3642 Ongaton
2366 3596 2655 3644 beneffens
2687 3596 3043 3649 schenckagie
3073 3605 3173 3655 van

1084 3704 1184 3751 een
1213 3706 1476 3752 koebeest
1508 3706 1541 3752 2
1574 3707 1965 3752 pottenarracq
1997 3706 2128 3752 ende
2160 3707 2585 3766 waterlinwenen
2616 3722 2715 3771 Jns
2747 3726 2911 3778 gelyx
2942 3734 3203 3784 creeghen

1074 3827 1111 3875 2
1141 3830 1412 3877 verckens
1446 3831 1581 3876 vans
1615 3831 1852 3877 princen
1885 3829 2156 3876 grootste
2189 3830 2393 3880 Capado
2425 3836 2663 3886 diesigh
2695 3841 2900 3891 dapper
2931 3847 3204 3899 bedroeft

1081 3942 1279 3990 scheen
1309 3945 1376 3991 te
1408 3947 1636 3994 gelaten
1668 3949 1798 3994 over
1831 3947 2156 3994 ditongeval

2731 4056 2834 4104 ady
2867 4060 3005 4106 10:e
3038 4062 3151 4111 d:o

1025 2464 1042 2509 1

2296 3950 2381 3998 1.
