3573 4958
2775 298 3005 351 726

471 339 671 425 Jnno
709 320 864 380 ao.
911 312 1106 363 1646

354 388 481 465 O

964 478 1090 530 inde
1120 474 1306 523 nieuwe
1337 474 1584 521 gemaecte
1615 476 1892 523 Combuijs,
1922 476 2079 522 quam,
2108 478 2201 524 die
2231 479 2355 528 daer
2385 483 2602 536 omtrent
2632 491 2756 538 drie
2786 493 3066 548 agstadien

965 586 1315 642 voorstonde,
1345 586 1409 633 en
1440 587 1821 634 dienvolgende
1853 588 2043 634 dichts
2075 588 2203 635 ende
2233 592 2393 640 eerst
2423 596 2645 646 aenende
2676 601 3025 652 omverhaelde

907 703 1241 757 packhuijs,
1274 703 1440 750 woogh
1473 705 1771 752 bovendat,
1803 704 2003 750 indien
2036 704 2170 750 oock
2201 707 2268 754 de
2301 710 2600 762 galderije
2631 717 2732 762 die
2764 718 3070 776 vantwoon„

949 830 1107 882 huijs
1137 827 1263 874 in't
1293 828 1574 879 packhuijs
1604 833 2038 881 overstreckende
2070 831 2194 878 was,
2225 831 2319 877 met
2349 833 2473 881 hadd
2504 836 2567 882 en
2597 838 2692 886 met
2721 842 2909 890 craght
2938 847 3033 895 van

956 948 1121 997 volcq
1153 951 1252 997 uit
1284 950 1351 997 de
1383 953 1809 1001 Schepenhadden
1842 954 2169 1000 omgehaelt,
2201 951 2366 998 soude
2398 949 2793 999 nootsakelijk
2824 954 3023 1008 moeten

919 1071 1120 1117 volgen
1153 1069 1389 1115 hebben,
1422 1071 1523 1117 met
1556 1073 1757 1120 welcke
1791 1074 1993 1120 middel
2026 1075 2160 1121 nogh
2193 1075 2462 1121 behouden
2495 1073 2563 1120 en
2595 1072 2663 1118 de
2696 1071 2900 1118 Comp:e
2930 1076 3039 1131 aen

954 1191 1075 1241 hare
1102 1191 1365 1238 goederen,
1393 1192 1480 1238 die
1509 1193 1626 1241 daer
1655 1195 1801 1241 veele
1829 1196 2063 1242 inlagen,
2091 1197 2442 1245 onbeschadigh
2468 1200 2499 1246 t
2527 1199 2760 1248 gebleven
2789 1202 2877 1248 is,
2905 1199 3051 1248 synde

959 1312 1211 1359 eenlijk
1246 1313 1390 1360 230:
1426 1314 1535 1362 stx
1568 1317 1893 1363 Veelinghs
1929 1316 2001 1362 7:
2036 1315 2144 1361 str
2180 1315 2503 1363 Thioulaas
2539 1318 2577 1365 2
2611 1321 2899 1372 Fluwelen
2934 1325 3078 1374 twee

951 1427 1229 1476 Toncquinse
1256 1428 1451 1474 Cangans
1478 1430 1589 1478 ende
1616 1433 1727 1479 twee
1754 1433 1838 1479 str
1865 1429 2087 1478 Coninghs
2115 1427 2309 1474 hockjus
2336 1426 2530 1472 'tsamen
2558 1426 2642 1473 450
2667 1427 2752 1473 d:o
2779 1427 3064 1480 monterende

957 1494 1051 1541 w

943 1546 1058 1595 ende
1085 1544 1116 1590 o
1144 1543 1259 1589 S:r:
1287 1543 1632 1590 Broeckharsts
1659 1544 1804 1590 Camer
1832 1543 1890 1588 in
1917 1542 2005 1588 een
2033 1540 2149 1586 kist
2176 1539 2407 1585 leggende
2434 1537 2522 1583 tot
2550 1536 2665 1582 niet
2694 1536 2953 1585 verbrand,
2981 1541 3067 1587 dat

941 1662 1027 1711 een
1055 1665 1197 1711 groot
1223 1661 1394 1709 geluck
1423 1662 1536 1707 ende
1564 1660 1904 1707 dienvolgende
1932 1658 2159 1705 weijnigh
2186 1656 2243 1702 is
2272 1656 2555 1702 tenaensien
2583 1658 2696 1705 vant
2724 1658 2951 1705 perijkel
2978 1656 3094 1704 daer

962 1787 1023 1838 in
1054 1787 1236 1838 waren,
1265 1783 1357 1831 god
1384 1776 1690 1827 almaghtigh
1721 1776 1812 1821 wil
1840 1773 1994 1821 Comp.
2024 1774 2054 1819 s
2082 1771 2297 1819 ongeval
2327 1770 2754 1819 tegemoetkomen,
2778 1772 2903 1821 Item
2932 1771 3055 1817 hare

958 1902 1225 1954 ministers
1254 1898 1343 1946 die
1372 1896 1461 1943 der
1491 1892 1728 1941 demeeste
1756 1888 1934 1937 sonder
1964 1885 2141 1933 groote
2171 1885 2348 1930 schade
2377 1882 2467 1930 met
2496 1883 2792 1931 affgekomen
2821 1886 3030 1934 bennen—

958 2021 1042 2067 als
1068 2014 1291 2065 hebbende
1318 2012 1458 2059 doors
1486 2011 1625 2057 sulyt
1652 2007 1875 2055 branden,
1902 2003 2042 2051 alles
2069 2002 2209 2048 moet,
2236 2002 2292 2048 en
2319 2002 2626 2050 latenstaen,
2652 2006 2764 2052 daer
2791 2008 2875 2054 het
2903 2006 3075 2054 stondt

953 2139 1119 2191 sonder
1146 2138 1228 2183 dat
1255 2137 1392 2183 ijets
1417 2133 1773 2182 condenbergen,
1800 2130 1991 2178 eenlijk
2017 2127 2154 2175 ijder
2179 2125 2290 2173 sigh
2316 2124 2589 2171 evenbesigh
2616 2124 2862 2172 houdende:
2888 2122 2998 2170 omme
3024 2121 3052 2166 —

939 2264 968 2309 t
996 2253 1261 2309 packhuijs
1290 2251 1408 2298 daer
1436 2250 1612 2296 Comp:s
1642 2248 1876 2296 middelen
1905 2248 1964 2294 in
1993 2247 2140 2293 lagen
2169 2249 2286 2295 ende
2315 2249 2433 2295 nogh
2461 2246 2579 2294 niet
2608 2246 2931 2295 aengesteken
2958 2249 3077 2295 was,

946 2384 1065 2431 voor
1095 2384 1183 2430 den
1213 2383 1361 2430 brand
1390 2383 1450 2428 te
1479 2378 1804 2429 preserveren
1832 2376 2217 2423 Jnvongenveele
2246 2376 2365 2422 alle
2394 2376 2513 2422 haer
2542 2377 2779 2423 cledinge
2808 2377 2867 2422 en
2896 2376 3074 2422 depen„

918 2496 1135 2545 „dentie
1166 2500 1415 2546 vandien,
1445 2499 1570 2544 daer
1600 2498 1663 2543 by
1692 2496 1973 2543 verlooren
2004 2495 2221 2541 welcken
2253 2495 2408 2543 brand
2438 2498 2533 2544 tot
2563 2500 2656 2546 den
2686 2500 2750 2549 /.

825 2634 920 2683 9:e
948 2632 1199 2682 smorgens
1230 2630 1635 2681 continueerden
1667 2628 1978 2675 eerlenuijt
2009 2627 2228 2674 cregen,
2258 2624 2352 2672 als
2382 2621 2601 2668 wanneer
2632 2621 2851 2669 oirsake
2881 2625 3069 2673 namen:

946 2755 1075 2806 omme
1106 2755 1170 2800 te
1201 2751 1485 2800 versoeken
1514 2748 1642 2796 onse
1673 2747 1863 2794 pagger
1893 2744 1989 2791 wat
2019 2741 2209 2789 verder
2241 2741 2430 2787 achter
2461 2740 2556 2787 end
2586 2737 2809 2783 telijde
2839 2738 3034 2792 warts—

946 2872 1047 2919 uyt
1080 2870 1314 2917 mochten
1347 2869 1581 2915 setten:
1613 2867 1681 2914 op
1713 2865 1814 2912 dat
1847 2865 1914 2910 de
1946 2858 2214 2909 gemeense
2246 2855 2380 2902 hare
2413 2850 2680 2900 bamboese
2713 2850 3021 2905 huijskens

948 2999 1039 3046 soo
1069 2997 1190 3044 veel
1220 2994 1402 3042 verder
1431 2993 1523 3038 van
1551 2989 1674 3037 onse
1704 2988 1855 3035 logie
1885 2985 2218 3033 genootsaect
2248 2981 2430 3029 bleven
2459 2979 2521 3025 te
2550 2977 2732 3023 bouwen
2762 2976 3007 3022 waerdoor

945 3120 1034 3168 den
1063 3116 1211 3165 brand
1240 3113 1475 3161 eenelijk
1505 3113 1564 3158 in
1592 3111 1770 3158 Comp:s
1796 3109 2036 3159 huysinge
2063 3111 2211 3157 (daer
2240 3112 2387 3159 dight
2416 3108 2799 3158 achterstonden
2828 3105 3064 3152 genaect)

947 3240 1076 3289 was,
1106 3239 1362 3289 sendende
1393 3229 1775 3283 dierhalvend'
1807 3227 2189 3275 ondercooplik
2220 3225 2412 3272 Janvan
2443 3226 2730 3275 Kiebeecq,
2761 3226 3017 3275 heijcoop

892 3372 1025 3421 ende
1056 3364 1350 3417 alexander
1382 3360 1480 3408 van
1512 3356 1741 3405 harten,
1772 3356 1935 3403 naden
1968 3356 2358 3405 grootrechter
2390 3359 2651 3406 Ongahaij
2683 3361 2748 3406 en
2780 3360 2944 3409 onsen
2972 3363 3008 3410 —

949 3489 1160 3540 Capado
1195 3491 1545 3540 ongadingh,
1579 3486 1860 3535 teneynde
1894 3485 2035 3531 sulx
2069 3484 2279 3530 onsent
2314 3485 2455 3532 wege
2489 3488 2631 3536 voor
2664 3493 2769 3539 den
2804 3494 3051 3548 Coningh

934 3616 998 3662 te
1028 3613 1341 3660 versoeken,
1373 3611 1591 3658 deselve
1623 3612 1904 3660 uytgaende
1935 3614 2373 3667 rescontreerden
2403 3622 2466 3669 op
2497 3624 2716 3672 denwegh
2748 3626 2874 3673 voor
2904 3629 3029 3676 gem:

945 3726 1234 3773 ongahaij,
1264 3727 1362 3773 die
1394 3727 1522 3773 sigh
1554 3727 1715 3773 vande
1746 3727 1876 3775 sake
1907 3730 2003 3778 soo
2034 3732 2229 3780 byster
2259 3737 2452 3784 vreemp
2483 3738 2517 3783 t
2548 3739 2677 3787 niet
2708 3742 2901 3790 scheen
2933 3741 3030 3790 te—

943 3848 1186 3898 houden,
1217 3852 1356 3899 ende
1389 3853 1561 3899 seide
1595 3853 1801 3900 tegens
1834 3855 2144 3905 denavondt
2176 3861 2450 3913 terlogie
2485 3864 2861 3914 komenwilde:
2895 3863 3034 3910 omme

2628 4018 2959 4065 naerder

11 463 28 508 oo

166 461 271 516 te

145 595 267 643 sake

0 1646 228 1697 tusschen
