3458 4869
2302 921 2568 989 1053

2349 1091 2534 1151 1051

623 1294 783 1344 Waer
822 1296 944 1343 dat
983 1293 1145 1341 alle
1183 1286 1425 1335 tgeene
1465 1283 1705 1331 twelck
1744 1282 1867 1329 soo
1901 1282 1986 1330 in
2025 1278 2146 1326 als
2185 1274 2267 1322 na
2305 1270 2507 1320 tver¬

756 1394 985 1447 branden
1017 1391 1115 1438 van
1146 1388 1212 1435 't
1245 1386 1407 1433 Jacht
1439 1379 1831 1430 d'Schelvisch
1861 1377 2153 1428 mogelijck
2185 1374 2315 1421 daer
2346 1365 2479 1417 uijt

783 1490 841 1536 te
869 1488 1069 1534 crijgen
1096 1486 1210 1532 ende
1238 1482 1381 1531 nemen
1408 1479 1494 1526 zij
1522 1473 1750 1524 geweest,
1777 1472 1921 1518 alsnu
1949 1464 2233 1517 gesalveert
2261 1462 2347 1508 is,
2374 1455 2551 1506 hebben

791 1583 888 1636 ons
918 1574 1230 1627 ondergess.
1258 1572 1323 1620 op
1354 1569 1511 1617 dato,
1540 1568 1604 1613 te
1633 1561 1822 1611 weeten
1853 1557 1978 1605 (die
2007 1555 2102 1602 van
2133 1553 2196 1600 d'
2226 1541 2539 1597 Honorabile

788 1678 924 1733 Oude
956 1672 1188 1723 Engelsz
1219 1665 1421 1716 Comp=e
1453 1661 1553 1708 ten
1584 1650 1917 1704 versoecke,
1950 1648 2017 1695 en
2049 1645 2149 1693 die
2182 1643 2282 1690 van
2314 1640 2381 1688 d'
2413 1631 2613 1684 Neder„

761 1772 983 1837 „lantsz
1013 1769 1136 1817 door
1166 1765 1321 1813 ordre
1351 1761 1505 1810 vande
1534 1752 1720 1806 Coopl.
1748 1746 1904 1795 Dirck
1933 1734 2211 1789 Sarcerius
2240 1731 2365 1778 ende
2393 1716 2581 1775 Gillis

776 1865 876 1920 van
907 1857 1130 1907 dulcken
1161 1853 1479 1903 mitsgaders
1508 1850 1606 1897 den
1637 1842 1892 1894 Schipper
1923 1839 2082 1887 Dirck
2114 1833 2400 1884 Cornelisz
2431 1829 2559 1877 Haen
2584 1821 2685 1874 int

780 1962 903 2016 ende
931 1948 1263 2005 ondercoopn:
1292 1942 1535 1993 Nicolaes
1563 1937 1745 1986 vander
1775 1935 1957 1982 Cappen
1984 1931 2137 1981 (alle
2165 1928 2378 1976 vermits
2407 1923 2558 1972 haere

798 2043 1041 2100 becomene
1070 2034 1461 2088 verbrantheijt
1490 2029 1700 2078 alsnoch
1727 2026 1850 2074 seer
1878 2021 2030 2070 swack
2059 2020 2180 2066 ende
2210 2015 2450 2066 impotent
2479 2012 2540 2059 :)

783 2147 909 2202 voor
937 2142 1000 2190 d'
1027 2132 1363 2185 laetstemael
1392 2130 1485 2176 aen
1512 2129 1575 2177 't
1604 2125 1756 2174 Vrach
1787 2120 1878 2170 van
1907 2116 2029 2165 gem:
2057 2114 2211 2161 Jacht
2240 2110 2574 2160 getransport
2604 2106 2666 2155 er

807 2236 956 2291 omme
990 2231 1066 2279 te
1102 2225 1250 2276 zien
1286 2222 1397 2269 off
1434 2220 1581 2267 noch
1618 2218 1766 2265 jets
1802 2215 1877 2262 te
1913 2209 2134 2259 bergen
2171 2206 2392 2254 mochte
2428 2199 2650 2251 wesen,

799 2324 975 2379 twelck
1002 2316 1292 2368 contrarie,
1319 2314 1379 2361 en
1408 2312 1524 2359 niet
1553 2311 1726 2356 anders
1755 2308 1843 2356 als
1870 2304 1929 2351 d'
1957 2302 2160 2349 steenen
2188 2300 2276 2346 die
2305 2298 2392 2344 tot
2420 2296 2624 2343 ballast

787 2413 1004 2474 gevoert
1033 2409 1217 2457 hadde,
1247 2405 1370 2453 daer
1400 2404 1461 2449 in
1490 2398 1735 2448 bevonden
1765 2396 1888 2443 ende
1916 2391 2101 2440 gesien
2131 2388 2345 2436 hebben,
2374 2386 2560 2432 Twelck

795 2504 891 2555 tot
921 2497 1079 2547 allen
1109 2494 1298 2542 tijden
1328 2492 1423 2538 met
1452 2488 1767 2537 solemnelen
1798 2481 1924 2532 Eede
1954 2480 2017 2525 te
2048 2476 2424 2524 confirmeeren
2455 2470 2643 2520 paraet

800 2586 1050 2641 blijven,
1077 2579 1329 2630 hebbende
1358 2577 1453 2624 tot
1484 2574 1701 2622 teecken
1732 2573 1825 2619 van
1855 2570 1980 2618 dien
2009 2568 2135 2615 onse
2166 2564 2476 2613 gewoonlijk
2506 2563 2633 2611 hant

801 2675 1100 2731 teeckenen
1132 2669 1265 2719 hier
1297 2668 1463 2714 onder
1497 2662 1695 2714 geseth

2364 2725 2399 2772 o

655 2817 765 2877 In
812 2799 1172 2862 Bassora
1223 2787 1478 2844 desen
1528 2776 1785 2831 18:=e
1832 2772 2294 2826 Januarijo
2342 2766 2497 2814 A=o

747 2905 955 2975 xviC.
992 2898 1120 2945 ses
1161 2895 1246 2943 en
1286 2886 1622 2938 Veertich

2086 2907 2312 2961 Thomas
2348 2903 2537 2952 Cogai

2060 3010 2212 3067 W:m.
2244 3006 2436 3054 Waase

1304 3034 1645 3085 michiel
1692 3024 1982 3077 neilms

1255 3127 1528 3178 Gerrit
1569 3119 1932 3176 Waterman

1084 3276 1489 3340 Johannes
1538 3255 2098 3320 Schaelkens,

1105 3354 1470 3424 Leendert
1511 3331 1928 3393 pietersen

1094 3589 1263 3651 Jan
1318 3581 1548 3636 kans
1600 3550 1943 3618 Jeesen

1871 4605 2063 4653 Leijer
2093 4604 2379 4661 Jouijssen
2409 4607 2601 4659 vander
2631 4604 2696 4652 Ka

258 990 394 1043 45

438 986 882 1036 d

1262 752 1336 799 22

2621 1624 2662 1675 15

2370 4576 2388 4621 o
