<?xml version="1.0" encoding="UTF-8"?>
<PcGts xmlns="http://schema.primaresearch.org/PAGE/gts/pagecontent/2013-07-15">
  <Metadata externalRef="225bea1c-6452-411c-898f-d748d2c3ce59">
    <Creator>Laypa</Creator>
    <Created>2023-09-08T02:20:55</Created>
    <LastChange>2023-09-08T03:38:16</LastChange>
    <Comment>license: CC0</Comment>
    <MetadataItem type="processingStep" name="layout-analysis" value="laypa">
      <Labels>
        <Label value="228a7d24385cff0e51687c00d0e65a2c2a9703d5" type="githash"/>
        <Label value="61334eb4-edff-4af5-b036-b5927f35bbcf" type="uuid"/>
        <Label value="https://hdl.handle.net/10622/VMSCBR" type="laypamodelremote"/>
      </Labels>
    </MetadataItem>
    <MetadataItem type="processingStep" name="region-analysis" value="laypa">
      <Labels>
        <Label value="0a3442b4-835c-44bc-9115-3fd08263a5dc" type="uuid"/>
        <Label value="https://hdl.handle.net/10622/DMAS2T" type="laypamodelremote"/>
      </Labels>
    </MetadataItem>
    <MetadataItem type="processingStep" name="htr" value="loghi-htr">
      <Labels>
        <Label value="9efb3e0ff4338dc6e07d110ac4d435f27f5b0e16&#10;" type="githash"/>
        <Label value="3a9bdaa3-493c-483e-bbb2-f51961b8e5a0" type="uuid"/>
        <Label value="64" type="batch_size"/>
        <Label value="https://hdl.handle.net/10622/X2JZYY" type="loghihtrmodelremote"/>
      </Labels>
    </MetadataItem>
    <MetadataItem type="processingStep" name="word-splitting" value="loghi-htr-tooling"/>
    <MetadataItem type="other" name="dataset" value="https://hdl.handle.net/10622/LVXSBW">
      <Labels>
        <Label value="VOC transcriptions v2 - GLOBALISE" type="name"/>
        <Label value="Dataset in pagexml and txt format, including data card." type="description"/>
        <Label value="https://globalise.huygens.knaw.nl/" type="creator"/>
        <Label value="https://hdl.handle.net/10622/LVXSBW" type="url"/>
      </Labels>
    </MetadataItem>
  </Metadata>
  <Page imageFilename="NL-HaNA_1.04.02_1161_0607.jpg" imageWidth="3567" imageHeight="4801">
    <ReadingOrder>
      <OrderedGroup id="orderedgroup_f9d1de9a-e985-40f8-8bce-eabbf2b2c7fa">
        <RegionRefIndexed index="0" regionRef="region_a2a08f0c-afd5-4f4c-8f9b-26bd1fd0a411_3"/>
        <RegionRefIndexed index="1" regionRef="region_008e68e9-5b15-45ad-845f-c29e096499b3_5"/>
        <RegionRefIndexed index="2" regionRef="region_b70864fa-4fd4-45e1-a6fa-853af8717fcd_4"/>
        <RegionRefIndexed index="3" regionRef="region_7c6b157f-0e68-4f01-afe4-d7011a094429_2"/>
        <RegionRefIndexed index="4" regionRef="region_2a2e1787-f3d6-47d1-84fe-5225265e94c2_1"/>
        <RegionRefIndexed index="5" regionRef="region_7a7afb9c-a20b-4920-8246-567ba7aace09"/>
        <RegionRefIndexed index="6" regionRef="e8d07139-68e8-4e7e-98c9-710b4734e9df"/>
      </OrderedGroup>
    </ReadingOrder>
    <TextRegion id="region_a2a08f0c-afd5-4f4c-8f9b-26bd1fd0a411_3" custom="structure {type:page-number;}">
      <Coords points="2647,516 2647,526 2644,530 2644,540 2651,547 2651,550 2686,585 2689,585 2696,592 2700,592 2703,596 2707,596 2710,599 2717,599 2721,603 2724,603 2728,606 2776,606 2780,610 2801,610 2804,606 2808,606 2811,610 2825,610 2829,606 2832,606 2839,599 2842,599 2849,592 2853,592 2867,578 2867,571 2870,568 2870,564 2867,561 2867,557 2863,554 2863,547 2860,544 2860,533 2856,530 2856,526 2853,523 2853,519 2849,516 2849,512 2832,495 2829,495 2825,491 2815,491 2811,488 2797,488 2794,484 2762,484 2759,481 2703,481 2700,484 2679,484 2675,488 2668,488 2665,491 2661,491 2654,498 2654,502 2651,505 2651,512"/>
      <TextLine id="line_7ee43d60-4969-41cd-b293-c02fdcb7aaf7">
        <Coords points="2643,473 2712,473 2744,497 2791,504 2903,504 2903,583 2643,578"/>
        <Baseline points="2682,566 2732,568 2782,569 2832,568 2865,564"/>
        <Word id="word_82aa7d13-1367-4a0a-ad4c-0db6985ccdbe">
          <Coords points="2683,531 2733,533 2783,534 2831,533 2861,529 2866,574 2832,578 2782,579 2732,578 2682,576"/>
          <TextEquiv>
            <Unicode>883</Unicode>
          </TextEquiv>
        </Word>
        <TextEquiv conf="0.9991933357246316">
          <Unicode>883</Unicode>
        </TextEquiv>
        <TextStyle xHeight="52"/>
      </TextLine>
    </TextRegion>
    <TextRegion id="region_008e68e9-5b15-45ad-845f-c29e096499b3_5" custom="structure {type:header;}">
      <Coords points="846,620 846,634 860,648 860,652 867,658 871,658 874,662 885,662 888,658 892,658 895,655 902,655 909,662 913,662 916,658 923,658 927,655 937,655 941,652 944,652 944,648 930,634 930,617 927,613 927,610 916,599 895,599 892,596 888,596 885,592 871,592 850,613 850,617"/>
    </TextRegion>
    <TextRegion id="region_b70864fa-4fd4-45e1-a6fa-853af8717fcd_4" custom="structure {type:header;}">
      <Coords points="1202,662 1216,676 1226,676 1230,672 1240,672 1251,662 1317,662 1320,665 1324,665 1327,669 1338,658 1338,655 1345,648 1352,648 1338,648 1334,645 1327,645 1324,648 1258,648 1254,645 1209,645 1205,648 1202,648"/>
    </TextRegion>
    <TextRegion id="region_7c6b157f-0e68-4f01-afe4-d7011a094429_2" custom="structure {type:paragraph;}">
      <Coords points="2947,634 2930,627 2902,638 2888,658 2870,662 2815,638 2411,638 2334,624 2163,624 2031,617 1864,631 1623,641 1376,641 1338,645 1355,648 1345,652 1327,672 1317,665 1251,665 1240,676 1216,679 1198,662 1198,648 1042,645 996,655 941,655 916,662 885,707 867,770 874,833 874,934 867,996 867,1202 857,1313 857,1442 867,1606 867,1739 860,1759 860,1787 871,1826 871,1958 878,2000 885,2010 881,2056 892,2076 906,2087 1139,2076 1275,2063 1362,2045 1613,2049 2038,2035 2355,2038 2400,2031 2539,2038 2787,2031 2818,2042 2860,2035 2884,2045 2902,2035 2926,2042 2943,2038 2961,2010 2964,1986 2971,1975 2971,1899 2982,1867 2982,1836 2968,1791 2968,1714 2978,1683 2971,1637 2975,1554 2971,1502 2957,1460 2961,1411 2950,1359 2971,1296 2971,1219 2961,1178 2957,909 2964,815 2947,732 2947,697 2954,686 2954,655"/>
      <TextLine id="a096f833-3ccb-419b-b6ce-2d12ec100734">
        <Coords points="811,687 977,687 993,703 1021,711 1042,700 1193,564 1245,559 1645,564 1685,556 2420,543 2456,579 2736,579 2776,583 2803,608 2868,608 2881,601 2881,681 2872,671 2848,671 2744,672 2736,680 2452,684 2416,716 1944,712 1905,751 1852,767 1837,759 1797,798 1761,778 1665,778 1657,770 1641,770 1581,719 1453,720 1393,779 1345,778 1293,727 1029,724 985,728 897,755 811,755"/>
        <Baseline points="850,719 900,717 950,718 1000,718 1050,717 1100,714 1150,710 1200,707 1250,704 1300,700 1350,697 1400,694 1450,693 1500,694 1550,693 1600,693 1650,692 1700,692 1750,689 1800,687 1850,682 1900,679 1950,675 2000,674 2050,674 2100,673 2150,671 2200,670 2250,669 2300,670 2350,669 2400,670 2450,671 2500,669 2550,668 2600,668 2650,667 2700,666 2750,665 2800,663 2843,662"/>
        <Word id="word_67f8c9e9-330a-43a1-8912-c1897368cef8">
          <Coords points="849,684 899,682 951,683 1000,683 1049,682 1098,679 1147,675 1150,675 1153,720 1151,720 1101,724 1050,727 1000,728 950,728 900,727 850,729"/>
          <TextEquiv>
            <Unicode>Dirck</Unicode>
          </TextEquiv>
        </Word>
        <Word id="word_f84f783d-f704-4cfa-8696-96457f5edc3b">
          <Coords points="1210,671 1248,669 1297,665 1348,662 1398,659 1449,658 1501,659 1549,658 1600,658 1649,657 1700,657 1748,654 1754,654 1756,699 1751,699 1700,702 1650,702 1600,703 1550,703 1500,704 1450,703 1401,704 1351,707 1301,710 1251,714 1213,716"/>
          <TextEquiv>
            <Unicode>Sijmonsen</Unicode>
          </TextEquiv>
        </Word>
        <Word id="word_2b745b9b-0cde-4f4b-8037-82146783805b">
          <Coords points="1812,652 1846,647 1898,644 1947,640 1996,639 1997,684 1951,685 1901,689 1851,692 1817,696"/>
          <TextEquiv>
            <Unicode>int</Unicode>
          </TextEquiv>
        </Word>
        <Word id="word_337a3e0e-0f6b-4644-a8b4-282a88e2a4b7">
          <Coords points="2057,638 2100,638 2149,636 2199,635 2249,634 2301,635 2349,634 2360,634 2359,679 2350,679 2300,680 2250,679 2200,680 2150,681 2100,683 2057,683"/>
          <TextEquiv>
            <Unicode>landt</Unicode>
          </TextEquiv>
        </Word>
        <Word id="word_66f289e4-3dc8-46ea-9dbf-459d5e8cda8e">
          <Coords points="2421,635 2451,636 2499,634 2549,633 2600,633 2649,632 2699,631 2749,630 2799,628 2842,627 2843,672 2800,673 2750,675 2700,676 2650,677 2600,678 2550,678 2500,679 2450,681 2420,680"/>
          <TextEquiv>
            <Unicode>gecomen</Unicode>
          </TextEquiv>
        </Word>
        <TextEquiv conf="0.9140099273277804">
          <Unicode>Dirck Sijmonsen int landt gecomen</Unicode>
        </TextEquiv>
        <TextStyle xHeight="52"/>
      </TextLine>
      <TextLine id="f7d6c70b-bf62-46ca-bd10-36df21d0e40e">
        <Coords points="830,757 896,757 992,725 1180,720 1200,729 1292,728 1344,779 1392,780 1460,715 1620,715 1633,705 1732,740 1748,752 1864,752 1873,760 1904,749 1944,712 2412,717 2452,686 2568,686 2628,677 2827,681 2856,708 2877,709 2877,789 2772,790 2704,854 2652,853 2616,833 2584,801 2552,793 2540,802 2484,806 2312,806 2232,886 2212,890 2132,889 2116,873 2020,874 1985,845 1128,845 996,890 830,890"/>
        <Baseline points="869,838 919,829 969,825 1019,822 1069,820 1119,820 1169,817 1219,816 1269,815 1319,814 1369,811 1419,810 1469,810 1519,810 1569,809 1619,808 1669,807 1719,807 1769,808 1819,807 1869,805 1919,802 1969,801 2019,799 2069,797 2119,796 2169,796 2219,791 2269,787 2319,785 2369,784 2419,784 2469,782 2519,780 2569,779 2619,777 2669,776 2719,773 2769,771 2819,768 2839,770"/>
        <Word id="word_28e638d5-0635-444e-b85c-d96eb916521c">
          <Coords points="863,804 913,795 966,790 1000,788 1003,833 970,835 921,839 871,848"/>
          <TextEquiv>
            <Unicode>met</Unicode>
          </TextEquiv>
        </Word>
        <Word id="word_fdc4819d-b092-4509-b8cc-d52f17be83e4">
          <Coords points="1047,785 1069,785 1119,785 1167,782 1218,781 1268,780 1271,780 1271,825 1269,825 1219,826 1170,827 1119,830 1069,830 1047,830"/>
          <TextEquiv>
            <Unicode>thoff</Unicode>
          </TextEquiv>
        </Word>
        <Word id="word_8744533f-677d-4ae1-a17a-1eca366c6e9e">
          <Coords points="1315,779 1318,779 1367,776 1418,775 1450,775 1450,820 1419,820 1370,821 1319,824 1316,824"/>
          <TextEquiv>
            <Unicode>van</Unicode>
          </TextEquiv>
        </Word>
        <Word id="word_6cdce062-12fe-4a9b-bb08-c0d3bbad8c46">
          <Coords points="1495,775 1519,775 1568,774 1618,773 1668,772 1719,772 1770,773 1818,772 1852,771 1854,816 1819,817 1769,818 1719,817 1669,817 1619,818 1569,819 1519,820 1495,820"/>
          <TextEquiv>
            <Unicode>seelandt</Unicode>
          </TextEquiv>
        </Word>
        <Word id="word_cf46b5fd-ae67-4ace-bb54-6e4292358152">
          <Coords points="1896,769 1916,767 1968,766 1987,765 1989,810 1969,811 1920,812 1900,814"/>
          <TextEquiv>
            <Unicode>Ao</Unicode>
          </TextEquiv>
        </Word>
        <Word id="word_a59af1c2-01cc-4528-a3e7-35b359f619d1">
          <Coords points="2032,763 2068,762 2118,761 2169,761 2209,757 2213,802 2169,806 2119,806 2069,807 2033,808"/>
          <TextEquiv>
            <Unicode>1643</Unicode>
          </TextEquiv>
        </Word>
        <Word id="word_497d14cc-13bb-4ea2-898d-8fab41108f17">
          <Coords points="2256,752 2268,752 2318,750 2346,749 2346,794 2319,795 2269,797 2257,797"/>
          <TextEquiv>
            <Unicode>in</Unicode>
          </TextEquiv>
        </Word>
        <Word id="word_a5c5f38d-ff95-46ae-a9e5-f0cccaf73227">
          <Coords points="2392,749 2420,749 2468,747 2518,745 2568,744 2618,742 2668,741 2717,738 2768,736 2817,733 2842,735 2838,780 2820,778 2769,781 2720,783 2669,786 2619,787 2569,789 2519,790 2469,792 2419,794 2391,794"/>
          <TextEquiv>
            <Unicode>qualiteijt</Unicode>
          </TextEquiv>
        </Word>
        <TextEquiv conf="0.9283772065715055">
          <Unicode>met thoff van seelandt Ao 1643 in qualiteijt</Unicode>
        </TextEquiv>
        <TextStyle xHeight="45"/>
      </TextLine>
      <TextLine id="line_5ddb0fff-a8d9-4aa0-8ba9-9b3848cbf64e">
        <Coords points="822,890 996,890 1128,845 1986,845 2020,874 2116,873 2132,889 2212,890 2232,886 2324,795 2452,795 2508,786 2568,794 2616,834 2652,853 2704,854 2732,834 2776,834 2796,850 2905,844 2905,924 2892,910 2876,910 2736,919 2336,923 2276,927 2265,938 1860,938 1804,942 1776,970 1464,969 1452,978 822,978"/>
        <Baseline points="861,968 911,960 961,953 1011,949 1061,946 1111,941 1161,939 1211,937 1261,933 1311,931 1361,928 1411,926 1461,925 1511,923 1561,922 1611,922 1661,921 1711,919 1761,919 1811,919 1861,918 1911,918 1961,917 2011,916 2061,916 2111,916 2161,915 2211,915 2261,915 2311,913 2361,912 2411,912 2461,911 2511,911 2561,910 2611,910 2661,910 2711,909 2761,908 2811,906 2861,906 2867,905"/>
        <Word id="word_41abf43c-f483-4a82-b2b3-5dc52e79630c">
          <Coords points="855,933 905,925 956,918 1008,914 1025,913 1028,958 1012,959 962,963 913,970 863,978"/>
          <TextEquiv>
            <Unicode>van</Unicode>
          </TextEquiv>
        </Word>
        <Word id="word_2aabab28-75c8-47cc-9eaa-b92d47b4aa10">
          <Coords points="1078,910 1106,906 1160,904 1210,902 1258,898 1310,896 1359,893 1410,891 1460,890 1510,888 1560,887 1611,887 1660,886 1694,885 1696,930 1661,931 1611,932 1561,932 1511,933 1461,935 1411,936 1362,938 1311,941 1262,943 1211,947 1161,949 1112,951 1084,955"/>
          <TextEquiv>
            <Unicode>Bosschieter</Unicode>
          </TextEquiv>
        </Word>
        <Word id="word_94d49af3-aa71-4144-a85c-ae1a5a36b299">
          <Coords points="1757,883 1767,884 1811,884 1860,883 1911,883 1960,882 2010,881 2030,881 2030,926 2011,926 1961,927 1911,928 1861,928 1811,929 1759,929 1750,927"/>
          <TextEquiv>
            <Unicode>heeft</Unicode>
          </TextEquiv>
        </Word>
        <Word id="word_9b07bf1e-1ad5-467f-bfd9-920ae1bcef05">
          <Coords points="2086,881 2111,881 2160,880 2211,880 2261,880 2310,878 2360,877 2411,877 2420,877 2421,922 2411,922 2361,922 2311,923 2261,925 2211,925 2161,925 2111,926 2086,926"/>
          <TextEquiv>
            <Unicode>eenige</Unicode>
          </TextEquiv>
        </Word>
        <Word id="word_bd1f45ef-f7dd-43f0-b330-d9a52d7dcda3">
          <Coords points="2477,876 2511,876 2560,875 2611,875 2661,875 2710,874 2760,873 2810,871 2861,871 2861,871 2868,915 2861,916 2811,916 2761,918 2711,919 2661,920 2611,920 2561,920 2511,921 2476,921"/>
          <TextEquiv>
            <Unicode>maenden</Unicode>
          </TextEquiv>
        </Word>
        <TextEquiv conf="0.9785165918463149">
          <Unicode>van Bosschieter heeft eenige maenden</Unicode>
        </TextEquiv>
        <TextStyle xHeight="42"/>
      </TextLine>
      <TextLine id="line_37758efd-aa3d-45d8-af36-440d61689965">
        <Coords points="834,978 1452,978 1464,969 1776,970 1808,938 2264,938 2280,923 2736,919 2876,910 2888,910 2937,959 2937,1040 2932,1034 2460,1035 1804,1059 1484,1063 1444,1071 1064,1075 1020,1079 972,1115 900,1151 834,1155"/>
        <Baseline points="873,1079 923,1078 973,1074 1023,1069 1073,1067 1123,1065 1173,1063 1223,1060 1273,1057 1323,1055 1373,1054 1423,1053 1473,1051 1523,1050 1573,1048 1623,1046 1673,1044 1723,1043 1773,1041 1823,1039 1873,1038 1923,1037 1973,1035 2023,1033 2073,1032 2123,1030 2173,1028 2223,1027 2273,1025 2323,1024 2373,1023 2423,1021 2473,1020 2523,1018 2573,1018 2623,1019 2673,1019 2723,1018 2773,1017 2823,1018 2873,1018 2899,1021"/>
        <Word id="word_585f9a43-c3f2-40ef-b30d-6a0eb4f1fa2b">
          <Coords points="872,1044 922,1043 970,1039 1020,1034 1072,1032 1122,1030 1172,1028 1221,1025 1271,1022 1322,1020 1372,1019 1391,1019 1392,1064 1373,1064 1323,1065 1274,1067 1224,1070 1173,1073 1123,1075 1073,1077 1024,1079 974,1084 923,1088 873,1089"/>
          <TextEquiv>
            <Unicode>tschiemans</Unicode>
          </TextEquiv>
        </Word>
        <Word id="word_e471105a-8db7-47dc-954c-09cdc91309aa">
          <Coords points="1442,1018 1471,1016 1522,1015 1572,1013 1622,1011 1672,1009 1703,1008 1704,1053 1673,1054 1623,1056 1573,1058 1523,1060 1474,1061 1445,1063"/>
          <TextEquiv>
            <Unicode>moets</Unicode>
          </TextEquiv>
        </Word>
        <Word id="word_609a9040-3afc-41ed-811a-d121a5e0e468">
          <Coords points="1753,1007 1770,1006 1822,1004 1872,1003 1922,1002 1962,1000 1964,1045 1923,1047 1873,1048 1823,1049 1774,1051 1757,1052"/>
          <TextEquiv>
            <Unicode>ampt</Unicode>
          </TextEquiv>
        </Word>
        <Word id="word_2ab5ff0c-588b-437a-ad38-717c7b432153">
          <Coords points="2014,998 2022,998 2072,997 2122,995 2170,993 2172,1038 2123,1040 2073,1042 2023,1043 2016,1043"/>
          <TextEquiv>
            <Unicode>tot</Unicode>
          </TextEquiv>
        </Word>
        <Word id="word_e7757015-8bbc-4edc-916c-bb370bde3593">
          <Coords points="2223,991 2272,990 2322,989 2372,988 2422,986 2472,985 2522,983 2573,983 2624,984 2673,984 2722,983 2772,982 2824,983 2873,983 2903,986 2898,1031 2873,1028 2823,1028 2773,1027 2723,1028 2673,1029 2623,1029 2573,1028 2523,1028 2473,1030 2423,1031 2373,1033 2323,1034 2273,1035 2224,1036"/>
          <TextEquiv>
            <Unicode>contentemendt</Unicode>
          </TextEquiv>
        </Word>
        <TextEquiv conf="0.9225059992632219">
          <Unicode>tschiemans moets ampt tot contentemendt</Unicode>
        </TextEquiv>
        <TextStyle xHeight="43"/>
      </TextLine>
      <TextLine id="line_4fda0269-0beb-482a-b6fc-d0240d1f548c">
        <Coords points="832,1157 902,1149 982,1109 1018,1077 1186,1069 1802,1061 1990,1053 2002,1041 2530,1032 2550,1052 2586,1065 2750,1060 2766,1076 2983,1073 2983,1154 2450,1153 2382,1161 2214,1161 2126,1165 2102,1189 2010,1193 1798,1188 1771,1177 1726,1177 1718,1185 1607,1181 1599,1189 1546,1189 1478,1225 930,1228 898,1248 832,1248"/>
        <Baseline points="871,1204 921,1200 971,1195 1021,1192 1071,1188 1121,1185 1171,1182 1221,1180 1271,1179 1321,1178 1371,1176 1421,1175 1471,1172 1521,1171 1571,1171 1621,1168 1671,1168 1721,1166 1771,1163 1821,1161 1871,1159 1921,1158 1971,1157 2021,1156 2071,1155 2121,1154 2171,1151 2221,1150 2271,1149 2321,1149 2371,1148 2421,1147 2471,1146 2521,1145 2571,1145 2621,1143 2671,1142 2721,1142 2771,1140 2821,1138 2871,1137 2921,1136 2945,1135"/>
        <Word id="word_41fbc410-c244-4efe-9a4d-bcdee36abc24">
          <Coords points="868,1169 918,1165 968,1160 1013,1157 1016,1202 972,1205 922,1210 872,1214"/>
          <TextEquiv>
            <Unicode>van</Unicode>
          </TextEquiv>
        </Word>
        <Word id="word_6c741891-8189-45cd-837f-8556de6e17e5">
          <Coords points="1057,1155 1064,1154 1119,1150 1169,1147 1220,1145 1256,1144 1256,1189 1221,1190 1172,1192 1122,1195 1073,1198 1065,1199"/>
          <TextEquiv>
            <Unicode>sijn</Unicode>
          </TextEquiv>
        </Word>
        <Word id="word_2f190039-c6f2-4e04-a3ab-4dbe8628b246">
          <Coords points="1304,1143 1320,1143 1370,1141 1420,1140 1469,1137 1520,1136 1571,1136 1619,1133 1671,1133 1720,1131 1769,1128 1785,1127 1787,1172 1772,1173 1721,1176 1671,1178 1622,1178 1571,1181 1521,1181 1472,1182 1421,1185 1371,1186 1321,1188 1305,1188"/>
          <TextEquiv>
            <Unicode>overnheden</Unicode>
          </TextEquiv>
        </Word>
        <Word id="word_9c53162b-1af0-4e4d-b3a5-46eb9704e599">
          <Coords points="1834,1125 1870,1124 1920,1123 1970,1122 2020,1121 2070,1120 2120,1119 2169,1116 2220,1115 2270,1114 2321,1114 2370,1113 2413,1112 2414,1157 2371,1158 2321,1159 2271,1159 2221,1160 2172,1161 2121,1164 2071,1165 2021,1166 1971,1167 1921,1168 1871,1169 1835,1170"/>
          <TextEquiv>
            <Unicode>waergenommen</Unicode>
          </TextEquiv>
        </Word>
        <Word id="word_b7649724-b9f2-40b5-99d2-7fb75a24c3dc">
          <Coords points="2462,1111 2470,1111 2520,1110 2571,1110 2620,1108 2670,1107 2704,1107 2704,1152 2671,1152 2621,1153 2571,1155 2521,1155 2471,1156 2463,1156"/>
          <TextEquiv>
            <Unicode>wordt</Unicode>
          </TextEquiv>
        </Word>
        <Word id="word_6bd81212-73b0-4429-885c-96b20b0c966a">
          <Coords points="2748,1107 2767,1105 2820,1103 2870,1102 2920,1101 2943,1100 2945,1145 2921,1146 2871,1147 2821,1148 2772,1150 2753,1152"/>
          <TextEquiv>
            <Unicode>door</Unicode>
          </TextEquiv>
        </Word>
        <TextEquiv conf="0.9396778263760808">
          <Unicode>van sijn overnheden waergenommen wordt door</Unicode>
        </TextEquiv>
        <TextStyle xHeight="44"/>
      </TextLine>
      <TextLine id="ecff32fb-8539-4291-bd59-4188304a141f">
        <Coords points="811,1250 898,1250 929,1230 1133,1235 1165,1226 1344,1231 1352,1223 1484,1223 1568,1179 1616,1182 1632,1195 1772,1190 1780,1198 1963,1199 2099,1191 2135,1170 2351,1174 2375,1194 2411,1195 2922,1195 2930,1189 2975,1189 2975,1269 2862,1264 2842,1284 2626,1288 2618,1296 2503,1300 2315,1300 2244,1368 2159,1368 2126,1399 2075,1351 1943,1351 1919,1343 811,1348"/>
        <Baseline points="850,1332 900,1331 950,1325 1000,1321 1050,1316 1100,1311 1150,1308 1200,1305 1250,1302 1300,1300 1350,1298 1400,1297 1450,1296 1500,1295 1550,1294 1600,1293 1650,1291 1700,1289 1750,1288 1800,1286 1850,1285 1900,1283 1950,1281 2000,1279 2050,1276 2100,1276 2150,1275 2200,1274 2250,1272 2300,1271 2350,1270 2400,1270 2450,1269 2500,1267 2550,1266 2600,1265 2650,1264 2700,1262 2750,1261 2800,1259 2850,1256 2900,1253 2937,1250"/>
        <Word id="word_cfff59e5-ecf4-4bcb-8799-2b29b18c1d70">
          <Coords points="849,1297 899,1296 946,1290 997,1286 1047,1281 1097,1276 1148,1273 1195,1270 1198,1315 1151,1318 1101,1321 1051,1326 1001,1331 951,1335 900,1341 850,1342"/>
          <TextEquiv>
            <Unicode>Bequaem</Unicode>
          </TextEquiv>
        </Word>
        <Word id="word_9ff07c53-d56e-4f8a-b118-e7fdf5380a8f">
          <Coords points="1245,1267 1248,1267 1299,1265 1345,1263 1346,1308 1300,1310 1251,1312 1247,1312"/>
          <TextEquiv>
            <Unicode>en</Unicode>
          </TextEquiv>
        </Word>
        <Word id="word_d18d6fd6-656d-45d3-89da-b127ebfed76d">
          <Coords points="1403,1262 1407,1263 1449,1261 1499,1260 1544,1259 1545,1304 1500,1305 1450,1306 1398,1307 1394,1306"/>
          <TextEquiv>
            <Unicode>wel</Unicode>
          </TextEquiv>
        </Word>
        <Word id="word_2dabcded-dc1c-448c-916f-61742a853900">
          <Coords points="1594,1258 1599,1258 1649,1256 1699,1254 1749,1253 1799,1251 1849,1250 1899,1248 1949,1246 1999,1244 2048,1241 2100,1241 2149,1240 2191,1239 2191,1284 2150,1285 2100,1286 2051,1286 2000,1289 1950,1291 1900,1293 1850,1295 1800,1296 1750,1298 1700,1299 1650,1301 1600,1303 1595,1303"/>
          <TextEquiv>
            <Unicode>dragentheijt</Unicode>
          </TextEquiv>
        </Word>
        <Word id="word_a48b6af9-6f36-46a5-a88a-a1367644268c">
          <Coords points="2236,1238 2245,1237 2299,1236 2349,1235 2390,1235 2390,1280 2350,1280 2300,1281 2251,1282 2242,1283"/>
          <TextEquiv>
            <Unicode>d„o</Unicode>
          </TextEquiv>
        </Word>
        <Word id="word_f9f12094-737a-4006-bcf9-d0e6026d0342">
          <Coords points="2436,1235 2447,1234 2499,1232 2549,1231 2599,1230 2649,1229 2699,1227 2749,1226 2799,1224 2848,1221 2898,1218 2934,1215 2938,1260 2901,1263 2851,1266 2800,1269 2750,1271 2700,1272 2650,1274 2600,1275 2550,1276 2500,1277 2451,1279 2441,1280"/>
          <TextEquiv>
            <Unicode>qualiteijt</Unicode>
          </TextEquiv>
        </Word>
        <TextEquiv conf="0.9099062987358252">
          <Unicode>Bequaem en wel dragentheijt d„o qualiteijt</Unicode>
        </TextEquiv>
        <TextStyle xHeight="44"/>
      </TextLine>
      <TextLine id="fcea9a80-c156-4fe8-9fdf-fd76f6961267">
        <Coords points="837,1342 1075,1338 1099,1318 1152,1318 1159,1325 1939,1322 1982,1287 2126,1283 2137,1283 2234,1370 2255,1361 2290,1329 2458,1329 2470,1338 2702,1338 2726,1326 2799,1324 2799,1404 2774,1399 2699,1474 2677,1454 2618,1430 2586,1406 2574,1413 2418,1406 2374,1407 2354,1427 2322,1427 2305,1419 2255,1466 2242,1462 2229,1471 2058,1470 2022,1458 2009,1446 1873,1455 1275,1446 1235,1479 1039,1474 837,1487"/>
        <Baseline points="876,1455 926,1450 976,1447 1026,1443 1076,1442 1126,1439 1176,1435 1226,1433 1276,1431 1326,1427 1376,1424 1426,1422 1476,1421 1526,1420 1576,1419 1626,1416 1676,1414 1726,1412 1776,1410 1826,1409 1876,1409 1926,1409 1976,1409 2026,1409 2076,1409 2126,1407 2176,1406 2226,1405 2276,1403 2326,1400 2376,1398 2426,1396 2476,1393 2526,1392 2576,1390 2626,1387 2676,1386 2726,1385 2761,1385"/>
        <Word id="word_0ae6e033-b2bf-49bf-abde-2fda76d6df48">
          <Coords points="873,1420 923,1415 974,1412 1023,1408 1052,1407 1053,1452 1027,1453 977,1457 927,1460 877,1465"/>
          <TextEquiv>
            <Unicode>van</Unicode>
          </TextEquiv>
        </Word>
        <Word id="word_e8870f1a-717e-44ca-a358-a4c4d845bc87">
          <Coords points="1106,1407 1121,1404 1173,1400 1225,1398 1275,1396 1323,1392 1374,1389 1404,1388 1406,1433 1377,1434 1327,1437 1276,1441 1226,1443 1177,1445 1128,1449 1113,1451"/>
          <TextEquiv>
            <Unicode>schie</Unicode>
          </TextEquiv>
        </Word>
        <Word id="word_190eb760-ef85-4041-ac98-2253207a01c3">
          <Coords points="1466,1386 1478,1386 1525,1385 1575,1384 1624,1381 1675,1379 1725,1377 1775,1375 1825,1374 1876,1374 1926,1374 1936,1374 1936,1419 1926,1419 1876,1419 1826,1419 1776,1420 1726,1422 1676,1424 1627,1426 1576,1429 1526,1430 1476,1431 1464,1430"/>
          <TextEquiv>
            <Unicode>mansmaet</Unicode>
          </TextEquiv>
        </Word>
        <Word id="word_af2a77a4-8839-4ceb-85f7-cae915a211d0">
          <Coords points="1995,1374 2026,1374 2076,1374 2125,1372 2171,1371 2172,1416 2126,1417 2076,1419 2026,1419 1995,1419"/>
          <TextEquiv>
            <Unicode>met</Unicode>
          </TextEquiv>
        </Word>
        <Word id="word_88a46c8a-9546-4bbd-8ce3-775d1f420827">
          <Coords points="2229,1370 2275,1368 2324,1365 2375,1363 2425,1361 2474,1358 2524,1357 2525,1402 2477,1403 2426,1406 2376,1408 2327,1410 2276,1413 2231,1415"/>
          <TextEquiv>
            <Unicode>gagie</Unicode>
          </TextEquiv>
        </Word>
        <Word id="word_9c29f906-e670-43d9-bf43-dd45b18c7718">
          <Coords points="2581,1356 2623,1352 2675,1351 2725,1350 2761,1350 2761,1395 2726,1395 2676,1396 2627,1397 2585,1401"/>
          <TextEquiv>
            <Unicode>van</Unicode>
          </TextEquiv>
        </Word>
        <TextEquiv conf="0.8946045980733393">
          <Unicode>van schie mansmaet met gagie van</Unicode>
        </TextEquiv>
        <TextStyle xHeight="43"/>
      </TextLine>
      <TextLine id="b585c542-57b2-42eb-a2b3-182b61967a40">
        <Coords points="837,1487 1039,1474 1235,1479 1275,1446 1831,1455 2007,1446 2071,1474 2163,1474 2171,1482 2191,1483 2239,1479 2275,1450 2339,1455 2379,1419 2539,1420 2572,1416 2581,1407 2610,1431 2615,1427 2679,1454 2700,1474 2783,1395 2827,1395 2867,1435 2892,1437 2892,1517 2871,1511 2715,1512 2671,1516 2659,1528 2463,1531 2451,1543 1995,1535 1896,1625 1867,1598 1770,1559 1763,1566 1651,1566 1579,1558 1487,1559 1475,1567 1354,1566 1339,1579 1251,1579 1243,1587 1143,1587 1108,1575 1075,1575 1043,1595 1003,1606 987,1622 837,1622"/>
        <Baseline points="876,1581 926,1575 976,1570 1026,1566 1076,1561 1126,1557 1176,1553 1226,1550 1276,1548 1326,1546 1376,1542 1426,1541 1476,1540 1526,1540 1576,1539 1626,1539 1676,1537 1726,1536 1776,1535 1826,1532 1876,1530 1926,1528 1976,1526 2026,1526 2076,1525 2126,1525 2176,1523 2226,1521 2276,1522 2326,1519 2376,1517 2426,1515 2476,1512 2526,1510 2576,1509 2626,1508 2676,1507 2726,1505 2776,1502 2826,1498 2854,1498"/>
        <Word id="word_4c446123-af6c-4da5-a280-7c0280f91faa">
          <Coords points="872,1546 922,1540 973,1535 1023,1531 1073,1526 1123,1522 1173,1518 1224,1515 1275,1513 1279,1513 1281,1558 1276,1558 1227,1560 1177,1563 1127,1567 1077,1571 1027,1576 977,1580 927,1585 877,1591"/>
          <TextEquiv>
            <Unicode>sesthien</Unicode>
          </TextEquiv>
        </Word>
        <Word id="word_8b85f59e-5306-456f-aa27-369b063cd64c">
          <Coords points="1329,1511 1373,1507 1425,1506 1475,1505 1526,1505 1575,1504 1626,1504 1675,1502 1686,1502 1687,1547 1676,1547 1626,1549 1576,1549 1526,1550 1476,1550 1426,1551 1377,1552 1332,1556"/>
          <TextEquiv>
            <Unicode>guldens</Unicode>
          </TextEquiv>
        </Word>
        <Word id="word_6dee7c54-1c0a-4813-82b9-f96fffa1eff4">
          <Coords points="1737,1501 1775,1500 1824,1497 1875,1495 1888,1494 1890,1539 1876,1540 1827,1542 1776,1545 1738,1546"/>
          <TextEquiv>
            <Unicode>ter</Unicode>
          </TextEquiv>
        </Word>
        <Word id="word_60f89954-0376-4bdb-a17e-fcf003f0a8d2">
          <Coords points="1939,1492 1975,1491 2026,1491 2075,1490 2126,1490 2175,1488 2225,1486 2246,1486 2245,1531 2226,1531 2176,1533 2126,1535 2076,1535 2026,1536 1976,1536 1941,1537"/>
          <TextEquiv>
            <Unicode>maendt</Unicode>
          </TextEquiv>
        </Word>
        <Word id="word_40d27a10-ec30-4a37-ac7a-3c15a7e7d6d7">
          <Coords points="2292,1488 2322,1484 2375,1482 2425,1480 2474,1477 2525,1475 2575,1474 2625,1473 2675,1472 2725,1470 2774,1467 2823,1463 2854,1463 2854,1508 2827,1508 2777,1512 2726,1515 2676,1517 2626,1518 2576,1519 2526,1520 2477,1522 2426,1525 2376,1527 2327,1529 2297,1532"/>
          <TextEquiv>
            <Unicode>toegeleijdt</Unicode>
          </TextEquiv>
        </Word>
        <TextEquiv conf="0.9469579501835799">
          <Unicode>sesthien guldens ter maendt toegeleijdt</Unicode>
        </TextEquiv>
        <TextStyle xHeight="39"/>
      </TextLine>
      <TextLine id="line_2daf27f4-77a2-4c5b-ba22-9f0e1c5db86c">
        <Coords points="824,1610 986,1619 1074,1575 1340,1579 1366,1555 1442,1555 1454,1547 1698,1547 1917,1535 2118,1535 2169,1543 2589,1538 2617,1550 2669,1598 2825,1611 2845,1611 2881,1576 2942,1576 2942,1656 2605,1654 2561,1694 2549,1686 2505,1730 2485,1730 2462,1750 2434,1734 2389,1733 2317,1698 2277,1663 1790,1679 1770,1699 1662,1699 1646,1707 1202,1699 824,1715"/>
        <Baseline points="863,1706 913,1703 963,1699 1013,1695 1063,1692 1113,1689 1163,1687 1213,1684 1263,1682 1313,1682 1363,1680 1413,1678 1463,1675 1513,1673 1563,1672 1613,1668 1663,1665 1713,1660 1763,1657 1813,1656 1863,1654 1913,1653 1963,1651 2013,1650 2063,1652 2113,1650 2163,1647 2213,1647 2263,1645 2313,1645 2363,1644 2413,1644 2463,1644 2513,1642 2563,1641 2613,1642 2663,1640 2713,1637 2763,1637 2813,1641 2863,1638 2904,1637"/>
        <Word id="word_d161a001-2f46-4d49-9adf-9623508664e4">
          <Coords points="861,1671 911,1668 960,1664 1010,1660 1060,1657 1062,1702 1014,1705 964,1709 914,1713 864,1716"/>
          <TextEquiv>
            <Unicode>mits</Unicode>
          </TextEquiv>
        </Word>
        <Word id="word_959aab6d-7af7-4a71-8889-2708c08eae75">
          <Coords points="1110,1654 1111,1654 1162,1652 1211,1649 1262,1647 1311,1647 1311,1692 1263,1692 1214,1694 1163,1697 1114,1699 1112,1699"/>
          <TextEquiv>
            <Unicode>daer</Unicode>
          </TextEquiv>
        </Word>
        <Word id="word_d4e240cd-b8ef-4f43-880f-5a07b646a34e">
          <Coords points="1338,1655 1340,1653 1412,1643 1461,1640 1512,1638 1558,1637 1559,1682 1513,1683 1464,1685 1413,1688 1369,1688 1367,1690"/>
          <TextEquiv>
            <Unicode>voor</Unicode>
          </TextEquiv>
        </Word>
        <Word id="word_832e2c4d-8922-407c-b34b-a553ec05696d">
          <Coords points="1588,1643 1592,1640 1661,1630 1710,1625 1761,1622 1812,1621 1862,1619 1912,1618 1962,1616 2005,1615 2006,1660 1963,1661 1913,1663 1863,1664 1813,1666 1764,1667 1714,1670 1664,1675 1619,1676 1615,1679"/>
          <TextEquiv>
            <Unicode>gehouden</Unicode>
          </TextEquiv>
        </Word>
        <Word id="word_dc1286ab-968c-4966-932a-54c159cc5526">
          <Coords points="2069,1617 2076,1620 2112,1615 2161,1612 2213,1612 2262,1610 2313,1610 2353,1609 2354,1654 2313,1655 2263,1655 2213,1657 2164,1657 2113,1660 2059,1661 2052,1658"/>
          <TextEquiv>
            <Unicode>Beijft</Unicode>
          </TextEquiv>
        </Word>
        <Word id="word_a0396ec4-2004-40cc-ace9-96892a6c488e">
          <Coords points="2407,1608 2416,1609 2463,1609 2502,1607 2504,1652 2463,1654 2412,1654 2403,1653"/>
          <TextEquiv>
            <Unicode>d'</Unicode>
          </TextEquiv>
        </Word>
        <Word id="word_914344c4-4778-4029-88c6-a11afa62f6bd">
          <Coords points="2556,1605 2565,1606 2614,1607 2662,1605 2711,1602 2763,1602 2816,1606 2861,1603 2901,1602 2902,1647 2864,1648 2812,1651 2763,1647 2714,1647 2663,1650 2613,1652 2562,1651 2553,1650"/>
          <TextEquiv>
            <Unicode>Ecomp„e</Unicode>
          </TextEquiv>
        </Word>
        <TextEquiv conf="0.8909781048325084">
          <Unicode>mits daer voor gehouden Beijft d' Ecomp„e</Unicode>
        </TextEquiv>
        <TextStyle xHeight="46"/>
      </TextLine>
      <TextLine id="eea89abe-d061-494a-8925-fdfb05869299">
        <Coords points="832,1715 1130,1695 1646,1707 1662,1699 1770,1699 1794,1675 1814,1675 1826,1663 2234,1663 2242,1655 2462,1651 2479,1651 2514,1686 2554,1686 2562,1694 2875,1692 2875,1773 2590,1770 2514,1843 2374,1843 2333,1806 2286,1806 2270,1819 2134,1819 2118,1806 1754,1806 1747,1799 1622,1803 1593,1831 1406,1831 1338,1862 1290,1874 1266,1873 1258,1865 994,1861 974,1842 832,1842"/>
        <Baseline points="871,1830 921,1823 971,1818 1021,1816 1071,1815 1121,1814 1171,1813 1221,1811 1271,1809 1321,1808 1371,1805 1421,1802 1471,1800 1521,1798 1571,1796 1621,1795 1671,1794 1721,1792 1771,1791 1821,1789 1871,1786 1921,1785 1971,1784 2021,1784 2071,1783 2121,1781 2171,1779 2221,1779 2271,1775 2321,1772 2371,1771 2421,1770 2471,1766 2521,1763 2571,1761 2621,1759 2671,1757 2721,1755 2771,1753 2821,1754 2837,1754"/>
        <Word id="word_fe18cfdb-ac15-4ef8-8a02-6730b7995749">
          <Coords points="866,1795 916,1788 965,1783 970,1828 922,1833 872,1840"/>
          <TextEquiv>
            <Unicode>de</Unicode>
          </TextEquiv>
        </Word>
        <Word id="word_0ae13ead-2ee0-46e6-858b-9ede81c24783">
          <Coords points="1039,1786 1043,1789 1070,1780 1120,1779 1170,1778 1212,1776 1214,1821 1171,1823 1121,1824 1071,1825 1015,1824 1011,1821"/>
          <TextEquiv>
            <Unicode>novo</Unicode>
          </TextEquiv>
        </Word>
        <Word id="word_61564666-0c17-4f25-ad09-46148c523a7d">
          <Coords points="1261,1774 1270,1774 1320,1773 1369,1770 1419,1767 1458,1765 1460,1810 1422,1812 1372,1815 1321,1818 1271,1819 1263,1819"/>
          <TextEquiv>
            <Unicode>noch</Unicode>
          </TextEquiv>
        </Word>
        <Word id="word_8077bf1a-faa1-4074-b297-97efc6b521a0">
          <Coords points="1507,1764 1520,1763 1570,1761 1620,1760 1670,1759 1720,1757 1754,1756 1755,1801 1721,1802 1671,1804 1621,1805 1571,1806 1521,1808 1509,1808"/>
          <TextEquiv>
            <Unicode>drije</Unicode>
          </TextEquiv>
        </Word>
        <Word id="word_140963d8-4a37-4773-a75a-d20ae2cf265a">
          <Coords points="1801,1755 1818,1754 1869,1751 1920,1750 1970,1749 2021,1749 2049,1748 2050,1793 2021,1794 1971,1794 1921,1795 1872,1796 1822,1799 1804,1800"/>
          <TextEquiv>
            <Unicode>naest</Unicode>
          </TextEquiv>
        </Word>
        <Word id="word_675e763c-ebb1-422d-9535-094064033351">
          <Coords points="2096,1748 2119,1746 2170,1744 2221,1744 2268,1740 2319,1737 2370,1736 2420,1735 2468,1731 2490,1730 2492,1775 2472,1776 2421,1780 2371,1781 2322,1782 2272,1785 2221,1789 2171,1789 2122,1791 2099,1792"/>
          <TextEquiv>
            <Unicode>voegende</Unicode>
          </TextEquiv>
        </Word>
        <Word id="word_6d21c1aa-05dc-46ab-ba40-a1f67da37a93">
          <Coords points="2540,1727 2570,1726 2620,1724 2670,1722 2720,1720 2770,1718 2822,1719 2836,1719 2836,1764 2821,1764 2771,1763 2721,1765 2671,1767 2621,1769 2571,1771 2541,1772"/>
          <TextEquiv>
            <Unicode>jaeren</Unicode>
          </TextEquiv>
        </Word>
        <TextEquiv conf="0.9246480480786557">
          <Unicode>de novo noch drije naest voegende jaeren</Unicode>
        </TextEquiv>
        <TextStyle xHeight="47"/>
      </TextLine>
      <TextLine id="ee1a09c3-3185-4ec4-8a14-25550a110029">
        <Coords points="836,1840 970,1840 994,1860 1261,1864 1269,1872 1289,1873 1353,1865 1381,1841 1409,1829 1601,1833 1629,1805 1649,1801 2116,1808 2136,1821 2268,1821 2284,1805 2331,1804 2376,1845 2508,1845 2572,1789 2979,1789 3003,1797 3014,1793 3026,1805 3044,1795 3044,1875 3032,1866 3023,1873 3003,1873 2996,1866 2971,1870 2931,1901 2827,1900 2819,1892 2600,1893 2556,1897 2536,1917 1901,1917 1849,1925 1401,1929 1341,1937 1098,1941 1090,1949 836,1953"/>
        <Baseline points="875,1943 925,1943 975,1940 1025,1937 1075,1935 1125,1933 1175,1931 1225,1929 1275,1929 1325,1928 1375,1924 1425,1921 1475,1920 1525,1920 1575,1919 1625,1918 1675,1917 1725,1915 1775,1914 1825,1912 1875,1911 1925,1910 1975,1909 2025,1908 2075,1907 2125,1906 2175,1906 2225,1904 2275,1901 2325,1899 2375,1897 2425,1894 2475,1891 2525,1888 2575,1886 2625,1884 2675,1880 2725,1877 2775,1873 2825,1870 2875,1868 2925,1866 2975,1860 3006,1856"/>
        <Word id="word_2bb95f23-6269-4de9-bb8a-ef3047ff2014">
          <Coords points="875,1908 925,1908 973,1905 974,1905 977,1950 976,1950 925,1953 875,1953"/>
          <TextEquiv>
            <Unicode>te</Unicode>
          </TextEquiv>
        </Word>
        <Word id="word_e6441c14-ee39-435e-a3a0-04187c4e59b6">
          <Coords points="1026,1902 1074,1900 1124,1898 1174,1896 1224,1894 1275,1894 1324,1893 1329,1893 1333,1937 1325,1938 1275,1939 1225,1939 1175,1941 1125,1943 1075,1945 1028,1947"/>
          <TextEquiv>
            <Unicode>dienen</Unicode>
          </TextEquiv>
        </Word>
        <Word id="word_80004628-666b-4bae-813a-43b778155b82">
          <Coords points="1380,1888 1423,1886 1474,1885 1525,1885 1574,1884 1624,1883 1674,1882 1724,1880 1737,1880 1738,1925 1725,1925 1675,1927 1625,1928 1575,1929 1525,1930 1475,1930 1426,1931 1383,1933"/>
          <TextEquiv>
            <Unicode>tnieuwe</Unicode>
          </TextEquiv>
        </Word>
        <Word id="word_828e9831-c364-4eff-bf3a-0861c777038b">
          <Coords points="1787,1879 1823,1877 1874,1876 1924,1875 1974,1874 2024,1873 2074,1872 2124,1871 2144,1871 2144,1916 2125,1916 2075,1917 2025,1918 1975,1919 1925,1920 1875,1921 1825,1922 1789,1924"/>
          <TextEquiv>
            <Unicode>verband</Unicode>
          </TextEquiv>
        </Word>
        <Word id="word_b5a7a72f-7207-4f5b-a538-1c7cedbe4382">
          <Coords points="2193,1871 2223,1869 2273,1866 2324,1864 2346,1863 2348,1908 2325,1909 2276,1911 2226,1914 2196,1916"/>
          <TextEquiv>
            <Unicode>ten</Unicode>
          </TextEquiv>
        </Word>
        <Word id="word_387ad344-8496-41d0-855f-eb432d9ce03a">
          <Coords points="2395,1861 2422,1859 2473,1856 2523,1853 2574,1851 2624,1849 2672,1845 2723,1842 2772,1838 2823,1835 2874,1833 2924,1831 2971,1825 3001,1821 3007,1866 2976,1870 2925,1876 2875,1878 2826,1880 2776,1883 2726,1887 2676,1890 2625,1894 2575,1896 2526,1898 2476,1901 2426,1904 2399,1906"/>
          <TextEquiv>
            <Unicode>verbeteringe</Unicode>
          </TextEquiv>
        </Word>
        <TextEquiv conf="0.9039858848016944">
          <Unicode>te dienen tnieuwe verband ten verbeteringe</Unicode>
        </TextEquiv>
        <TextStyle xHeight="38"/>
      </TextLine>
      <TextLine id="b51394c7-8964-4751-a270-b99b7475a7f2">
        <Coords points="833,1953 1091,1949 1099,1941 1343,1937 1403,1929 2467,1910 2479,1898 2595,1898 2747,1885 2807,1885 2859,1927 2900,1927 2900,2007 2339,2018 2315,2029 2115,2025 2107,2033 2055,2037 1391,2041 1303,2045 1275,2057 1167,2057 1155,2069 833,2077"/>
        <Baseline points="872,2058 922,2059 972,2054 1022,2050 1072,2048 1122,2045 1172,2040 1222,2037 1272,2036 1322,2034 1372,2033 1422,2032 1472,2031 1522,2030 1572,2028 1622,2026 1672,2025 1722,2024 1772,2023 1822,2022 1872,2021 1922,2020 1972,2018 2022,2017 2072,2017 2122,2017 2172,2016 2222,2014 2272,2012 2322,2012 2372,2010 2422,2009 2472,2008 2522,2006 2572,2004 2622,2003 2672,2001 2722,1999 2772,1995 2822,1992 2862,1988"/>
        <Word id="word_c81c71f7-bc46-461f-acda-5b6e1844eee5">
          <Coords points="873,2023 923,2024 969,2019 1019,2015 1032,2015 1033,2060 1023,2060 973,2064 922,2069 872,2068"/>
          <TextEquiv>
            <Unicode>van</Unicode>
          </TextEquiv>
        </Word>
        <Word id="word_9a42031d-58dc-470c-adac-9b9ee01edb31">
          <Coords points="1084,2012 1120,2010 1169,2005 1220,2002 1271,2001 1321,1999 1355,1998 1356,2043 1322,2044 1272,2046 1223,2047 1173,2050 1123,2055 1088,2057"/>
          <TextEquiv>
            <Unicode>gagie</Unicode>
          </TextEquiv>
        </Word>
        <Word id="word_9cae62f8-f699-48b7-9ad2-94776bbaadae">
          <Coords points="1409,1997 1421,1997 1471,1996 1521,1995 1571,1993 1621,1991 1624,1991 1625,2036 1622,2036 1572,2038 1522,2040 1472,2041 1422,2042 1410,2042"/>
          <TextEquiv>
            <Unicode>dato</Unicode>
          </TextEquiv>
        </Word>
        <Word id="word_e869112d-e890-41f5-b16f-85eabc45546d">
          <Coords points="1678,1990 1721,1989 1771,1988 1821,1987 1871,1986 1921,1985 1946,1984 1948,2029 1922,2030 1872,2031 1822,2032 1772,2033 1722,2034 1679,2035"/>
          <TextEquiv>
            <Unicode>deses</Unicode>
          </TextEquiv>
        </Word>
        <Word id="word_3eadc7c4-d16a-4f5e-9a85-5042f254d2ae">
          <Coords points="2002,1982 2022,1982 2072,1982 2122,1982 2171,1981 2221,1979 2271,1977 2322,1977 2371,1975 2421,1974 2431,1974 2432,2019 2422,2019 2372,2020 2322,2022 2272,2022 2222,2024 2172,2026 2122,2027 2072,2027 2022,2027 2001,2027"/>
          <TextEquiv>
            <Unicode>aenvancq</Unicode>
          </TextEquiv>
        </Word>
        <Word id="word_61c37394-a2db-49e5-91d1-034459627003">
          <Coords points="2484,1973 2520,1971 2571,1969 2621,1968 2671,1966 2721,1964 2769,1960 2820,1957 2858,1953 2863,1998 2823,2002 2773,2005 2722,2009 2672,2011 2622,2013 2572,2014 2522,2016 2486,2018"/>
          <TextEquiv>
            <Unicode>nemende</Unicode>
          </TextEquiv>
        </Word>
        <TextEquiv conf="0.9130859624438172">
          <Unicode>van gagie dato deses aenvancq nemende</Unicode>
        </TextEquiv>
        <TextStyle xHeight="40"/>
      </TextLine>
    </TextRegion>
    <TextRegion id="region_2a2e1787-f3d6-47d1-84fe-5225265e94c2_1" custom="structure {type:paragraph;}">
      <Coords points="2909,2181 2881,2157 2808,2146 2466,2143 1891,2164 1780,2174 1505,2174 1359,2188 1017,2195 965,2202 902,2198 860,2212 839,2244 843,2261 864,2296 867,2348 864,2683 871,2745 871,2923 864,3045 871,3080 871,3174 857,3397 864,3596 860,3676 864,3745 874,3794 874,3860 881,3881 881,3944 892,4010 888,4073 895,4118 909,4139 930,4153 954,4153 989,4143 1111,4136 1195,4118 1317,4118 1557,4097 2080,4083 2487,4059 2787,4059 2808,4066 2877,4069 2902,4055 2968,4035 2985,4017 2964,3850 2971,3829 2971,3686 2989,3599 2982,3494 2982,3306 2996,3240 2996,3195 2985,3153 2985,3042 2975,2996 2989,2770 2985,2644 2978,2623 2975,2547 2982,2380 2975,2345 2961,2320 2950,2261 2940,2247 2940,2237 2919,2216"/>
      <TextLine id="fbe2c958-9d05-48f7-9b03-97aea75a715a">
        <Coords points="766,2077 1012,2077 1020,2069 1208,2068 2203,2072 2223,2092 2255,2096 2263,2104 2547,2108 2587,2144 2808,2148 2839,2137 2936,2137 2936,2216 2579,2218 2531,2246 2075,2250 2059,2266 2022,2238 1983,2238 1816,2250 1380,2262 924,2266 832,2349 775,2380 766,2375"/>
        <Baseline points="805,2264 855,2260 905,2260 955,2258 1005,2254 1055,2251 1105,2251 1155,2249 1205,2248 1255,2249 1305,2251 1355,2252 1405,2251 1455,2250 1505,2248 1555,2245 1605,2244 1655,2245 1705,2242 1755,2242 1805,2240 1855,2238 1905,2236 1955,2232 2005,2231 2055,2226 2105,2221 2155,2218 2205,2217 2255,2215 2305,2213 2355,2212 2405,2210 2455,2210 2505,2207 2555,2208 2605,2207 2655,2205 2705,2204 2755,2202 2805,2201 2855,2201 2898,2197"/>
        <Word id="word_130587f7-2183-4285-bc41-ddd859827ddb">
          <Coords points="802,2229 852,2225 905,2225 954,2223 1002,2219 1053,2216 1105,2216 1154,2214 1204,2213 1246,2214 1245,2259 1205,2258 1155,2259 1105,2261 1056,2261 1006,2264 955,2268 905,2270 856,2270 806,2274"/>
          <TextEquiv>
            <Unicode>Hendrick</Unicode>
          </TextEquiv>
        </Word>
        <Word id="word_db90b7b7-f759-46a1-b4b7-87c071972cdf">
          <Coords points="1309,2216 1314,2217 1356,2217 1404,2216 1454,2215 1504,2213 1553,2210 1604,2209 1656,2210 1703,2207 1755,2207 1804,2205 1854,2203 1904,2201 1904,2201 1908,2246 1905,2246 1855,2248 1805,2250 1755,2252 1706,2252 1655,2255 1605,2254 1556,2255 1505,2258 1455,2260 1405,2261 1355,2262 1303,2261 1298,2260"/>
          <TextEquiv>
            <Unicode>Hendricksen</Unicode>
          </TextEquiv>
        </Word>
        <Word id="word_4ab9279b-b692-4ee7-b771-9956bcd0ac9f">
          <Coords points="1961,2196 2005,2196 2052,2191 2102,2186 2124,2185 2127,2230 2106,2231 2056,2236 2005,2241 1962,2241"/>
          <TextEquiv>
            <Unicode>int</Unicode>
          </TextEquiv>
        </Word>
        <Word id="word_0e7747b8-25ef-44af-8b6e-f8a038f7c21b">
          <Coords points="2182,2181 2206,2182 2254,2180 2304,2178 2354,2177 2404,2175 2455,2175 2455,2175 2458,2220 2455,2220 2405,2220 2355,2222 2305,2223 2255,2225 2205,2227 2181,2226"/>
          <TextEquiv>
            <Unicode>landt</Unicode>
          </TextEquiv>
        </Word>
        <Word id="word_db86d467-2546-4cae-9ea2-d3a433c32ffb">
          <Coords points="2513,2172 2556,2173 2604,2172 2654,2170 2704,2169 2754,2167 2804,2166 2855,2166 2895,2162 2899,2207 2855,2211 2805,2211 2755,2212 2705,2214 2655,2215 2605,2217 2555,2218 2512,2217"/>
          <TextEquiv>
            <Unicode>gecomen</Unicode>
          </TextEquiv>
        </Word>
        <TextEquiv conf="0.927131644048676">
          <Unicode>Hendrick Hendricksen int landt gecomen</Unicode>
        </TextEquiv>
        <TextStyle xHeight="51"/>
      </TextLine>
      <TextLine id="line_6e43f2e5-34df-4536-a6df-3009aba49d5a">
        <Coords points="837,2342 863,2326 923,2266 991,2262 1378,2262 2020,2238 2057,2266 2073,2250 2529,2246 2549,2233 2905,2232 2905,2312 2788,2303 2760,2319 2728,2319 2704,2342 2635,2338 2587,2386 2405,2385 2373,2353 1834,2353 1786,2358 1774,2366 1462,2370 1346,2378 1334,2390 1194,2393 1175,2409 1127,2409 1111,2396 1063,2385 837,2386"/>
        <Baseline points="876,2376 926,2372 976,2369 1026,2365 1076,2364 1126,2362 1176,2359 1226,2355 1276,2353 1326,2350 1376,2349 1426,2348 1476,2347 1526,2346 1576,2346 1626,2345 1676,2343 1726,2342 1776,2341 1826,2341 1876,2341 1926,2339 1976,2339 2026,2339 2076,2337 2126,2332 2176,2331 2226,2331 2276,2329 2326,2328 2376,2327 2426,2324 2476,2321 2526,2319 2576,2313 2626,2308 2676,2304 2726,2300 2776,2297 2826,2294 2867,2293"/>
        <Word id="word_5a7d6fab-38b9-45c7-9faf-0fb5d21b848f">
          <Coords points="873,2341 923,2337 974,2334 1022,2330 1026,2375 977,2379 927,2382 877,2386"/>
          <TextEquiv>
            <Unicode>met</Unicode>
          </TextEquiv>
        </Word>
        <Word id="word_11d81688-eff8-43a7-8bfd-46ef172a1e20">
          <Coords points="1107,2348 1108,2351 1125,2327 1174,2324 1223,2320 1275,2318 1324,2315 1371,2314 1372,2359 1327,2360 1276,2363 1227,2365 1177,2369 1126,2372 1067,2368 1066,2365"/>
          <TextEquiv>
            <Unicode>tschip</Unicode>
          </TextEquiv>
        </Word>
        <Word id="word_54f83333-752b-4af9-96fd-183af22dd59e">
          <Coords points="1421,2313 1425,2313 1475,2312 1525,2311 1576,2311 1625,2310 1669,2308 1671,2353 1626,2355 1576,2356 1526,2356 1476,2357 1426,2358 1422,2358"/>
          <TextEquiv>
            <Unicode>nieuw</Unicode>
          </TextEquiv>
        </Word>
        <Word id="word_9892c3fe-858c-40f3-b2e7-ae08bc1fb8c5">
          <Coords points="1725,2307 1731,2307 1775,2306 1826,2306 1876,2306 1925,2304 1976,2304 2026,2304 2075,2302 2123,2297 2168,2296 2169,2341 2127,2342 2076,2347 2026,2349 1976,2349 1926,2349 1876,2351 1826,2351 1776,2351 1725,2352 1719,2351"/>
          <TextEquiv>
            <Unicode>serlandia</Unicode>
          </TextEquiv>
        </Word>
        <Word id="word_6d8ee8bc-68b3-429f-a375-cf59bf1edae0">
          <Coords points="2222,2295 2230,2296 2275,2294 2317,2293 2318,2338 2276,2339 2225,2341 2217,2340"/>
          <TextEquiv>
            <Unicode>ao</Unicode>
          </TextEquiv>
        </Word>
        <Word id="word_8e31a79f-f5d2-4b1d-8125-071d9bb1b0fe">
          <Coords points="2367,2292 2375,2292 2424,2289 2474,2286 2525,2284 2562,2279 2568,2324 2526,2329 2477,2331 2427,2334 2376,2337 2368,2337"/>
          <TextEquiv>
            <Unicode>1640</Unicode>
          </TextEquiv>
        </Word>
        <Word id="word_211d95eb-381f-4dad-a192-7eee6e28ac69">
          <Coords points="2615,2273 2625,2273 2673,2269 2723,2265 2774,2262 2824,2259 2864,2258 2865,2303 2827,2304 2777,2307 2727,2310 2677,2314 2626,2318 2616,2318"/>
          <TextEquiv>
            <Unicode>jegen</Unicode>
          </TextEquiv>
        </Word>
        <TextEquiv conf="0.8743269610010242">
          <Unicode>met tschip nieuw serlandia ao 1640 jegen</Unicode>
        </TextEquiv>
        <TextStyle xHeight="42"/>
      </TextLine>
      <TextLine id="line_68dd8c68-27d3-4964-b337-a942cffe080e">
        <Coords points="817,2387 1071,2387 1111,2395 1139,2423 1191,2424 1231,2384 1271,2384 1279,2376 1323,2376 1335,2364 1406,2359 2370,2351 2421,2396 2573,2392 2635,2339 2697,2344 2725,2320 2757,2320 2777,2304 2845,2304 2906,2356 2906,2437 2685,2432 2537,2444 2382,2444 2346,2452 2282,2452 2274,2460 1994,2460 1978,2476 1870,2475 1834,2488 1458,2483 1434,2504 1394,2495 1378,2483 1307,2483 1283,2504 979,2504 903,2495 817,2496"/>
        <Baseline points="856,2487 906,2481 956,2478 1006,2475 1056,2472 1106,2470 1156,2468 1206,2465 1256,2465 1306,2464 1356,2463 1406,2459 1456,2457 1506,2454 1556,2451 1606,2449 1656,2446 1706,2445 1756,2443 1806,2440 1856,2439 1906,2439 1956,2440 2006,2440 2056,2441 2106,2440 2156,2440 2206,2439 2256,2440 2306,2439 2356,2438 2406,2437 2456,2435 2506,2433 2556,2432 2606,2429 2656,2426 2706,2425 2756,2424 2806,2422 2856,2420 2868,2418"/>
        <Word id="word_8eeb6dde-c9fb-40f9-8616-ac1c608e9214">
          <Coords points="852,2452 902,2446 954,2443 1004,2440 1054,2437 1105,2435 1155,2433 1204,2430 1256,2430 1302,2429 1303,2474 1256,2475 1207,2475 1156,2478 1106,2480 1057,2482 1007,2485 957,2488 907,2491 857,2497"/>
          <TextEquiv>
            <Unicode>woordich</Unicode>
          </TextEquiv>
        </Word>
        <Word id="word_55b5092f-a2a0-4f3f-9a05-da2d675ab61d">
          <Coords points="1356,2428 1403,2424 1455,2422 1504,2419 1554,2416 1605,2414 1654,2411 1705,2410 1755,2408 1804,2405 1806,2450 1756,2453 1706,2455 1657,2456 1606,2459 1557,2461 1507,2464 1456,2467 1407,2469 1360,2473"/>
          <TextEquiv>
            <Unicode>schieman</Unicode>
          </TextEquiv>
        </Word>
        <Word id="word_1dc4ef52-12cc-4aa4-972f-ed904130611b">
          <Coords points="1863,2402 1908,2404 1957,2405 2006,2405 2030,2405 2029,2450 2006,2450 1956,2450 1905,2449 1861,2447"/>
          <TextEquiv>
            <Unicode>met</Unicode>
          </TextEquiv>
        </Word>
        <Word id="word_7e635a1e-7ec0-4900-9ba0-c83114ef1dac">
          <Coords points="2083,2407 2103,2405 2156,2405 2205,2404 2254,2405 2253,2450 2206,2449 2156,2450 2107,2450 2086,2452"/>
          <TextEquiv>
            <Unicode>ƒ22</Unicode>
          </TextEquiv>
        </Word>
        <Word id="word_036cf738-1552-41b4-af51-686c5b8e70ee">
          <Coords points="2307,2406 2354,2403 2405,2402 2455,2400 2475,2399 2477,2444 2456,2445 2406,2447 2357,2448 2310,2451"/>
          <TextEquiv>
            <Unicode>ter</Unicode>
          </TextEquiv>
        </Word>
        <Word id="word_f5e2f241-a96b-40d5-9651-087f56c625d8">
          <Coords points="2533,2397 2556,2397 2604,2394 2654,2391 2705,2390 2755,2389 2805,2387 2855,2385 2862,2384 2869,2428 2856,2430 2806,2432 2756,2434 2706,2435 2657,2436 2607,2439 2556,2442 2532,2442"/>
          <TextEquiv>
            <Unicode>maendt</Unicode>
          </TextEquiv>
        </Word>
        <TextEquiv conf="0.9320154670197042">
          <Unicode>woordich schieman met ƒ22 ter maendt</Unicode>
        </TextEquiv>
        <TextStyle xHeight="41"/>
      </TextLine>
      <TextLine id="line_104eae68-036a-4f93-b4fc-5824b0f0ad82">
        <Coords points="835,2510 1285,2502 1305,2485 1380,2485 1393,2497 1417,2497 1429,2506 1461,2481 1589,2481 1597,2489 1617,2490 1825,2490 1945,2447 1966,2447 1981,2462 2121,2463 2277,2459 2285,2451 2349,2447 2537,2447 2617,2435 2733,2431 2822,2431 2877,2481 2946,2482 2946,2563 1961,2570 1801,2578 1741,2594 1609,2594 1545,2618 1533,2617 1516,2601 1385,2602 1361,2622 1093,2626 1005,2617 835,2618"/>
        <Baseline points="874,2600 924,2597 974,2593 1024,2590 1074,2588 1124,2587 1174,2584 1224,2582 1274,2579 1324,2577 1374,2575 1424,2577 1474,2578 1524,2578 1574,2577 1624,2575 1674,2573 1724,2572 1774,2571 1824,2571 1874,2568 1924,2565 1974,2564 2024,2563 2074,2560 2124,2558 2174,2556 2224,2555 2274,2555 2324,2554 2374,2553 2424,2553 2474,2553 2524,2551 2574,2548 2624,2546 2674,2546 2724,2545 2774,2544 2824,2542 2874,2541 2908,2543"/>
        <Word id="word_5ea4df43-23cd-4f15-975a-7cb4a2f5ec39">
          <Coords points="872,2565 922,2562 971,2558 1022,2555 1073,2553 1123,2552 1172,2549 1223,2547 1256,2545 1259,2590 1224,2592 1175,2594 1124,2597 1074,2598 1025,2600 975,2603 925,2607 875,2610"/>
          <TextEquiv>
            <Unicode>eenigen</Unicode>
          </TextEquiv>
        </Word>
        <Word id="word_4a60b4a2-2906-415b-be59-629f89aac810">
          <Coords points="1315,2542 1325,2542 1373,2540 1425,2542 1475,2543 1524,2543 1533,2543 1534,2588 1524,2588 1474,2588 1424,2587 1374,2585 1324,2587 1313,2587"/>
          <TextEquiv>
            <Unicode>tijt</Unicode>
          </TextEquiv>
        </Word>
        <Word id="word_745e5484-4578-4de2-a522-c1b19d840f6e">
          <Coords points="1587,2542 1622,2540 1673,2538 1723,2537 1773,2536 1824,2536 1872,2533 1922,2530 1973,2529 2023,2528 2072,2525 2123,2523 2173,2521 2223,2520 2274,2520 2323,2519 2373,2518 2413,2518 2413,2563 2374,2563 2324,2564 2274,2565 2224,2565 2174,2566 2124,2568 2075,2570 2024,2573 1974,2574 1925,2575 1875,2578 1824,2581 1774,2581 1724,2582 1674,2583 1624,2585 1589,2587"/>
          <TextEquiv>
            <Unicode>thooghbootsmans</Unicode>
          </TextEquiv>
        </Word>
        <Word id="word_6a113b4a-9b23-41b9-b027-6fc9e8c781dd">
          <Coords points="2468,2518 2474,2518 2523,2516 2572,2513 2623,2511 2674,2511 2687,2511 2688,2556 2674,2556 2624,2556 2575,2558 2524,2561 2474,2563 2468,2563"/>
          <TextEquiv>
            <Unicode>ampt</Unicode>
          </TextEquiv>
        </Word>
        <Word id="word_14c33c93-7bd2-457f-8f6e-7fe2286d2291">
          <Coords points="2742,2510 2773,2509 2823,2507 2873,2506 2910,2508 2907,2553 2874,2551 2824,2552 2774,2554 2743,2555"/>
          <TextEquiv>
            <Unicode>tot</Unicode>
          </TextEquiv>
        </Word>
        <TextEquiv conf="0.9377915369782419">
          <Unicode>eenigen tijt thooghbootsmans ampt tot</Unicode>
        </TextEquiv>
        <TextStyle xHeight="42"/>
      </TextLine>
      <TextLine id="line_404d0663-b139-4f67-ab39-aa040369669a">
        <Coords points="825,2647 835,2639 1087,2635 1095,2627 1143,2623 1359,2623 1383,2603 1516,2602 1543,2618 1607,2595 1739,2595 1799,2580 1919,2572 2187,2571 2215,2579 2279,2579 2303,2599 2551,2599 2563,2591 2944,2593 2944,2673 2883,2676 2855,2667 2683,2680 2215,2684 2109,2786 2094,2774 2035,2773 2015,2753 1815,2753 1771,2718 1587,2718 1575,2706 1371,2711 1363,2719 1107,2714 825,2727"/>
        <Baseline points="864,2717 914,2717 964,2713 1014,2710 1064,2707 1114,2704 1164,2701 1214,2699 1264,2697 1314,2694 1364,2693 1414,2693 1464,2692 1514,2690 1564,2689 1614,2688 1664,2688 1714,2687 1764,2685 1814,2684 1864,2683 1914,2683 1964,2682 2014,2680 2064,2678 2114,2677 2164,2676 2214,2674 2264,2673 2314,2673 2364,2671 2414,2670 2464,2670 2514,2668 2564,2668 2614,2667 2664,2666 2714,2666 2764,2665 2814,2662 2864,2656 2906,2654"/>
        <Word id="word_4deb3af6-c819-4be8-9efb-b146182cd8bd">
          <Coords points="864,2682 914,2682 961,2678 1012,2675 1062,2672 1112,2669 1162,2666 1213,2664 1263,2662 1312,2659 1363,2658 1414,2658 1463,2657 1513,2655 1563,2654 1613,2653 1622,2653 1622,2698 1614,2698 1564,2699 1514,2700 1464,2702 1414,2703 1364,2703 1315,2704 1264,2707 1214,2709 1165,2711 1115,2714 1065,2717 1015,2720 965,2723 914,2727 864,2727"/>
          <TextEquiv>
            <Unicode>contentemendt</Unicode>
          </TextEquiv>
        </Word>
        <Word id="word_49cb9daa-1d2e-4146-b6d6-e1eba1d0a4aa">
          <Coords points="1680,2653 1713,2652 1763,2650 1813,2649 1855,2648 1856,2693 1814,2694 1764,2695 1714,2697 1681,2698"/>
          <TextEquiv>
            <Unicode>van</Unicode>
          </TextEquiv>
        </Word>
        <Word id="word_8a7c7a46-6d88-47e5-b59c-5ad8b3397dd2">
          <Coords points="1914,2647 1964,2647 2013,2645 2063,2643 2113,2642 2147,2641 2148,2686 2114,2687 2064,2688 2014,2690 1964,2692 1914,2692"/>
          <TextEquiv>
            <Unicode>sijn</Unicode>
          </TextEquiv>
        </Word>
        <Word id="word_9d360ba5-823c-4e15-9e97-6c2c4a05e1b5">
          <Coords points="2201,2641 2209,2639 2263,2638 2314,2638 2363,2636 2413,2635 2464,2635 2513,2633 2564,2633 2613,2632 2614,2632 2615,2677 2614,2677 2564,2678 2514,2678 2464,2680 2414,2680 2364,2681 2314,2683 2264,2683 2215,2684 2207,2685"/>
          <TextEquiv>
            <Unicode>meerder</Unicode>
          </TextEquiv>
        </Word>
        <Word id="word_38a93845-b091-4692-a6dc-336a3be5b17f">
          <Coords points="2673,2631 2714,2631 2763,2630 2812,2627 2860,2621 2904,2619 2906,2664 2865,2666 2815,2672 2764,2675 2714,2676 2673,2676"/>
          <TextEquiv>
            <Unicode>waer</Unicode>
          </TextEquiv>
        </Word>
        <TextEquiv conf="0.9379642014939521">
          <Unicode>contentemendt van sijn meerder waer</Unicode>
        </TextEquiv>
        <TextStyle xHeight="39"/>
      </TextLine>
      <TextLine id="line_1ab982f1-4575-4100-9da4-7f7beaac4b2e">
        <Coords points="838,2725 944,2725 1060,2714 1276,2714 1292,2705 1572,2705 1588,2717 1609,2717 1616,2710 1963,2710 1972,2717 2007,2690 2107,2689 2399,2701 2861,2701 2887,2724 3017,2725 3024,2719 3023,2801 2395,2809 2343,2861 1947,2856 1864,2852 1836,2840 1688,2840 1679,2849 1508,2849 1464,2892 1352,2892 1312,2883 1293,2868 1252,2864 1199,2837 1192,2843 1116,2840 1096,2849 1012,2849 968,2892 944,2892 905,2927 838,2951"/>
        <Baseline points="877,2838 927,2839 977,2837 1027,2835 1077,2832 1127,2830 1177,2829 1227,2827 1277,2825 1327,2823 1377,2821 1427,2819 1477,2819 1527,2815 1577,2812 1627,2811 1677,2810 1727,2808 1777,2807 1827,2807 1877,2804 1927,2803 1977,2803 2027,2803 2077,2802 2127,2801 2177,2799 2227,2798 2277,2796 2327,2794 2377,2793 2427,2790 2477,2789 2527,2787 2577,2786 2627,2784 2677,2783 2727,2781 2777,2781 2827,2782 2877,2785 2927,2783 2977,2780 2986,2780"/>
        <Word id="word_38597f10-4cea-45a5-beac-2dc7223bf205">
          <Coords points="878,2803 928,2804 976,2802 1026,2800 1075,2797 1126,2795 1176,2794 1226,2792 1245,2791 1246,2836 1227,2837 1177,2839 1127,2840 1078,2842 1027,2845 977,2847 927,2849 877,2848"/>
          <TextEquiv>
            <Unicode>genomen</Unicode>
          </TextEquiv>
        </Word>
        <Word id="word_4e0788aa-1697-44b2-a306-62c99a79f2f1">
          <Coords points="1297,2789 1326,2788 1376,2786 1426,2784 1477,2784 1524,2780 1575,2777 1626,2776 1676,2775 1719,2773 1721,2818 1677,2820 1627,2821 1578,2822 1528,2825 1477,2829 1427,2829 1377,2831 1327,2833 1299,2834"/>
          <TextEquiv>
            <Unicode>hebbende</Unicode>
          </TextEquiv>
        </Word>
        <Word id="word_b9760877-9aac-47e4-8753-6767f78cae86">
          <Coords points="1781,2772 1785,2773 1827,2772 1875,2769 1926,2768 1977,2768 1984,2768 1984,2813 1977,2813 1927,2813 1878,2814 1827,2817 1775,2817 1771,2816"/>
          <TextEquiv>
            <Unicode>wert</Unicode>
          </TextEquiv>
        </Word>
        <Word id="word_a6c27b0b-2201-49ac-801b-3bed08572599">
          <Coords points="2036,2768 2076,2767 2126,2766 2176,2764 2226,2763 2246,2762 2248,2807 2227,2808 2177,2809 2127,2811 2077,2812 2037,2813"/>
          <TextEquiv>
            <Unicode>door</Unicode>
          </TextEquiv>
        </Word>
        <Word id="word_f57e73be-810c-4ffc-a98b-9dbbee7fa319">
          <Coords points="2299,2760 2326,2759 2376,2758 2425,2755 2476,2754 2526,2752 2563,2751 2564,2796 2527,2797 2477,2799 2428,2800 2377,2803 2327,2804 2301,2805"/>
          <TextEquiv>
            <Unicode>goede</Unicode>
          </TextEquiv>
        </Word>
        <Word id="word_a1aa7524-020d-48da-a30b-fc600230f366">
          <Coords points="2613,2750 2623,2749 2676,2748 2726,2746 2777,2746 2828,2747 2879,2750 2926,2748 2975,2745 2986,2745 2986,2790 2978,2790 2927,2793 2876,2795 2827,2792 2777,2791 2727,2791 2677,2793 2628,2794 2618,2795"/>
          <TextEquiv>
            <Unicode>dienste</Unicode>
          </TextEquiv>
        </Word>
        <TextEquiv conf="0.9510260038332408">
          <Unicode>genomen hebbende wert door goede dienste</Unicode>
        </TextEquiv>
        <TextStyle xHeight="48"/>
      </TextLine>
      <TextLine id="line_0fc869d2-bdb9-4d78-a2d1-64ab24080ede">
        <Coords points="831,2952 905,2928 945,2893 965,2893 1009,2849 1097,2849 1117,2840 1193,2843 1201,2837 1253,2864 1297,2868 1317,2884 1352,2893 1456,2893 1508,2849 1679,2849 1688,2840 1836,2840 1864,2852 1948,2856 2343,2861 2399,2808 2455,2808 2471,2821 2695,2816 2843,2824 2871,2842 2904,2842 2904,2922 2487,2925 2455,2956 1964,2956 1940,2964 1904,3000 1852,3004 1408,2999 1345,2967 1333,2973 949,2976 831,2984"/>
        <Baseline points="870,2975 920,2970 970,2969 1020,2968 1070,2966 1120,2963 1170,2961 1220,2959 1270,2957 1320,2956 1370,2953 1420,2950 1470,2948 1520,2946 1570,2944 1620,2943 1670,2942 1720,2941 1770,2940 1820,2937 1870,2934 1920,2934 1970,2933 2020,2930 2070,2927 2120,2925 2170,2923 2220,2923 2270,2920 2320,2917 2370,2913 2420,2912 2470,2911 2520,2910 2570,2909 2620,2907 2670,2906 2720,2905 2770,2906 2820,2905 2866,2903"/>
        <Word id="word_ac1a6003-80f4-476d-a0f7-8eb78d5f71c7">
          <Coords points="867,2940 917,2935 969,2934 1019,2933 1069,2931 1096,2929 1099,2974 1070,2976 1020,2978 970,2979 921,2980 871,2985"/>
          <TextEquiv>
            <Unicode>ende</Unicode>
          </TextEquiv>
        </Word>
        <Word id="word_20ebc312-ef95-41b5-9492-7965180fb236">
          <Coords points="1155,2926 1170,2926 1219,2924 1269,2922 1319,2921 1324,2921 1327,2966 1320,2966 1270,2967 1220,2969 1170,2971 1155,2971"/>
          <TextEquiv>
            <Unicode>wel</Unicode>
          </TextEquiv>
        </Word>
        <Word id="word_a36b38b2-6dc5-4cff-9537-282ad361137a">
          <Coords points="1381,2917 1418,2915 1469,2913 1519,2911 1569,2909 1619,2908 1669,2907 1719,2906 1769,2905 1818,2902 1868,2899 1920,2899 1969,2898 2018,2895 2065,2892 2068,2937 2021,2940 1970,2943 1920,2944 1871,2944 1821,2947 1770,2950 1720,2951 1670,2952 1620,2953 1570,2954 1520,2956 1470,2958 1421,2960 1384,2962"/>
          <TextEquiv>
            <Unicode>dragentheijt</Unicode>
          </TextEquiv>
        </Word>
        <Word id="word_7b13b587-26a3-4a3c-8b45-53c75559d041">
          <Coords points="2124,2889 2169,2888 2220,2888 2268,2885 2293,2884 2296,2928 2271,2930 2220,2933 2170,2933 2125,2934"/>
          <TextEquiv>
            <Unicode>als</Unicode>
          </TextEquiv>
        </Word>
        <Word id="word_e518ed43-854f-4e2e-b336-0681abe6ab05">
          <Coords points="2348,2880 2366,2878 2419,2877 2469,2876 2519,2875 2569,2874 2619,2872 2669,2871 2719,2870 2771,2871 2819,2870 2864,2868 2866,2913 2820,2915 2770,2916 2720,2915 2670,2916 2620,2917 2570,2919 2520,2920 2470,2921 2420,2922 2371,2923 2354,2925"/>
          <TextEquiv>
            <Unicode>expiratie</Unicode>
          </TextEquiv>
        </Word>
        <TextEquiv conf="0.8934311571705976">
          <Unicode>ende wel dragentheijt als expiratie</Unicode>
        </TextEquiv>
        <TextStyle xHeight="42"/>
      </TextLine>
      <TextLine id="line_2ff60fd8-d485-498c-872f-73cb910b1c4c">
        <Coords points="826,2997 1024,2998 1048,2974 1331,2974 1344,2965 1400,2997 1432,3002 1852,3002 1903,2998 1935,2966 1967,2957 2455,2958 2487,2929 2651,2929 2671,2937 2707,2937 2763,2989 2935,2990 2943,2982 3008,2982 3020,2969 3015,3054 2847,3054 2819,3074 2454,3057 2383,3121 2151,3116 2083,3108 1812,3109 1784,3100 1568,3096 1556,3084 1444,3085 1224,3097 1040,3097 1032,3105 988,3105 952,3141 826,3141"/>
        <Baseline points="865,3100 915,3091 965,3088 1015,3087 1065,3087 1115,3087 1165,3086 1215,3084 1265,3083 1315,3082 1365,3080 1415,3079 1465,3078 1515,3076 1565,3074 1615,3072 1665,3070 1715,3067 1765,3064 1815,3063 1865,3059 1915,3056 1965,3053 2015,3052 2065,3052 2115,3051 2165,3047 2215,3046 2265,3044 2315,3040 2365,3037 2415,3038 2465,3038 2515,3039 2565,3039 2615,3037 2665,3034 2715,3033 2765,3031 2815,3028 2865,3028 2915,3030 2965,3030 2982,3030"/>
        <Word id="word_6b124fd3-68ee-40a5-9372-22ba96835a25">
          <Coords points="859,3066 909,3057 963,3053 1014,3052 1065,3052 1115,3052 1140,3051 1141,3096 1115,3097 1065,3097 1015,3097 966,3098 917,3101 867,3110"/>
          <TextEquiv>
            <Unicode>sijnes</Unicode>
          </TextEquiv>
        </Word>
        <Word id="word_9b446e6f-3f62-4ec6-9815-7bc019618e41">
          <Coords points="1185,3051 1213,3049 1264,3048 1314,3047 1364,3045 1414,3044 1464,3043 1514,3041 1564,3039 1600,3038 1601,3083 1565,3084 1515,3086 1465,3088 1415,3089 1365,3090 1315,3092 1265,3093 1216,3094 1187,3096"/>
          <TextEquiv>
            <Unicode>verbandts</Unicode>
          </TextEquiv>
        </Word>
        <Word id="word_1ebfeb8b-df2f-40eb-9272-b97301be35b9">
          <Coords points="1646,3036 1664,3035 1713,3032 1737,3031 1740,3076 1716,3077 1665,3080 1648,3081"/>
          <TextEquiv>
            <Unicode>en</Unicode>
          </TextEquiv>
        </Word>
        <Word id="word_34bf6059-aa45-49af-b914-2118ddf66989">
          <Coords points="1785,3028 1815,3028 1862,3024 1913,3021 1963,3018 2014,3017 2065,3017 2114,3016 2162,3012 2214,3011 2264,3009 2312,3005 2363,3002 2384,3002 2383,3047 2366,3047 2316,3050 2265,3054 2215,3056 2166,3057 2115,3061 2065,3062 2015,3062 1966,3063 1916,3066 1866,3069 1815,3073 1785,3073"/>
          <TextEquiv>
            <Unicode>genegentheijt</Unicode>
          </TextEquiv>
        </Word>
        <Word id="word_51b82eae-3ab5-4cad-ab9c-e5afc5712c36">
          <Coords points="2429,3003 2465,3003 2516,3004 2522,3004 2522,3049 2515,3049 2465,3048 2429,3048"/>
          <TextEquiv>
            <Unicode>d'</Unicode>
          </TextEquiv>
        </Word>
        <Word id="word_0cfe7154-c81b-4380-9f74-47c4a388dec7">
          <Coords points="2566,3004 2614,3002 2658,2999 2660,3044 2615,3047 2568,3049"/>
          <TextEquiv>
            <Unicode>E.</Unicode>
          </TextEquiv>
        </Word>
        <Word id="word_c627e773-ca2b-4b24-9e0f-32ebce68a461">
          <Coords points="2711,2997 2720,2998 2764,2996 2813,2993 2865,2993 2916,2995 2965,2995 2982,2995 2982,3040 2965,3040 2915,3040 2865,3038 2816,3038 2765,3041 2713,3043 2704,3041"/>
          <TextEquiv>
            <Unicode>comp„e</Unicode>
          </TextEquiv>
        </Word>
        <TextEquiv conf="0.8787717600446964">
          <Unicode>sijnes verbandts en genegentheijt d' E. comp„e</Unicode>
        </TextEquiv>
        <TextStyle xHeight="45"/>
      </TextLine>
      <TextLine id="line_127dde13-77f2-4b08-9964-ba31f12357f1">
        <Coords points="833,3143 939,3143 959,3135 999,3095 1702,3094 1786,3098 1806,3110 1894,3114 2342,3114 2350,3122 2378,3123 2450,3059 2733,3066 2745,3078 2982,3081 2982,3161 2873,3161 2792,3240 2774,3248 2649,3247 2633,3231 2525,3240 2501,3219 1742,3236 1454,3236 1442,3227 1303,3227 1271,3256 991,3256 951,3276 833,3276"/>
        <Baseline points="872,3227 922,3228 972,3226 1022,3223 1072,3221 1122,3218 1172,3215 1222,3213 1272,3211 1322,3208 1372,3206 1422,3205 1472,3203 1522,3201 1572,3199 1622,3199 1672,3198 1722,3197 1772,3195 1822,3193 1872,3193 1922,3192 1972,3190 2022,3189 2072,3185 2122,3181 2172,3180 2222,3177 2272,3174 2322,3171 2372,3170 2422,3168 2472,3166 2522,3161 2572,3159 2622,3157 2672,3155 2722,3155 2772,3150 2822,3147 2872,3144 2922,3143 2944,3142"/>
        <Word id="word_8439833d-e9eb-4b6d-afe7-f6951a6ba8cb">
          <Coords points="873,3192 923,3193 971,3191 1020,3188 1068,3186 1070,3231 1023,3233 972,3236 922,3238 872,3237"/>
          <TextEquiv>
            <Unicode>noch</Unicode>
          </TextEquiv>
        </Word>
        <Word id="word_f974aa7b-33fc-4017-99b3-94938df39360">
          <Coords points="1107,3186 1111,3185 1170,3180 1221,3178 1271,3176 1320,3173 1371,3171 1414,3170 1415,3215 1372,3216 1323,3218 1272,3221 1222,3223 1173,3225 1125,3227 1122,3229"/>
          <TextEquiv>
            <Unicode>langer</Unicode>
          </TextEquiv>
        </Word>
        <Word id="word_2ee9f771-b35b-4bec-bfee-bf9d1466e7f6">
          <Coords points="1459,3170 1467,3168 1521,3166 1561,3164 1563,3209 1522,3211 1473,3213 1465,3214"/>
          <TextEquiv>
            <Unicode>te</Unicode>
          </TextEquiv>
        </Word>
        <Word id="word_0b11d5e9-5ecf-4058-9973-9ddf2cf909be">
          <Coords points="1617,3163 1627,3164 1671,3163 1721,3162 1771,3160 1821,3158 1872,3158 1907,3157 1908,3202 1872,3203 1822,3203 1772,3205 1722,3207 1672,3208 1620,3209 1610,3207"/>
          <TextEquiv>
            <Unicode>dienen</Unicode>
          </TextEquiv>
        </Word>
        <Word id="word_eb68beac-b167-4c05-9c96-b9bb782d9577">
          <Coords points="1954,3156 1969,3155 2021,3154 2069,3150 2102,3147 2106,3192 2073,3195 2022,3199 1973,3200 1958,3201"/>
          <TextEquiv>
            <Unicode>Bij</Unicode>
          </TextEquiv>
        </Word>
        <Word id="word_e83e0a08-3a06-479e-8614-f953051e365b">
          <Coords points="2158,3144 2175,3145 2220,3142 2270,3139 2320,3136 2371,3135 2400,3134 2401,3179 2372,3180 2323,3181 2273,3184 2223,3187 2171,3190 2154,3188"/>
          <TextEquiv>
            <Unicode>desen</Unicode>
          </TextEquiv>
        </Word>
        <Word id="word_54fec3a8-6295-46ce-9b1c-046586ce0392">
          <Coords points="2449,3132 2471,3131 2519,3126 2548,3125 2549,3170 2523,3171 2472,3176 2451,3177"/>
          <TextEquiv>
            <Unicode>d'</Unicode>
          </TextEquiv>
        </Word>
        <Word id="word_88270f67-bd0e-4d3e-b1cf-e52ff535b8c6">
          <Coords points="2597,3123 2621,3122 2671,3120 2722,3120 2769,3115 2793,3114 2796,3159 2773,3160 2722,3165 2672,3165 2622,3167 2599,3168"/>
          <TextEquiv>
            <Unicode>novo</Unicode>
          </TextEquiv>
        </Word>
        <Word id="word_a77aa3cc-62b9-41a1-9f1a-5410ffcc1e50">
          <Coords points="2843,3111 2870,3109 2921,3108 2942,3107 2944,3152 2922,3153 2873,3154 2845,3156"/>
          <TextEquiv>
            <Unicode>in</Unicode>
          </TextEquiv>
        </Word>
        <TextEquiv conf="0.9449534356464119">
          <Unicode>noch langer te dienen Bij desen d' novo in</Unicode>
        </TextEquiv>
        <TextStyle xHeight="47"/>
      </TextLine>
      <TextLine id="af063bd7-19ef-4211-9d7c-50660c26449e">
        <Coords points="831,3276 953,3276 989,3256 1273,3256 1305,3227 1441,3227 1453,3236 1741,3236 2089,3232 2277,3219 2501,3219 2525,3240 2633,3231 2649,3247 2773,3248 2793,3240 2829,3207 2889,3207 2905,3220 3006,3219 3003,3303 2593,3296 2581,3308 2273,3308 2033,3316 2009,3324 1861,3324 1841,3343 1681,3343 1633,3363 1485,3403 1421,3402 1397,3378 1369,3370 1357,3358 929,3363 913,3379 831,3383"/>
        <Baseline points="870,3358 920,3356 970,3354 1020,3349 1070,3345 1120,3341 1170,3338 1220,3335 1270,3332 1320,3331 1370,3330 1420,3330 1470,3329 1520,3327 1570,3324 1620,3323 1670,3322 1720,3319 1770,3315 1820,3314 1870,3312 1920,3310 1970,3309 2020,3307 2070,3306 2120,3305 2170,3302 2220,3301 2270,3299 2320,3298 2370,3295 2420,3293 2470,3291 2520,3288 2570,3286 2620,3284 2670,3282 2720,3280 2770,3279 2820,3278 2870,3279 2920,3279 2968,3280"/>
        <Word id="word_cc689007-6057-4292-afa2-fe85e1905bcf">
          <Coords points="869,3323 919,3321 969,3319 1017,3314 1067,3310 1117,3306 1168,3303 1218,3300 1268,3297 1319,3296 1369,3295 1420,3295 1421,3295 1422,3340 1420,3340 1370,3340 1320,3341 1271,3342 1221,3345 1171,3348 1121,3351 1071,3355 1021,3359 970,3364 920,3366 870,3368"/>
          <TextEquiv>
            <Unicode>qualiteijt</Unicode>
          </TextEquiv>
        </Word>
        <Word id="word_6539e8da-09f0-4245-93b3-4bb2b53417bf">
          <Coords points="1475,3294 1518,3292 1568,3289 1619,3288 1642,3288 1643,3333 1620,3333 1571,3334 1520,3337 1477,3339"/>
          <TextEquiv>
            <Unicode>van</Unicode>
          </TextEquiv>
        </Word>
        <Word id="word_a3269428-1059-45dd-a2d3-523808e9f5bc">
          <Coords points="1694,3287 1716,3284 1767,3280 1819,3279 1869,3277 1919,3275 1969,3274 2019,3272 2069,3271 2119,3270 2168,3267 2219,3266 2269,3264 2319,3263 2358,3261 2361,3306 2320,3308 2270,3309 2220,3311 2171,3312 2120,3315 2070,3316 2020,3317 1970,3319 1920,3320 1870,3322 1820,3324 1771,3325 1721,3329 1699,3331"/>
          <TextEquiv>
            <Unicode>hoogbootsman</Unicode>
          </TextEquiv>
        </Word>
        <Word id="word_c1d4ea6e-8fe7-485f-9245-5fe7b65e1dea">
          <Coords points="2421,3258 2426,3258 2469,3256 2518,3253 2569,3251 2619,3249 2669,3247 2719,3245 2769,3244 2819,3243 2871,3244 2920,3244 2969,3245 2968,3290 2920,3289 2870,3289 2820,3288 2770,3289 2720,3290 2670,3292 2620,3294 2570,3296 2521,3298 2470,3301 2418,3303 2414,3302"/>
          <TextEquiv>
            <Unicode>aengenomen</Unicode>
          </TextEquiv>
        </Word>
        <TextEquiv conf="0.956876708348191">
          <Unicode>qualiteijt van hoogbootsman aengenomen</Unicode>
        </TextEquiv>
        <TextStyle xHeight="39"/>
      </TextLine>
      <TextLine id="bbbadbd3-4f9d-4430-91c3-63826ea11751">
        <Coords points="832,3383 902,3379 930,3363 986,3359 1357,3358 1369,3370 1397,3378 1421,3402 1485,3403 1633,3363 1681,3343 1936,3335 2840,3333 2840,3413 2822,3411 2786,3439 2631,3439 2611,3451 2543,3451 2456,3446 2436,3430 2144,3431 2112,3463 1848,3454 1808,3491 1729,3491 1701,3466 1605,3466 1597,3458 1337,3459 832,3487"/>
        <Baseline points="871,3477 921,3474 971,3472 1021,3469 1071,3464 1121,3461 1171,3460 1221,3457 1271,3455 1321,3453 1371,3451 1421,3450 1471,3448 1521,3446 1571,3444 1621,3442 1671,3441 1721,3440 1771,3434 1821,3430 1871,3428 1921,3427 1971,3426 2021,3425 2071,3423 2121,3422 2171,3422 2221,3420 2271,3419 2321,3416 2371,3413 2421,3410 2471,3408 2521,3406 2571,3404 2621,3402 2671,3400 2721,3397 2771,3395 2802,3394"/>
        <Word id="word_56d0e598-6921-4df7-8ff7-8493d220475b">
          <Coords points="869,3442 919,3439 970,3437 1019,3434 1065,3429 1070,3474 1022,3479 971,3482 922,3484 872,3487"/>
          <TextEquiv>
            <Unicode>ende</Unicode>
          </TextEquiv>
        </Word>
        <Word id="word_60b6b29f-a319-4cbb-a7ed-0fca56eb2c04">
          <Coords points="1136,3429 1139,3431 1170,3425 1219,3422 1265,3420 1267,3465 1222,3467 1171,3470 1116,3470 1113,3468"/>
          <TextEquiv>
            <Unicode>een</Unicode>
          </TextEquiv>
        </Word>
        <Word id="word_8b5b0570-b070-40bf-be29-6abca4ccc0a8">
          <Coords points="1314,3418 1320,3418 1370,3416 1420,3415 1470,3413 1520,3411 1570,3409 1620,3407 1670,3406 1720,3405 1767,3399 1808,3396 1812,3441 1772,3444 1721,3450 1671,3451 1621,3452 1571,3454 1521,3456 1471,3458 1421,3460 1371,3461 1321,3463 1316,3463"/>
          <TextEquiv>
            <Unicode>behooningh</Unicode>
          </TextEquiv>
        </Word>
        <Word id="word_080a0acc-dcaa-4a7f-b743-dd3392e48019">
          <Coords points="1864,3392 1875,3393 1920,3392 1970,3391 2008,3390 2009,3435 1971,3436 1921,3437 1870,3438 1859,3437"/>
          <TextEquiv>
            <Unicode>van</Unicode>
          </TextEquiv>
        </Word>
        <Word id="word_25644368-0006-4c2c-995c-a1698b08c879">
          <Coords points="2055,3389 2068,3388 2120,3387 2171,3387 2220,3385 2270,3384 2319,3381 2369,3378 2419,3375 2470,3373 2520,3371 2570,3369 2620,3367 2670,3365 2719,3362 2770,3360 2800,3359 2802,3404 2771,3405 2722,3407 2671,3410 2621,3412 2571,3414 2521,3416 2471,3418 2422,3420 2372,3423 2322,3426 2271,3429 2221,3430 2171,3432 2121,3432 2072,3433 2059,3434"/>
          <TextEquiv>
            <Unicode>vijffentwintich</Unicode>
          </TextEquiv>
        </Word>
        <TextEquiv conf="0.9104567878413476">
          <Unicode>ende een behooningh van vijffentwintich</Unicode>
        </TextEquiv>
        <TextStyle xHeight="38"/>
      </TextLine>
      <TextLine id="d650c75d-3ca7-4fea-8924-0b980ca24409">
        <Coords points="818,3486 1363,3458 1599,3457 1607,3465 1703,3465 1731,3490 1810,3490 1847,3457 2106,3466 2138,3434 2310,3429 2434,3429 2454,3445 2534,3445 2546,3454 2606,3454 2614,3446 2662,3437 2716,3437 2749,3465 2796,3466 2805,3457 2856,3458 2901,3413 2922,3422 2981,3481 3009,3482 3030,3472 3030,3552 2558,3558 2486,3550 2473,3562 2330,3561 2306,3581 2282,3581 2274,3589 2234,3565 2186,3565 2126,3613 2050,3617 2014,3584 1959,3577 1823,3577 1815,3585 1307,3585 1008,3601 961,3648 916,3652 880,3616 818,3608"/>
        <Baseline points="857,3596 907,3595 957,3592 1007,3591 1057,3590 1107,3586 1157,3585 1207,3583 1257,3580 1307,3576 1357,3573 1407,3571 1457,3569 1507,3567 1557,3565 1607,3562 1657,3560 1707,3559 1757,3559 1807,3558 1857,3555 1907,3553 1957,3552 2007,3549 2057,3548 2107,3547 2157,3545 2207,3543 2257,3541 2307,3538 2357,3538 2407,3538 2457,3538 2507,3538 2557,3537 2607,3537 2657,3537 2707,3536 2757,3535 2807,3532 2857,3532 2907,3533 2957,3534 2992,3533"/>
        <Word id="word_bcac6283-96fd-4917-acb6-b0009036fb21">
          <Coords points="856,3561 906,3560 955,3557 1006,3556 1056,3555 1104,3551 1156,3550 1206,3548 1228,3547 1231,3592 1207,3593 1157,3595 1108,3596 1057,3600 1007,3601 958,3602 907,3605 857,3606"/>
          <TextEquiv>
            <Unicode>guldens</Unicode>
          </TextEquiv>
        </Word>
        <Word id="word_c8f88f4a-8c4d-4427-8e58-3924102b9dc1">
          <Coords points="1280,3544 1303,3541 1355,3538 1406,3536 1442,3535 1444,3580 1407,3581 1358,3583 1308,3586 1285,3588"/>
          <TextEquiv>
            <Unicode>ter</Unicode>
          </TextEquiv>
        </Word>
        <Word id="word_b9a72ba0-bd33-4946-b725-909b42ff146b">
          <Coords points="1496,3532 1506,3532 1556,3530 1605,3527 1656,3525 1706,3524 1757,3524 1806,3523 1815,3522 1818,3567 1807,3568 1757,3569 1707,3569 1657,3570 1608,3572 1557,3575 1507,3577 1498,3577"/>
          <TextEquiv>
            <Unicode>maendt</Unicode>
          </TextEquiv>
        </Word>
        <Word id="word_d4608964-1e5c-4534-a46d-c6fa2fda52d4">
          <Coords points="1870,3519 1906,3518 1956,3517 2005,3514 2056,3513 2106,3512 2156,3510 2206,3508 2256,3506 2305,3503 2357,3503 2405,3503 2405,3548 2357,3548 2308,3548 2257,3551 2207,3553 2157,3555 2107,3557 2057,3558 2008,3559 1957,3562 1907,3563 1871,3564"/>
          <TextEquiv>
            <Unicode>toegeleijt</Unicode>
          </TextEquiv>
        </Word>
        <Word id="word_ff7e02ea-679a-4d99-8b1d-c545f884d8f6">
          <Coords points="2458,3503 2507,3503 2556,3502 2607,3502 2657,3502 2706,3501 2724,3501 2725,3546 2707,3546 2657,3547 2607,3547 2557,3547 2507,3548 2458,3548"/>
          <TextEquiv>
            <Unicode>midts</Unicode>
          </TextEquiv>
        </Word>
        <Word id="word_03b64232-d19b-465a-9da0-8bbc5ddca5d9">
          <Coords points="2775,3500 2804,3497 2857,3497 2908,3498 2958,3499 2991,3498 2992,3543 2957,3544 2907,3543 2857,3542 2808,3542 2779,3545"/>
          <TextEquiv>
            <Unicode>daer</Unicode>
          </TextEquiv>
        </Word>
        <TextEquiv conf="0.9595069490047533">
          <Unicode>guldens ter maendt toegeleijt midts daer</Unicode>
        </TextEquiv>
        <TextStyle xHeight="43"/>
      </TextLine>
      <TextLine id="line_2cced0d3-542a-4fae-a38a-a50791cbedc2">
        <Coords points="837,3660 859,3641 935,3641 943,3633 960,3648 1007,3601 1103,3593 1343,3584 1814,3585 1826,3576 1958,3576 2014,3584 2054,3617 2126,3613 2190,3564 2234,3564 2273,3589 2282,3581 2394,3581 2406,3572 2942,3575 2942,3655 2749,3654 2697,3706 2657,3681 2330,3681 2257,3750 2230,3750 2202,3777 2175,3777 2158,3760 2132,3761 2126,3755 2106,3762 2059,3734 1958,3705 1938,3689 1921,3698 1858,3698 1826,3722 1414,3722 1359,3770 1325,3770 1311,3761 1235,3761 1215,3778 1067,3777 1043,3769 1008,3734 975,3734 935,3758 837,3766"/>
        <Baseline points="876,3738 926,3729 976,3727 1026,3725 1076,3720 1126,3715 1176,3713 1226,3709 1276,3705 1326,3700 1376,3697 1426,3695 1476,3694 1526,3691 1576,3689 1626,3687 1676,3686 1726,3684 1776,3683 1826,3680 1876,3678 1926,3675 1976,3673 2026,3674 2076,3675 2126,3675 2176,3677 2226,3673 2276,3669 2326,3668 2376,3665 2426,3662 2476,3661 2526,3658 2576,3655 2626,3652 2676,3650 2726,3648 2776,3646 2826,3644 2876,3638 2904,3636"/>
        <Word id="word_1dca615e-92a6-450f-b9aa-a099d3759745">
          <Coords points="870,3704 920,3695 975,3692 1025,3690 1073,3685 1097,3683 1102,3727 1077,3730 1026,3735 976,3737 928,3739 878,3748"/>
          <TextEquiv>
            <Unicode>voor</Unicode>
          </TextEquiv>
        </Word>
        <Word id="word_cc21ede4-fc83-444e-a119-f1cf4fae4f9d">
          <Coords points="1159,3677 1178,3678 1223,3674 1273,3670 1323,3665 1374,3662 1425,3660 1475,3659 1524,3656 1575,3654 1606,3653 1608,3698 1576,3699 1527,3701 1476,3704 1426,3705 1377,3707 1327,3710 1277,3715 1227,3719 1175,3723 1156,3722"/>
          <TextEquiv>
            <Unicode>gehouden</Unicode>
          </TextEquiv>
        </Word>
        <Word id="word_843f7cd4-d785-4fce-9d2d-b22606f6495c">
          <Coords points="1665,3651 1677,3651 1725,3649 1775,3648 1824,3645 1875,3643 1924,3640 1975,3638 2003,3639 2002,3684 1976,3683 1927,3685 1876,3688 1827,3690 1776,3693 1726,3694 1676,3696 1663,3695"/>
          <TextEquiv>
            <Unicode>Beijst</Unicode>
          </TextEquiv>
        </Word>
        <Word id="word_79bbbb8f-b593-48f2-b754-8ebd2622b6e5">
          <Coords points="2059,3640 2077,3640 2126,3640 2173,3642 2171,3687 2126,3685 2076,3685 2058,3685"/>
          <TextEquiv>
            <Unicode>d'</Unicode>
          </TextEquiv>
        </Word>
        <Word id="word_fb1583b5-521a-4479-becb-d8da0a2c4087">
          <Coords points="2221,3645 2269,3635 2325,3633 2338,3632 2340,3677 2326,3678 2278,3679 2230,3689"/>
          <TextEquiv>
            <Unicode>E.</Unicode>
          </TextEquiv>
        </Word>
        <Word id="word_95f0b632-9694-4a36-ba88-76b6625e0ee0">
          <Coords points="2394,3629 2424,3627 2475,3626 2524,3623 2574,3620 2624,3617 2675,3615 2725,3613 2775,3611 2825,3609 2872,3603 2901,3601 2904,3646 2877,3648 2826,3654 2776,3656 2726,3658 2676,3660 2627,3662 2577,3665 2527,3668 2476,3671 2427,3672 2397,3674"/>
          <TextEquiv>
            <Unicode>Compagnie</Unicode>
          </TextEquiv>
        </Word>
        <TextEquiv conf="0.8898365481233912">
          <Unicode>voor gehouden Beijst d' E. Compagnie</Unicode>
        </TextEquiv>
        <TextStyle xHeight="45"/>
      </TextLine>
      <TextLine id="f42c6fe9-2079-40ea-8413-a1e23622e88e">
        <Coords points="819,3767 889,3768 909,3756 949,3752 973,3736 1010,3736 1045,3770 1073,3778 1209,3779 1233,3763 1307,3759 1334,3771 1365,3768 1417,3720 1821,3724 1865,3688 1921,3684 1976,3711 2060,3735 2105,3763 2141,3759 2160,3762 2176,3778 2201,3778 2228,3752 2261,3747 2332,3679 2643,3679 2676,3704 2696,3704 2708,3692 2896,3691 2952,3695 2964,3704 3010,3704 3021,3694 3021,3774 3012,3764 2940,3765 2888,3797 2320,3801 2268,3853 2248,3861 2060,3861 2032,3836 1825,3837 1813,3828 1753,3828 1661,3909 1529,3908 1521,3900 1441,3896 1333,3901 1297,3868 1245,3868 1225,3885 1149,3889 992,3885 984,3893 969,3880 819,3880"/>
        <Baseline points="858,3865 908,3859 958,3855 1008,3853 1058,3851 1108,3846 1158,3843 1208,3841 1258,3836 1308,3831 1358,3828 1408,3827 1458,3824 1508,3821 1558,3818 1608,3815 1658,3813 1708,3812 1758,3809 1808,3807 1858,3806 1908,3804 1958,3801 2008,3797 2058,3794 2108,3794 2158,3789 2208,3785 2258,3784 2308,3780 2358,3778 2408,3777 2458,3775 2508,3772 2558,3770 2608,3768 2658,3768 2708,3764 2758,3763 2808,3762 2858,3761 2908,3759 2958,3757 2983,3755"/>
        <Word id="word_8ad04846-5043-4f78-9e42-91b136419168">
          <Coords points="854,3830 904,3824 955,3820 1007,3818 1057,3816 1057,3816 1061,3861 1058,3861 1008,3863 959,3865 909,3869 859,3875"/>
          <TextEquiv>
            <Unicode>noch</Unicode>
          </TextEquiv>
        </Word>
        <Word id="word_28de679a-ef55-4f1d-9860-481f8380da5d">
          <Coords points="1109,3811 1156,3808 1207,3806 1255,3801 1305,3796 1356,3793 1363,3793 1363,3838 1359,3838 1309,3841 1259,3846 1208,3851 1159,3853 1111,3856"/>
          <TextEquiv>
            <Unicode>drije</Unicode>
          </TextEquiv>
        </Word>
        <Word id="word_49a182db-4e92-4375-b38d-508a90b65902">
          <Coords points="1412,3792 1456,3789 1506,3786 1556,3783 1606,3780 1657,3778 1666,3778 1667,3823 1658,3823 1609,3825 1559,3828 1509,3831 1459,3834 1415,3837"/>
          <TextEquiv>
            <Unicode>naest</Unicode>
          </TextEquiv>
        </Word>
        <Word id="word_7fe0a432-766c-4d44-b0d4-cd15225b891c">
          <Coords points="1715,3777 1756,3774 1807,3772 1857,3771 1907,3769 1956,3766 2005,3762 2056,3759 2108,3759 2119,3758 2123,3803 2108,3804 2059,3804 2009,3807 1959,3811 1908,3814 1858,3816 1808,3817 1759,3819 1718,3822"/>
          <TextEquiv>
            <Unicode>volgende</Unicode>
          </TextEquiv>
        </Word>
        <Word id="word_8bc5301f-c254-4909-9db0-05e8f5310352">
          <Coords points="2170,3753 2206,3750 2257,3749 2305,3745 2357,3743 2407,3742 2457,3740 2475,3739 2477,3784 2458,3785 2408,3787 2358,3788 2309,3790 2258,3794 2209,3795 2174,3797"/>
          <TextEquiv>
            <Unicode>jaeren</Unicode>
          </TextEquiv>
        </Word>
        <Word id="word_0e41aab9-114e-4495-bf68-daf96e8edcb0">
          <Coords points="2526,3736 2557,3735 2607,3733 2629,3733 2629,3778 2608,3778 2558,3780 2528,3781"/>
          <TextEquiv>
            <Unicode>te</Unicode>
          </TextEquiv>
        </Word>
        <Word id="word_e477f0ae-0404-43d1-9632-a66bb72c72b9">
          <Coords points="2674,3733 2703,3729 2757,3728 2807,3727 2857,3726 2907,3724 2957,3722 2980,3720 2984,3765 2958,3767 2908,3769 2858,3771 2808,3772 2758,3773 2709,3774 2681,3778"/>
          <TextEquiv>
            <Unicode>dienen</Unicode>
          </TextEquiv>
        </Word>
        <TextEquiv conf="0.888685359957675">
          <Unicode>noch drije naest volgende jaeren te dienen</Unicode>
        </TextEquiv>
        <TextStyle xHeight="44"/>
      </TextLine>
      <TextLine id="line_933b89c0-ba8e-448f-b23f-34e89d18aae7">
        <Coords points="837,3879 965,3879 980,3892 1215,3888 1267,3844 1481,3844 1499,3829 1815,3828 1831,3840 2031,3835 2059,3860 2251,3860 2307,3816 2735,3816 2767,3840 2992,3834 2992,3914 2775,3917 2751,3936 2735,3936 2719,3952 2443,3960 2343,3955 2299,3935 2003,3936 1875,3940 1847,3956 1587,3952 1475,3964 1291,3968 1231,3976 1223,3984 837,3988"/>
        <Baseline points="876,3978 926,3978 976,3977 1026,3974 1076,3972 1126,3970 1176,3968 1226,3965 1276,3962 1326,3960 1376,3957 1426,3954 1476,3953 1526,3950 1576,3946 1626,3943 1676,3941 1726,3940 1776,3937 1826,3935 1876,3933 1926,3932 1976,3930 2026,3929 2076,3929 2126,3926 2176,3924 2226,3921 2276,3917 2326,3915 2376,3915 2426,3912 2476,3910 2526,3908 2576,3906 2626,3904 2676,3901 2726,3900 2776,3898 2826,3897 2876,3896 2926,3895 2954,3895"/>
        <Word id="word_fbfba233-4b97-447a-baf1-0ffe9fba62fa">
          <Coords points="876,3943 926,3943 975,3942 1024,3939 1075,3937 1125,3935 1175,3933 1224,3930 1247,3929 1250,3974 1227,3975 1176,3978 1126,3980 1076,3982 1027,3984 976,3987 926,3988 876,3988"/>
          <TextEquiv>
            <Unicode>tnieuwe</Unicode>
          </TextEquiv>
        </Word>
        <Word id="word_ee59615e-2cf5-4b3b-885e-14879de18f9d">
          <Coords points="1302,3925 1325,3925 1374,3922 1424,3919 1475,3918 1524,3915 1573,3911 1624,3908 1675,3906 1725,3905 1726,3905 1729,3950 1726,3950 1676,3951 1627,3953 1577,3956 1527,3960 1476,3963 1427,3964 1377,3967 1326,3970 1302,3970"/>
          <TextEquiv>
            <Unicode>verbandt</Unicode>
          </TextEquiv>
        </Word>
        <Word id="word_dd6ff0dd-3b91-4938-9762-e814964c6c74">
          <Coords points="1780,3902 1825,3900 1875,3898 1925,3897 1975,3895 1994,3895 1995,3940 1976,3940 1926,3942 1876,3943 1826,3945 1782,3947"/>
          <TextEquiv>
            <Unicode>ende</Unicode>
          </TextEquiv>
        </Word>
        <Word id="word_39910c0f-77d6-487d-81b9-f2b0758ef2d2">
          <Coords points="2049,3894 2077,3894 2124,3891 2175,3889 2224,3886 2273,3882 2325,3880 2376,3880 2424,3877 2475,3875 2525,3873 2575,3871 2625,3869 2674,3866 2725,3865 2739,3864 2741,3909 2726,3910 2677,3911 2626,3914 2576,3916 2526,3918 2476,3920 2427,3922 2376,3925 2326,3925 2277,3927 2227,3931 2176,3934 2127,3936 2076,3939 2048,3939"/>
          <TextEquiv>
            <Unicode>verbeteringhe</Unicode>
          </TextEquiv>
        </Word>
        <Word id="word_61a5ba46-bb2c-4fa6-9098-4581feda58e6">
          <Coords points="2794,3862 2826,3862 2875,3861 2925,3860 2954,3860 2954,3905 2926,3905 2876,3906 2826,3907 2794,3907"/>
          <TextEquiv>
            <Unicode>van</Unicode>
          </TextEquiv>
        </Word>
        <TextEquiv conf="0.9101611133110282">
          <Unicode>tnieuwe verbandt ende verbeteringhe van</Unicode>
        </TextEquiv>
        <TextStyle xHeight="40"/>
      </TextLine>
      <TextLine id="ae7b585c-9f25-491e-af11-265155a83916">
        <Coords points="838,3990 1236,3982 1264,3970 1476,3966 1560,3954 1844,3954 1872,3942 1943,3938 2307,3937 2343,3954 2719,3954 2739,3934 2751,3934 2767,3921 2855,3925 2883,3947 2928,3947 2928,4027 2687,4038 2663,4050 2627,4054 2239,4058 2231,4066 2139,4070 1872,4070 1840,4074 1832,4082 1684,4082 1640,4086 1604,4118 1576,4122 1112,4114 1092,4118 980,4221 838,4225"/>
        <Baseline points="877,4125 927,4123 977,4118 1027,4115 1077,4110 1127,4106 1177,4103 1227,4100 1277,4099 1327,4094 1377,4090 1427,4088 1477,4086 1527,4083 1577,4079 1627,4077 1677,4076 1727,4071 1777,4068 1827,4066 1877,4063 1927,4061 1977,4059 2027,4056 2077,4053 2127,4052 2177,4051 2227,4050 2277,4049 2327,4047 2377,4047 2427,4044 2477,4041 2527,4039 2577,4037 2627,4035 2677,4032 2727,4029 2777,4026 2827,4019 2877,4013 2890,4008"/>
        <Word id="word_0bedd163-06b3-4d84-9523-67ad395fb617">
          <Coords points="876,4090 926,4088 974,4083 1025,4080 1074,4075 1124,4071 1175,4068 1180,4068 1182,4113 1178,4113 1128,4116 1078,4120 1028,4125 978,4128 927,4133 877,4135"/>
          <TextEquiv>
            <Unicode>gagie</Unicode>
          </TextEquiv>
        </Word>
        <Word id="word_95eceee1-ee28-4466-aad7-0836c3fc0ca0">
          <Coords points="1243,4064 1277,4064 1324,4059 1374,4055 1426,4053 1476,4051 1485,4050 1488,4095 1477,4096 1427,4098 1378,4100 1328,4104 1277,4109 1243,4109"/>
          <TextEquiv>
            <Unicode>dato</Unicode>
          </TextEquiv>
        </Word>
        <Word id="word_81911f82-8123-4ef2-9f18-ef75dc65ad9c">
          <Coords points="1545,4047 1574,4044 1626,4042 1676,4041 1724,4036 1775,4033 1826,4031 1851,4029 1854,4074 1827,4076 1778,4078 1728,4081 1677,4086 1627,4087 1578,4089 1549,4092"/>
          <TextEquiv>
            <Unicode>deses</Unicode>
          </TextEquiv>
        </Word>
        <Word id="word_00491ca7-a031-486b-b5ef-c9d506dac550">
          <Coords points="1915,4026 1928,4026 1976,4024 2025,4021 2075,4018 2126,4017 2176,4016 2226,4015 2276,4014 2326,4012 2377,4012 2401,4010 2404,4055 2377,4057 2327,4057 2277,4059 2227,4060 2177,4061 2127,4062 2078,4063 2028,4066 1977,4069 1927,4071 1914,4071"/>
          <TextEquiv>
            <Unicode>aenvanck</Unicode>
          </TextEquiv>
        </Word>
        <Word id="word_6614cef6-616d-4ff9-a65e-fa9445200552">
          <Coords points="2462,4007 2475,4006 2526,4004 2576,4002 2626,4000 2675,3997 2725,3994 2775,3991 2822,3984 2873,3978 2877,3975 2894,4017 2878,4023 2828,4029 2778,4036 2728,4039 2678,4042 2627,4045 2577,4047 2527,4049 2478,4051 2465,4052"/>
          <TextEquiv>
            <Unicode>nemende</Unicode>
          </TextEquiv>
        </Word>
        <TextEquiv conf="0.9536135807875658">
          <Unicode>gagie dato deses aenvanck nemende</Unicode>
        </TextEquiv>
        <TextStyle xHeight="48"/>
      </TextLine>
    </TextRegion>
    <TextRegion id="region_7a7afb9c-a20b-4920-8246-567ba7aace09">
      <Coords points="0,712 213,712 213,732 0,732"/>
      <TextLine id="e18c1da3-bdb6-486e-99e6-aafed5e3da89">
        <Coords points="0,632 222,636 249,659 249,738 161,732 125,756 0,755"/>
        <Baseline points="0,724 50,719 100,718 150,721 200,720 211,719"/>
        <Word id="word_2522c547-ad61-4d13-a1dd-1dbf15809790">
          <Coords points="0,689 47,684 99,683 152,686 199,685 208,684 212,729 200,730 149,731 100,728 51,729 1,734"/>
          <TextEquiv>
            <Unicode>ig</Unicode>
          </TextEquiv>
        </Word>
        <TextEquiv conf="0.23873754493820412">
          <Unicode>ig</Unicode>
        </TextEquiv>
        <TextStyle xHeight="96"/>
      </TextLine>
    </TextRegion>
    <TextRegion id="e8d07139-68e8-4e7e-98c9-710b4734e9df">
      <Coords points="713,726 765,726 765,740 713,740"/>
      <TextLine id="ea936787-8264-4827-ac25-9039b10b2a13">
        <Coords points="674,733 687,721 743,701 774,678 802,672 802,751 674,751"/>
        <Baseline points="713,732 763,732 764,732"/>
        <Word id="word_821fb680-fd0a-412a-823e-998ec4a638a1">
          <Coords points="713,697 763,697 764,697 764,742 763,742 713,742"/>
          <TextEquiv>
            <Unicode>ƒ</Unicode>
          </TextEquiv>
        </Word>
        <TextEquiv conf="0.5133865475654602">
          <Unicode>ƒ</Unicode>
        </TextEquiv>
        <TextStyle xHeight="20"/>
      </TextLine>
    </TextRegion>
  </Page>
</PcGts>
