3703 4828
1016 511 1400 564 augustus
1446 509 1639 557 1846

1191 710 1250 755 An
1278 707 1339 753 14
1366 703 1457 751 d.o
1486 704 1783 754 verschijne
1810 708 1870 755 t,
1900 707 2077 753 alhier
2106 707 2226 754 mede
2254 711 2344 757 ter
2372 713 2491 760 rede
2519 713 2699 759 tfluyt
2726 716 2875 762 schip
2903 712 3201 759 Bdeenstede

1181 888 1216 937 A
1242 881 1302 929 15
1328 874 1389 924 en
1414 868 1476 916 16
1503 861 1591 911 d.o
1619 860 1766 906 niets
1794 860 2145 907 voorgevallen

1161 1073 1215 1122 An
1234 1068 1290 1119 17
1311 1060 1366 1110 d.
1388 1057 1416 1103 o
1442 1057 1595 1104 become
1620 1059 1799 1107 missive
1824 1062 2054 1108 gedateert
2079 1063 2131 1110 n.
2156 1066 2183 1111 o
2207 1067 2336 1113 sneij
2360 1069 2463 1116 ende
2488 1071 2872 1121 anderepampieren
2896 1077 2974 1124 van
2998 1080 3050 1126 ee
3075 1081 3229 1129 pperco
3254 1085 3458 1135 opluyden

1359 1150 1422 1200 s.
1450 1148 1481 1193 r
1510 1147 1719 1194 Martius
1748 1150 1986 1199 d'Vroede
2016 1154 2136 1201 ende
2164 1157 2344 1208 Thomas
2372 1164 2642 1217 Cuijckp:r
2670 1173 2968 1223 Battamaers
2997 1179 3116 1225 over

1364 1236 1684 1284 Masulipatain
1710 1240 1896 1290 daerbij
1922 1245 2055 1292 onder
2081 1247 2268 1298 anderen
2293 1254 2480 1304 Verneme
2506 1260 2585 1306 hoe
2612 1261 2666 1308 't
2691 1264 2878 1312 Jappans
2903 1268 3276 1322 schuijtszilver

1359 1331 1473 1376 door
1501 1332 1587 1379 den
1614 1334 1983 1385 topvercoopman
2011 1340 2211 1390 Martius
2238 1346 2296 1392 d'
2323 1347 2494 1395 Vroede
2521 1350 2635 1397 naer
2664 1352 3062 1405 C'assunabasaer
3089 1361 3347 1418 vervoerdt

1359 1425 1524 1471 aldaer
1551 1426 1634 1473 ten
1661 1428 1826 1478 prijse
1853 1434 1937 1482 van
1963 1438 2019 1484 N.
2045 1440 2073 1485 o
2100 1440 2183 1486 33„
2210 1442 2265 1488 3½
2293 1443 2321 1488 a
2347 1444 2431 1489 3/¾
2457 1445 2622 1492 anna't
2650 1447 2843 1495 lhollme
2869 1450 2925 1496 to
2951 1452 3171 1504 Vercocht
3199 1457 3379 1505 hadde,

1341 1522 1471 1569 sulcx
1497 1522 1652 1567 daerop
1677 1523 1936 1572 redelijcke
1961 1527 2143 1577 advance
2167 1533 2323 1583 vallen
2348 1538 2452 1585 sal,
2477 1541 2530 1587 d'
2555 1542 2685 1588 sijde
2709 1543 2788 1589 was
2812 1544 2864 1589 in
2890 1544 3123 1591 saydabath
3148 1543 3331 1591 alsmede

1345 1621 1454 1668 door
1480 1619 1536 1665 't
1563 1619 1726 1665 stercq
1753 1620 1917 1668 woelen
1944 1623 2081 1671 vande
2107 1626 2272 1676 aghase
2298 1632 2599 1683 Coopluijden
2624 1639 2706 1686 van
2733 1639 2816 1685 19½
2842 1640 2951 1686 anne
2978 1641 3061 1687 tot
3087 1641 3170 1688 22½
3196 1642 3337 1693 anne—

1347 1722 1400 1769 't
1424 1720 1556 1768 potty
1582 1720 1687 1765 ofte
1712 1719 1818 1765 ceer
1843 1720 2131 1770 gesteygert,
2157 1725 2209 1770 d'
2235 1725 2367 1772 sijde
2392 1728 2526 1778 bleef
2548 1735 2653 1781 noch
2679 1736 2784 1781 even
2810 1736 2941 1782 duer,
2966 1737 3072 1783 ende
3097 1738 3229 1785 nuets
3254 1741 3334 1789 den

1348 1822 1641 1868 regentheijt
1668 1823 1748 1868 hoe
1774 1823 1934 1869 langer
1961 1823 2041 1869 hoe
2067 1824 2281 1872 sleghter
2307 1827 2414 1875 oocq
2440 1831 2520 1878 was
2547 1833 2654 1880 door
2680 1836 3213 1888 septenwberaenstaende
3239 1840 3406 1888 daerin

1350 1921 1457 1969 geen
1484 1921 1750 1970 beterschap
1775 1926 1829 1972 te
1855 1927 2147 1975 verwachten,
2174 1930 2253 1976 als
2280 1931 2520 1980 weanneere
2545 1936 2732 1988 Nlieuwe
2757 1943 2892 1994 sijde
2917 1950 3051 1998 weder
3073 1951 3317 1999 uijtcompt

1342 2023 1402 2071 39
1427 2017 1604 2066 packen
1633 2017 1780 2065 lagen
1807 2022 1867 2068 in
1894 2025 2156 2074 saydabath
2185 2028 2417 2075 veerdich

1346 2144 1396 2190 op
1417 2142 1495 2190 den
1519 2142 1620 2191 4=en
1644 2145 1770 2191 Julij
1794 2146 1968 2191 bequame
1993 2146 2043 2191 d'
2068 2146 2168 2191 onse
2192 2147 2268 2193 van
2291 2149 2467 2196 Jaspaar
2491 2152 2666 2199 Janssen
2689 2155 2789 2201 koos
2814 2156 3014 2204 schipper
3038 2160 3089 2206 op
3113 2161 3163 2207 't
3188 2160 3362 2207 galjot—

1332 2232 1387 2281 d'
1411 2233 1573 2280 Boracq
1599 2233 1786 2280 tydinge
1813 2235 1894 2281 hoe
1919 2237 2000 2282 dat
2026 2237 2080 2283 op
2106 2238 2188 2284 28.
2213 2240 2240 2286 e
2266 2241 2401 2287 Iunij
2426 2243 2534 2290 door
2559 2246 2720 2294 groten
2746 2249 2880 2295 storm
2906 2250 2960 2297 en
2986 2252 3176 2301 ouweder

1348 2319 1426 2367 van
1451 2320 1529 2366 sin
1554 2321 1708 2368 ancker
1733 2323 1939 2371 gespilt,
1964 2326 2015 2372 en
2041 2327 2119 2372 een
2143 2328 2247 2374 mijl
2271 2329 2375 2376 inde
2400 2331 2529 2379 bocht
2554 2334 2631 2381 van
2655 2335 2888 2384 Arrexkean
2912 2339 3144 2385 besuijden
3168 2340 3220 2385 d'
3246 2340 3377 2389 mondt

1366 2417 1537 2465 vande
1571 2418 1775 2466 ganges
1809 2421 2151 2470 gesttromet
2185 2425 2290 2474 Was

1347 2538 1457 2588 den
1492 2537 1925 2586 ondercoopman
1961 2541 2180 2589 Louijs
2213 2546 2431 2596 Junius
2465 2553 2647 2603 hadde
2679 2558 2754 2605 In
2790 2560 3042 2608 pattana
3077 2561 3330 2609 omtrent

1333 2637 1455 2693 3000
1483 2634 1514 2681 M
1543 2631 2021 2679 ongeraffineerden
2049 2635 2288 2682 salpeter
2316 2638 2554 2688 veersich
2584 2643 2793 2695 welcque
2822 2651 2912 2698 van
2941 2653 3179 2700 meeninge
3209 2650 3358 2700 bleef

1332 2725 1421 2778 den
1448 2723 1533 2769 24.
1560 2724 1617 2770 en
1644 2723 1786 2769 Junij
1813 2723 1898 2769 met
1926 2724 2011 2770 den
2038 2725 2292 2777 adsistent
2320 2733 2460 2781 frans
2488 2736 2771 2788 sanetvoort
2798 2744 2995 2794 t'water
3023 2750 3136 2796 naer
3163 2750 3333 2799 onglij

1338 2817 1397 2863 te
1424 2815 1684 2863 laageren,
1712 2818 1770 2864 en
1798 2818 1913 2864 noch
1941 2819 2143 2869 omtrent
2170 2823 2286 2870 2700
2314 2825 2372 2873 M:
2400 2828 2545 2876 vande
2572 2832 2803 2880 salpeter
2831 2836 3032 2886 luijden
3060 2841 3377 2889 t'ontfangen

1336 2923 1467 2969 den
1510 2921 2034 2972 oppercoopman
2074 2926 2339 2975 Thomas
2382 2931 2515 2981 van
2556 2938 2818 2989 Cuijck
2861 2944 2993 2990 was
3035 2942 3210 2990 naer

1335 3014 1578 3067 Illesoor
1608 3014 1817 3060 geweest
1847 3015 1969 3062 omme
1997 3018 2088 3065 den
2116 3020 2267 3068 kabab
2297 3023 2569 3077 Matchagan
2596 3033 2689 3081 met
2715 3037 3047 3087 schenckagie
3076 3042 3136 3088 te
3166 3041 3286 3088 gaen

1333 3109 1609 3157 bespecken,
1636 3111 1747 3156 ende
1774 3111 1939 3158 naedat
1967 3113 2161 3162 gemelte
2187 3117 2492 3169 schenckagie
2518 3125 2630 3174 door
2656 3130 2877 3178 gemelten
2904 3133 3070 3183 Cuijck
3097 3138 3373 3185 overgelev.
3400 3140 3428 3185 t

1330 3197 1454 3243 ende
1484 3197 1577 3243 hem
1607 3198 1700 3245 den
1730 3201 2038 3252 doostslagh
2068 3208 2253 3257 aenden
2283 3213 2652 3267 ondercoopman
2682 3223 2774 3269 Van
2805 3223 2929 3269 Bost
2958 3225 3112 3273 salr.
3142 3227 3327 3275 behaen

1330 3294 1655 3342 aengediendt
1684 3295 1802 3341 was,
1831 3297 1949 3344 ende
1978 3300 2125 3348 recht
2154 3303 2390 3354 daerover
2418 3310 2684 3363 versoght,
2712 3319 2860 3365 heeft
2888 3319 3254 3369 meergemelten

1322 3389 1463 3438 Nabab
1491 3390 1716 3437 belooft,
1742 3393 1883 3439 sulcx
1910 3396 1995 3444 int
2021 3400 2163 3450 wercq
2189 3406 2246 3451 te
2273 3407 2470 3456 stellen
2496 3411 2582 3457 soo
2609 3413 2749 3459 hadde
2776 3414 2833 3461 d'
2861 3416 3057 3463 firmans
3084 3414 3336 3462 Vernieuws

1324 3488 1439 3534 ende
1468 3488 1785 3535 toegesteght
1814 3490 1872 3535 d'
1901 3490 2017 3539 onse
2044 3494 2161 3540 alle
2189 3495 2362 3543 faveur
2390 3498 2450 3545 te
2477 3501 2738 3559 bewijsen—

1114 3626 1363 3704 Seecker
1394 3620 1712 3670 portingee
1746 3621 2096 3670 Vacrtmijch
2130 3624 2377 3672 alldaer
2411 3628 2517 3676 van
2551 3632 2867 3687 Nagapatam
2900 3643 3250 3696 aengecomen
3282 3648 3321 3696 —

1299 3716 1453 3764 heeft
1482 3716 1942 3763 d'Nlaesvolgende
1971 3718 2431 3772 Coopmanschappen
2460 3728 2706 3775 gebraght
2736 3731 2798 3777 en
2825 3731 2919 3778 tot
2950 3731 3286 3781 d'onstaende

1295 3804 1480 3851 Prijse
1510 3806 1756 3852 vercocht
1785 3808 2124 3860 namentlijck
2152 3816 2276 3866 thin
2305 3822 2399 3869 ar.
2427 3825 2458 3871 o
2489 3826 2550 3871 25
2581 3826 2611 3871 8
2642 3826 2949 3875 andelhoudt
2978 3831 3010 3876 a
3040 3832 3102 3877 32
3131 3831 3410 3878 spiaulter

1320 3896 1376 3942 in
1403 3895 1598 3941 trocque
1625 3896 1710 3942 van
1736 3897 1905 3944 Cleden
1931 3900 1959 3946 a
1986 3901 2043 3947 27
2070 3903 2266 3955 arreecq
2292 3911 2349 3958 r.
2375 3914 2405 3961 a
2431 3918 2488 3964 3½
2514 3921 2654 3968 peper
2680 3924 2738 3972 15
2764 3928 2820 3974 r.
2847 3929 2876 3975 o
2903 3930 2958 3975 d'
2986 3930 3070 3978 man
3097 3934 3182 3980 Van
3208 3937 3237 3982 l
3264 3938 3320 3984 68
3347 3940 3377 3986 —

1320 3992 1443 4039 ende
1474 3991 1659 4037 andere
1689 3991 2152 4044 Coopmanschappen
2182 4000 2552 4055 naeraevenant

1316 4109 1418 4155 den
1450 4106 1620 4153 regen
1653 4105 1823 4153 hadde
1857 4108 1959 4156 dit
1991 4112 2127 4161 Iaer
2160 4117 2296 4165 door
2329 4120 2398 4167 d'
2431 4122 2938 4176 overvloedicheyt
2971 4126 3310 4176 derwaerdts

1323 4200 1495 4247 groote
1523 4199 1724 4245 schaede
1752 4200 1896 4247 Inden
1923 4203 2010 4249 rys
2037 4204 2238 4254 gedaen,
2266 4210 2410 4258 edoch
2437 4215 2724 4268 verthoonde
2752 4224 2866 4270 sich
2894 4221 3238 4271 wedertreffel
3264 4218 3413 4268 sulcx

1317 4292 1442 4340 naer
1472 4289 1597 4337 alle
1628 4289 1938 4337 apparentie
1968 4293 2062 4341 dit
2092 4296 2217 4344 Iaer
2246 4300 2340 4346 een
2370 4302 2650 4360 redelijck
2679 4317 2804 4363 rijs
2834 4318 2959 4364 saer
2989 4319 3144 4365 wesen
3174 4320 3268 4369 sal
