3567 4801
2710 531 2902 604 918

730 604 1084 665 Januarij
1125 592 1305 645 1645

950 754 1314 810 verseeckeren
1343 753 1435 801 met
1463 753 1616 801 Hooge
1644 753 1796 800 Edden
1824 751 2188 798 verclaerende
2217 750 2308 799 dat
2337 752 2398 798 't
2428 750 2639 797 genehem
2667 741 2851 795 Wegens

2908 740 2942 785 _

962 866 1016 911 't
1041 857 1337 910 gepasseerde
1364 857 1417 903 In
1444 857 1712 903 hasiemahol
1738 855 1793 901 te
1819 851 1954 899 laste
1980 850 2195 897 geleijdt
2221 850 2382 896 wierdt
2408 848 2516 894 niet
2543 846 2704 893 anders
2730 845 2812 892 als

933 967 1171 1024 versiert
1200 963 1320 1010 was,
1350 961 1469 1008 ende
1499 960 1648 1006 noijt
1677 958 1827 1005 ijets
1856 957 1946 1003 tot
1975 953 2274 1002 achterdeel
2299 948 2452 998 vande
2481 947 2541 994 E.
2570 948 2869 996 Compagnie—

951 1085 1089 1133 aende
1115 1080 1283 1130 prince
1310 1073 1587 1125 geschreven
1614 1068 1753 1116 hadde
1779 1065 1891 1112 ende
1918 1063 2057 1110 alhoe
2084 1060 2168 1107 wel
2194 1058 2251 1104 d'
2276 1053 2389 1102 onse
2416 1054 2472 1101 't
2499 1053 2748 1100 Contrarie
2774 1046 2998 1098 volcomen

948 1189 1148 1243 bekendt
1173 1186 1261 1233 was
1287 1183 1374 1229 dat
1401 1180 1486 1227 hem
1514 1177 1628 1225 oock
1655 1173 1797 1221 houdt
1824 1171 1938 1218 uijt
1965 1170 2022 1216 te
2050 1166 2277 1214 verstaen
2304 1166 2474 1212 gaven,
2501 1161 2672 1210 hebben
2698 1157 2869 1205 echter

940 1299 1003 1345 om
1032 1293 1126 1342 dat
1156 1290 1218 1336 d'
1246 1285 1310 1334 E.
1339 1281 1618 1329 Compagnie
1648 1280 1772 1328 geen
1802 1277 2202 1325 verachteringe
2233 1274 2356 1322 Inde
2386 1270 2541 1318 Vente
2571 1269 2664 1315 van
2693 1264 2858 1314 haere

941 1393 1310 1452 aengebraghte,
1336 1390 1451 1437 ende
1479 1388 1536 1434 d'
1564 1386 1763 1433 procure
1790 1384 1933 1430 vande
1961 1379 2274 1429 vereijschte
2300 1376 2726 1427 Coopmanschappen
2753 1365 3067 1421 mietsgaders

932 1521 986 1566 d'
1008 1511 1170 1564 nodige
1194 1498 1538 1554 vertimmeringe
1564 1497 1643 1543 der
1669 1493 1854 1542 schepen
1880 1489 2012 1537 soude
2038 1487 2170 1534 Comen
2195 1486 2249 1532 te
2275 1483 2434 1530 lijden
2459 1482 2592 1528 sijne
2618 1476 3067 1528 aengepresenteerde

952 1620 1260 1671 vrundtschap
1287 1614 1623 1664 onderbelofte
1649 1613 1734 1659 van
1761 1611 1929 1658 d'onse
1957 1611 2013 1656 in
2041 1602 2321 1656 aenstaende
2345 1597 2460 1644 alle
2486 1592 2628 1641 hulpe
2655 1594 2711 1639 en
2739 1590 2906 1639 faveur

950 1753 1005 1801 te
1029 1747 1161 1797 laten
1185 1738 1396 1790 genieten
1420 1731 1762 1783 g'accepteert,
1787 1731 1892 1777 ende
1917 1729 1997 1776 met
2021 1724 2180 1774 eenien
2205 1723 2258 1768 d'
2284 1719 2545 1768 resterende
2571 1718 2599 1765 5
2619 1716 2702 1766 str
2727 1713 2989 1762 eliphanten

934 1875 1057 1926 voor
1085 1859 1415 1919 reeckeninge
1443 1853 1595 1904 vande
1624 1850 1804 1899 prince
1833 1848 1923 1895 aen
1952 1846 2043 1893 hem
2073 1846 2163 1892 ten
2192 1843 2372 1891 prijse
2402 1843 2491 1888 van
2521 1839 2671 1888 14000
2699 1833 2882 1882 ropias

946 1994 1220 2049 verkocht,
1249 1990 1401 2038 corts
1430 1986 1552 2034 naer
1581 1984 1672 2030 dit
1702 1976 2034 2028 Verhandelde
2064 1975 2155 2021 met
2185 1973 2487 2020 melcqbeecq
2516 1967 2849 2018 namentlijck

931 2127 1029 2176 den
1058 2119 1189 2170 18e.
1218 2110 1478 2162 November
1505 2108 1638 2156 quam
1668 2102 1862 2152 aldaer
1893 2100 1990 2147 den
2021 2097 2119 2143 Som
2150 2097 2247 2142 van
2279 2090 2760 2142 Miersrasulcarne

936 2242 1151 2302 Armenis
1181 2238 1396 2286 Cristen
1426 2235 1518 2282 van
1548 2224 1824 2280 Rasimahol
1851 2216 2221 2269 t'arriveren,
2250 2207 2587 2261 medesbreujg
2615 2203 2679 2251 en
2709 2200 2801 2246 een

919 2371 1067 2428 brief
1094 2359 1270 2413 vanden
1298 2352 1472 2403 Prince
1502 2350 1647 2397 aend'
1675 2347 1792 2395 onse
1820 2341 2170 2392 gededuceert,
2199 2338 2287 2385 ten
2314 2329 2636 2382 principaele
2664 2315 2956 2373 Inhoudende

926 2497 1013 2547 dat
1039 2488 1181 2540 sijne
1208 2481 1377 2532 Hooch.
1401 2478 1433 2526 t
1460 2475 1545 2522 des
1572 2468 1853 2519 Compagnies
1880 2464 2078 2513 saecken
2105 2461 2218 2508 door
2242 2452 2498 2506 genoemden
2525 2439 2751 2496 sulcarne

927 2616 1169 2671 dweersche
1193 2610 1354 2659 maelen
1380 2599 1726 2654 Voorgedraegen
1750 2594 1939 2644 waeren,
1963 2587 2151 2638 d'selve
2177 2586 2231 2631 in
2255 2572 2576 2629 behoorlijcke
2600 2563 2815 2617 achtinge
2841 2560 2976 2608 nemen

933 2734 1096 2785 wilde,
1122 2730 1231 2778 ende
1258 2727 1394 2775 goedt
1419 2720 1638 2770 gevonden
1664 2717 1801 2764 hadde
1827 2716 1909 2763 dat
1935 2713 2045 2761 self
2072 2706 2262 2758 voorhem
2288 2696 2614 2751 verschijnen,
2640 2691 2749 2740 ende
2777 2690 2858 2736 ons

924 2849 1166 2904 versoucq
1194 2839 1496 2893 mondelinge
1526 2837 1676 2883 soude
1706 2833 2007 2882 verthoonen
2036 2829 2157 2877 (met
2187 2824 2518 2874 toesegginge
2548 2823 2608 2869 d'
2636 2820 2699 2868 E.
2726 2803 2999 2863 Compagnie

924 2980 983 3027 en
1009 2973 1154 3024 aller
1181 2961 1583 3017 redelijckheijt
1611 2953 1955 3005 Contentement
1983 2950 2184 2998 becomen
2213 2948 2384 2995 soude,
2413 2948 2470 2993 't
2499 2945 2642 2993 welcq
2669 2942 2757 2989 bij
2785 2929 2958 2986 d'onse

930 3098 1165 3145 overleijt,
1187 3095 1282 3143 ende
1304 3090 1633 3140 geconsidireert
1656 3086 1844 3134 werdende
1867 3083 1961 3130 deer
1984 3081 2102 3128 goede
2125 3078 2290 3126 occatie
2310 3074 2383 3121 net
2405 3069 2664 3118 vruchteloos
2686 3066 2805 3114 swant
2826 3063 2902 3110 den

915 3219 1062 3275 prince
1084 3217 1132 3263 d'
1156 3215 1250 3262 onse
1273 3211 1438 3259 nuseese
1461 3209 1650 3256 nodight,
1672 3205 1862 3253 behoorde
1885 3205 1933 3250 te
1955 3199 2121 3249 asseren
2144 3195 2285 3243 hebben
2308 3188 2592 3239 geresolveert
2613 3183 2709 3231 sijn
2732 3179 2897 3229 hooch.t
2919 3176 2945 3223 —

915 3337 1158 3389 andermael
1184 3336 1239 3382 te
1264 3330 1400 3380 laten
1426 3323 1776 3375 Congratueeren
1802 3319 1911 3367 ende
1936 3316 2019 3363 tot
2044 3315 2179 3363 sulcx
2205 3312 2287 3359 den
2312 3301 2609 3356 ooercoopman
2633 3297 2717 3345 s.r
2741 3289 2904 3340 Thomas

905 3459 984 3506 van
1009 3454 1166 3503 Cuijck
1191 3453 1244 3498 te
1269 3444 1583 3498 committeren,
1608 3442 1713 3489 ende
1739 3440 1870 3487 alsoo
1895 3436 2053 3484 aldaer
2078 3434 2157 3481 met
2182 3429 2288 3478 geen
2313 3425 2444 3473 ydele
2467 3420 2626 3470 handen
2651 3411 2940 3464 verschijnen

906 3575 1039 3625 mogen
1065 3574 1169 3620 maer
1195 3562 1586 3618 noodsaeckelijck
1610 3560 1664 3607 om
1690 3559 1768 3605 tot
1794 3558 1846 3604 't
1871 3555 2002 3601 eynde
2026 3552 2106 3600 van
2132 3551 2211 3597 ons
2235 3546 2341 3595 oogh
2366 3540 2497 3590 mercq
2522 3539 2575 3585 te
2601 3536 2838 3584 geraecken

914 3698 989 3744 met
1013 3694 1087 3742 een
1110 3690 1234 3738 goede
1258 3679 1529 3734 schenckagie
1552 3677 1603 3723 g'
1627 3671 1971 3722 accompagnieert
1994 3668 2168 3715 dienen,
2191 3664 2339 3712 hebben
2363 3663 2413 3708 d'
2436 3662 2536 3708 onse
2560 3658 2659 3707 twee
2683 3650 2904 3703 wijffkens

910 3817 1180 3864 oliphanten
1207 3814 1288 3861 van
1315 3810 1424 3859 5000
1449 3807 1559 3854 ro/a
1581 3802 1666 3853 van
1693 3794 1963 3846 meecqbeeck
1990 3789 2207 3839 gekocht,
2232 3785 2369 3834 welck
2394 3777 2639 3828 beneffens
2665 3774 2774 3821 noch
2800 3769 2974 3818 eenige

907 3942 1066 4000 andere
1091 3935 1376 3986 Chericheden
1401 3932 1506 3979 naer
1530 3929 1661 3977 boven
1685 3924 1842 3974 stonde
1867 3920 2101 3969 vervoerdt
2127 3920 2179 3965 te
2204 3915 2386 3965 werden,
2410 3911 2489 3959 God
2513 3902 2774 3956 almachtich
2797 3898 2904 3946 geve

902 4066 987 4115 dat
1013 4057 1236 4110 daerdoor
1263 4051 1458 4102 eenmael
1484 4048 1679 4096 'tlangh
1706 4043 2011 4092 gedikreerde
2039 4038 2261 4088 voorseel
2287 4035 2427 4082 vande
2454 4028 2704 4079 Generaele
2731 4022 2899 4073 Comp=e

904 4185 1156 4238 erlangen
1185 4177 1344 4228 mogen

178 890 273 947 eerde

0 987 56 1034 alle

174 1826 246 1875 tie

186 2035 234 2080 pely

0 2456 31 2504 8
59 2452 238 2500 mooren

0 2674 137 2723 hebben

0 2791 218 2840 voeren,

104 3012 162 3057 bij
180 3010 220 3056 te

157 3568 189 3613 hem
