3451 4937
794 274 981 328 Tuno
1026 272 1210 318 anno
1255 273 1441 327 1646

1136 475 1433 526 verleenen,
1461 472 1611 520 edogh
1641 472 1818 517 houden
1848 472 1967 520 haer
1996 474 2293 521 noghaleven
2322 475 2678 528 hooghmoedigh
2707 480 2886 530 sonder
2914 486 2975 533 de
3003 490 3182 543 minste

1145 611 1304 662 minne
1335 608 1430 655 van
1459 599 1837 651 Eerbiedigh:t
1869 599 1932 644 te
1962 598 2151 644 willen
2183 599 2415 647 thoonen

914 745 1012 796 adn
1041 743 1107 789 6:
1135 738 1234 788 d:o
1264 735 1297 782 s
1327 729 1551 778 morgens
1581 725 1772 772 vroegh
1803 725 1995 773 senden
2025 728 2121 775 een
2152 728 2311 775 ander
2342 726 2691 772 Joncquinder
2722 727 2850 776 naet
2880 731 3072 783 Rovers
3103 739 3294 791 Eyland

1140 854 1230 904 met
1258 852 1318 899 de
1346 847 1492 896 Copie
1520 845 1608 892 der
1636 839 1812 889 voors:
1839 838 2073 885 missive,
2102 840 2277 887 nevens
2305 842 2509 890 apendix
2537 843 2626 889 tot
2654 843 3062 891 waerschouwinge
3090 847 3179 894 nae
3207 849 3266 896 't

1127 961 1359 1015 Paerlen
1392 957 1623 1006 Eijland
1656 956 1722 1002 te
1755 953 2085 1001 verseijlen
2118 953 2350 1000 hebben:
2382 956 2515 1004 omde
2547 959 2845 1007 arcquaron
2877 963 3209 1014 inteloopen

1127 1088 1224 1135 dat
1255 1088 1351 1133 hun
1381 1084 1510 1132 vrij
1540 1075 2052 1129 gelegenervallen,
2083 1075 2211 1121 ende
2242 1076 2434 1124 minder
2465 1078 2658 1125 hinder
2689 1080 2784 1126 als
2815 1080 3040 1128 vrijkel
3071 1084 3167 1131 bij
3198 1086 3265 1134 te

1120 1199 1597 1248 brengenstaet,

934 1327 1101 1378 Heden
1133 1324 1298 1372 comen
1330 1323 1463 1370 uijt
1495 1324 1857 1371 verscheijde
1889 1326 2087 1375 Coopl:
2117 1327 2219 1373 end
2251 1328 2382 1373 adre
2414 1328 2612 1377 voorde
2645 1332 2876 1382 waerh:t
2908 1337 2975 1384 te
3005 1341 3269 1392 verstaen

1106 1441 1202 1488 dat
1234 1440 1395 1487 sijne
1426 1438 1618 1485 maij:t
1650 1438 1715 1484 de
1746 1439 2003 1486 Chinesen
2034 1441 2130 1487 den
2162 1442 2356 1493 handel
2383 1446 2546 1494 soude
2577 1445 2835 1492 ontseijt
2867 1445 3091 1495 hebben,
3123 1450 3252 1497 ende

1125 1558 1451 1607 dierhalven,
1480 1557 1569 1603 aen
1597 1556 1717 1602 alle
1747 1556 2015 1608 desselffs
2043 1565 2251 1611 Capados
2279 1566 2428 1612 ordre
2457 1567 2665 1614 gegeven
2693 1568 2812 1614 hare
2842 1566 3079 1613 goederen
3108 1562 3258 1612 diese

1131 1680 1413 1730 vernamen,
1444 1680 1570 1727 door
1600 1681 1819 1727 deselve
1851 1681 2071 1729 gecocht
2101 1684 2226 1729 ofte
2256 1683 2509 1730 verkocht
2539 1685 2759 1736 wierden
2789 1691 2978 1738 souden
3006 1692 3260 1745 aenslaen

1138 1805 1226 1850 dat
1255 1805 1373 1852 (soo
1401 1806 1519 1852 sulx
1547 1805 1871 1852 waerachtigh
1900 1807 1988 1854 is)
2016 1808 2076 1855 de
2105 1808 2281 1855 Comp:e
2309 1810 2721 1866 salmedevallen,
2749 1821 2897 1867 alsoo
2925 1824 3278 1876 albeginselen

1087 1937 1287 1990 hadden
1320 1937 1582 1983 gemaect,
1615 1938 1681 1984 om
1713 1938 1878 1985 sijde
1910 1938 2241 1988 Soimongij,
2270 1944 2370 1990 baa
2403 1944 2534 1990 ende
2567 1944 2797 1992 hockjus
2830 1947 2896 1994 op
2928 1950 2994 1995 te
3027 1950 3224 1999 coopen

1109 2075 1241 2121 ende
1274 2072 1373 2120 tot
1404 2070 1735 2116 aenbrengen
1768 2071 2000 2120 vandien
2032 2075 2098 2122 de
2130 2077 2460 2131 Coopluyden
2493 2085 2823 2131 aengemaent
2856 2085 3120 2131 'twelcke
3152 2086 3285 2132 voor

1106 2205 1209 2254 als
1241 2204 1376 2250 nogh
1409 2204 1577 2250 gestr
1610 2202 1845 2248 blijft,
1878 2201 1946 2247 t'
1978 2201 2147 2250 onser
2180 2205 2615 2263 aengenaemh:t,
2649 2217 2985 2266 wantbuiten
3017 2220 3254 2270 twyffel

1892 2272 2169 2320 #sinderl.

1111 2351 1178 2400 de
1209 2348 1406 2395 Comp:e
1438 2347 1895 2395 alleenighsints
1989 2347 2123 2395 oude
2155 2348 2416 2396 gevallen
2448 2350 2644 2396 hebben
2676 2351 3002 2402 principael
3035 2355 3232 2402 indese

1135 2477 1469 2524 occurentien
1498 2476 1590 2522 dat
1621 2475 1712 2521 den
1742 2475 1925 2521 handel
1954 2476 2258 2522 tenaensien
2288 2477 2349 2522 by
2379 2478 2592 2525 voorige
2622 2476 2774 2525 Jaren
2803 2476 2925 2522 niet
2956 2476 3016 2521 te
3046 2475 3260 2523 gelyken

1140 2595 1230 2641 is,
1257 2595 1375 2641 nogh
1404 2594 1728 2640 eenighsints
1756 2595 2050 2641 voortgangh
2078 2594 2284 2640 neempt,
2313 2594 2754 2643 behalvendannogh
2782 2598 2930 2644 datse
2957 2598 3017 2644 de
3046 2598 3282 2645 goederen

1127 2711 1376 2763 duijrder
1407 2710 1500 2756 als
1530 2709 1592 2755 de
1623 2708 1810 2757 Comp:e
1838 2712 1962 2759 ende
1993 2712 2393 2759 bovendewaerde
2424 2714 2671 2762 betalen,
2701 2715 2794 2761 die
2825 2716 2918 2762 dan
2948 2717 3256 2768 voornemens

1096 2829 1279 2875 waren,
1310 2830 1371 2875 na
1401 2828 1554 2875 Japan
1584 2826 1860 2872 tevoeren:
1890 2826 2012 2872 maer
2043 2827 2257 2874 salhaer
2287 2829 2410 2876 door
2440 2832 2746 2884 ditsporlen
2776 2840 2868 2886 den
2898 2841 2990 2886 tyt
3020 2841 3235 2889 watcort

1133 2947 1466 2995 cortvallen,
1494 2945 1647 2992 sulcx
1677 2946 1767 2991 wel
1797 2944 2099 2991 genootsaet
2129 2944 2341 2993 mochten
2371 2949 2552 2999 werden
2582 2954 2673 3000 met
2702 2955 2914 3004 deselve
2943 2959 3036 3007 met
3064 2963 3248 3013 verder

1124 3069 1279 3115 danin
1310 3068 1464 3115 China
1495 3067 1712 3113 quamen,
1741 3065 1928 3112 gelijk
1958 3065 2083 3111 anno
2114 3066 2330 3115 passado
2361 3069 2454 3116 met
2484 3071 2608 3119 haer
2639 3074 3012 3126 uijtgevallen
3040 3083 3136 3134 is,
3164 3090 3261 3141 soo

1134 3188 1628 3239 affirmatijvelijk
1659 3188 1936 3235 verstaen,
1967 3188 2214 3234 alwaerde
2244 3187 2553 3238 Ioncquinse
2584 3193 2831 3239 goederen
2860 3194 3207 3250 overgelaten

1131 3315 1354 3364 hebben:
1386 3315 1513 3362 omme
1544 3313 1705 3360 desen
1736 3314 1863 3360 Jare
1893 3311 2118 3359 vandaer
2150 3312 2214 3358 na
2244 3312 2406 3358 Japan
2435 3313 2500 3359 te
2532 3311 2787 3359 stuijren
2818 3311 3074 3359 'twelcke
3105 3314 3298 3367 aldaer

1127 3451 1400 3508 comende
1438 3447 1708 3495 sekerst
1745 3441 1940 3492 staen
1977 3440 2055 3485 te
2094 3438 2403 3484 vernemen
2441 3439 2520 3487 /.

973 3578 1054 3627 Op
1090 3578 1207 3624 dat
1245 3575 1324 3623 's
1360 3572 1787 3619 namiddaghs,
1825 3569 1941 3618 den
1979 3568 2289 3615 Japander
2326 3571 2789 3626 Kisemondonne
2828 3581 2983 3628 inde
3021 3583 3214 3630 logie

1136 3685 1371 3735 gekomen
1404 3682 1671 3730 wesende,
1703 3680 1871 3727 wiste
1903 3678 1971 3725 te
2004 3677 2271 3724 verhalen
2303 3679 2404 3725 dat
2437 3681 2537 3728 den
2570 3683 2771 3732 Capado
2803 3687 3037 3736 Ongaton
3070 3691 3237 3737 vande

1137 3799 1366 3848 middagh
1397 3798 1529 3846 seer
1561 3792 1856 3843 schielijk
1888 3790 2018 3836 door
2050 3789 2149 3835 den
2181 3788 2410 3834 Coningh
2443 3789 2509 3834 te
2541 3789 2672 3835 Hove
2704 3790 2967 3838 ontboden
2998 3794 3131 3845 was,
3159 3801 3259 3847 ten

1131 3917 1339 3965 eijnde
1373 3913 1512 3961 over
1545 3909 1926 3958 eenigelaken
1960 3907 2064 3954 met
2098 3904 2410 3954 denselven
2443 3909 2582 3955 ende
2616 3909 2754 3955 syne
2789 3909 2962 3955 Raden
2996 3909 3273 3958 concilie

2971 4037 3142 4086 te
