3567 4883
1482 785 2065 840 Rijnsdaeh.
2121 785 2355 831 adij
2412 786 2530 834 26
2586 780 2878 829 Maert
2936 778 3052 824 ao
3109 771 3345 823 1646

1226 1074 1448 1144 jacht
1489 1059 2007 1117 grijpekercke
2048 1058 2221 1105 uijt
2264 1055 2479 1101 Leguw
2522 1056 2608 1102 op
2650 1054 2737 1103 1.
2779 1056 2866 1104 en
2908 1052 2951 1099 8
2993 1052 3349 1102 fluijten

1211 1198 1260 1245 d
1307 1185 1597 1241 welsf.
1644 1183 1693 1229 e
1740 1180 1886 1227 van
1932 1179 2318 1228 Mallacca
2365 1179 2463 1227 op
2510 1174 2752 1223 18„en
2792 1165 2943 1221 d„o
2991 1161 3184 1210 ende
3232 1159 3281 1206 —

1160 1291 1702 1352 Smaeslandt
1754 1288 1917 1335 van
1970 1285 2347 1333 Batavia
2399 1272 2615 1331 over
2666 1266 2884 1315 dien
2935 1260 3207 1311 wegen
3239 1256 3372 1305 op

1197 1424 1378 1478 22„e
1420 1413 1600 1465 daer
1642 1400 2134 1456 aenvolgende
2175 1399 2534 1447 behouden
2578 1395 2801 1447 (:Goe
2844 1389 2979 1438 sij
3023 1386 3335 1433 losse:)

1229 1529 1528 1579 alhier
1577 1522 1727 1573 ter
1775 1514 2074 1566 rheede
2119 1508 2819 1561 geparreseerdt,
2867 1500 3067 1553 ende
3116 1491 3265 1542 met

1188 1640 1558 1704 Gemelte
1610 1633 1876 1684 janht
1922 1627 2615 1680 grijpskercken
2668 1627 2827 1673 een
2879 1617 3357 1671 cargasoen

1255 1763 1396 1813 ter
1440 1756 1674 1808 somme
1720 1755 1860 1803 van
1906 1758 1953 1803 ƒ
1997 1758 2416 1812 43337„6„3
2461 1747 2648 1802 ende
2694 1745 2787 1791 d'
2833 1736 3158 1790 fruijdt
3204 1732 3298 1781 d'

1125 1878 1408 1951 welff
1462 1873 1742 1921 boven
1797 1867 2521 1917 tmancquerende
2575 1866 2744 1913 aen
2799 1865 2855 1910 t
2911 1862 3301 1910 voorige

1208 2015 1624 2080 Taijouans
1669 1999 1993 2057 project
2037 1998 2132 2044 88
2175 1997 2225 2044 @
2269 1995 2547 2043 theijl
2594 1987 2917 2040 Jappans
2963 1974 3334 2032 schuijdt

1218 2146 1505 2204 silver
1550 2127 2021 2189 diveersche
2066 2111 2773 2170 Coopmanschappen
2819 2106 3008 2155 ende
3054 2104 3102 2150 6
3148 2100 3344 2149 stxe

1209 2269 1695 2332 Eliphanten
1743 2257 2085 2312 t'samen
2133 2251 2279 2300 ter
2327 2237 2668 2294 monture
2716 2236 2863 2282 van
2911 2235 2961 2281 ƒ
3008 2238 3349 2286 286781/

1211 2396 1322 2451 1„
1370 2384 1482 2436 10
1534 2368 2071 2426 mitsgaders
2123 2360 2607 2412 maeslandt
2659 2342 3143 2403 diversche

1226 2500 1977 2577 Coopmanschappen
2020 2484 2524 2541 proviesien
2572 2482 2822 2529 16746
2871 2482 2972 2530 r.
3018 2479 3171 2527 van
3220 2477 3371 2523 8=e

1232 2648 1422 2706 7176
1465 2636 1700 2691 goude
1745 2618 2351 2681 maccasaersche
2397 2609 2676 2660 mosen,
2721 2608 2909 2654 ende
2955 2607 3049 2653 70
3093 2607 3141 2653 ¼
3187 2604 3327 2652 r=a

1196 2759 1541 2819 swaerte
1588 2748 1835 2802 goudt
1883 2747 2031 2795 ons
2077 2743 2228 2793 toe
2273 2730 2669 2786 gecomen,
2718 2727 2915 2775 ende
2963 2718 3358 2771 geconsi„

1237 2875 1664 2931 direert
1723 2870 2089 2918 sijnde
2148 2863 2393 2914 haer
2453 2861 2576 2909 E:
2607 2849 2816 2905 tot
2876 2848 3303 2897 Batavia

1216 2998 1319 3052 de
1358 2995 1762 3043 spoedige
1810 2990 2060 3041 weder
2108 2985 2705 3033 affsendinghe
2750 2979 2953 3033 vant
3001 2969 3350 3023 gemelte

1211 3140 1829 3198 fluijtschip
1883 3130 2446 3184 Maeslandt,
2498 3115 2950 3177 d'retour
2999 3109 3232 3157 naer

1215 3294 1630 3353 Batavia
1688 3284 1868 3337 Bij
1923 3269 2163 3324 haer
2220 3262 2399 3312 ed:
2458 3248 2873 3306 jongste
2929 3231 3347 3290 missive

1189 3441 1476 3497 hebben
1521 3431 1898 3485 gelieven
1945 3422 2602 3475 t'ordonneeren,
2648 3418 2790 3466 met
2835 3410 3357 3464 toesegginge

1199 3573 1342 3625 ons
1386 3565 1481 3615 jn
1527 3559 1806 3610 corten
1852 3559 2039 3605 noch
2081 3555 2318 3605 nader
2363 3554 2504 3600 van
2550 3551 2876 3600 scheeps
2922 3547 3155 3594 ruijm
3201 3546 3296 3594 te

1195 3699 1341 3753 als
1386 3694 1673 3742 anders
1719 3691 1815 3738 te
1859 3686 2147 3736 sullen
2194 3684 2717 3738 tecoureren,
2763 3691 3096 3738 draeght
3140 3690 3286 3736 den

1202 3827 1780 3896 Gouverneur
1833 3818 2012 3872 den
2069 3813 2358 3859 raedt
2416 3813 2647 3861 voor
2704 3816 2936 3865 ende
2993 3814 3283 3862 geeft

1140 3974 1355 4031 haer
1406 3968 1514 4016 E:
1563 3958 1673 4009 in
1725 3942 2205 4002 Bedencken
2257 3937 2843 3986 eerstelijck
2895 3939 3108 3986 offt
3161 3938 3323 3985 men

1191 4098 1400 4146 niet
1453 4095 1610 4144 soo
1662 4093 1821 4139 dra
1871 4086 2343 4146 mogelijck
2394 4080 2605 4130 uijt
2656 4081 2814 4128 d„o
2864 4077 3337 4128 maeslandt

1188 4250 1553 4300 tnodige
1604 4249 1762 4295 van
1812 4241 2284 4292 desselffs
2335 4239 2545 4285 mede
2596 4233 3068 4283 gebrachte

2492 4467 3310 4543 Coormanschappen
