3573 4958
480 450 706 516 Julio
749 445 882 492 ao.
923 446 1103 497 1646

960 582 1110 631 alte
1138 586 1329 633 groot
1364 588 1439 637 en
1474 592 1586 639 soo
1621 593 1769 641 veel
1805 592 2136 642 besoignes
2172 591 2395 645 heeft,
2429 602 2541 651 dat
2576 608 2797 662 dimael
2832 617 2985 671 niet

954 698 1200 748 vareren
1233 702 1340 749 kan
1373 706 1480 755 ons
1513 711 1585 757 in
1618 713 1759 759 onse
1792 715 1968 761 saken
2002 713 2072 759 te
2106 710 2317 762 dienen
2351 718 2666 774 denselven
2700 730 2878 785 meend
2910 742 3088 797 halst

962 826 1065 875 van
1098 829 1234 874 onse
1268 829 1438 880 h=ren
1471 836 1742 889 versoght
1775 841 2014 889 wierde,
2045 842 2251 891 datter
2284 848 2623 903 apparentie
2656 858 2827 906 soude
2860 861 3064 910 kunnen

962 949 1182 1003 wesen,
1218 959 1292 1005 na
1327 960 1619 1012 'twelcke
1655 966 1802 1014 ende
1836 964 2093 1011 sommige
2129 965 2312 1017 andre
2344 971 2640 1026 mimelijk
2675 981 3048 1047 discoursen

950 1075 1301 1128 affscheyt
1339 1083 1573 1135 namen,
1611 1090 1729 1136 als
1767 1091 2040 1139 wanneer
2077 1092 2197 1139 den
2235 1094 2431 1144 Captn
2468 1101 2898 1160 Broeckhorst
2933 1116 3091 1163 twee

863 1205 1165 1258 pinangh
1199 1209 1416 1255 houte
1457 1210 1838 1265 Sieckiens
1879 1218 2008 1265 met
2048 1222 2302 1273 silver
2344 1228 2641 1280 beslagh
2681 1237 3019 1289 vereerde

957 1340 1120 1388 waer
1161 1342 1323 1387 mede
1363 1342 1526 1389 nade
1566 1345 1770 1395 logie
1808 1350 2022 1410 gingh

555 1483 661 1535 adi
694 1480 832 1527 22:e
864 1475 969 1524 d:o
1003 1474 1243 1520 netend'
1277 1475 1346 1522 op
1379 1477 1654 1526 gisteren
1687 1482 1996 1528 geleverde
2030 1482 2133 1528 bij
2167 1482 2237 1528 de
2270 1483 2581 1536 affpacken
2612 1493 2785 1547 wyden
2818 1503 3061 1564 sonder„

941 1587 1119 1634 linge
1153 1588 1295 1634 niet
1330 1589 1543 1637 anders
1577 1593 2001 1643 voorgevallen
2037 1598 2143 1643 dan
2178 1599 2285 1648 dat
2318 1603 2426 1650 des
2460 1605 2672 1654 avonds
2707 1605 2814 1655 den
2848 1611 3061 1669 opper„

913 1714 948 1760 „
979 1706 1351 1759 Chyrnrghijn
1383 1708 1552 1754 vande
1586 1709 1721 1754 Fluy
1754 1710 1788 1755 t
1821 1710 2124 1758 hillegers
2157 1711 2325 1758 bergh
2359 1713 2662 1760 bovenquam
2694 1716 3033 1774 opgesonden

953 1834 1075 1881 van
1115 1831 1443 1879 Schipper
1483 1830 1810 1877 Reynhout
1851 1830 2259 1879 Egbrechts.
2299 1834 2341 1880 s
2379 1834 2504 1881 aen
2544 1834 2667 1880 ons
2707 1834 2832 1882 met
2870 1839 2995 1886 rap

945 1956 1087 2003 over
1121 1956 1194 2003 so
1227 1956 1371 2003 tman
1405 1955 1690 2003 ongeveer
1724 1954 1761 2001 4
1796 1952 2011 2001 mijlen
2044 1955 2151 2002 van
2187 1955 2329 2002 hier
2363 1952 2471 1999 aen
2506 1951 2614 1998 een
2648 1951 2897 1999 Eijland
2930 1946 3004 1995 't

950 2088 1088 2136 vast
1119 2081 1359 2131 geraect
1393 2082 1531 2129 ende
1562 2082 1768 2130 twater
1801 2083 1904 2130 hem
1937 2082 2244 2129 soodanigh
2278 2081 2585 2129 schielijk
2615 2077 2891 2127 ontlopen
2923 2076 3028 2124 wla

937 2216 1048 2264 dat
1084 2209 1487 2263 onaengesien
1522 2207 1926 2255 verscheijde
1958 2204 2255 2252 goederen
2291 2201 2438 2249 ende
2475 2199 2731 2247 ballast
2766 2197 2990 2246 gelost

933 2340 1042 2390 als
1075 2341 1216 2387 oocq
1248 2339 1355 2387 syn
1389 2338 1564 2385 water
1597 2334 1773 2383 vaten
1808 2334 2018 2380 ledigh
2052 2333 2402 2380 latenlopen
2436 2329 2577 2378 rade
2610 2323 2821 2373 echter
2855 2321 2996 2368 nogh

926 2456 1067 2507 drie
1101 2461 1310 2509 voeten
1345 2461 1625 2509 verneken
1659 2459 1869 2505 sitten
1903 2459 2113 2506 bleeff
2147 2461 2288 2509 waer
2321 2465 2427 2511 toe
2461 2462 2601 2509 geen
2634 2456 2810 2506 ander
2843 2450 3059 2501 remede

944 2584 1263 2641 voorsagh
1301 2592 1423 2640 als
1461 2592 1542 2638 te
1581 2590 1821 2638 moeten
1859 2589 2178 2636 wachten,
2217 2589 2378 2639 naet
2414 2592 2615 2641 hooge
2654 2589 2854 2637 water
2894 2585 3015 2634 dat

949 2722 1059 2775 met
1093 2726 1167 2771 't
1203 2723 1420 2770 Sprngh
1456 2718 1708 2767 'twelcq
1744 2718 1818 2765 op
1852 2721 2070 2767 handen
2105 2720 2177 2765 is
2212 2718 2358 2766 ende
2394 2718 2538 2766 door
2574 2715 3018 2763 regenachtigh

956 2858 1132 2905 weder
1166 2856 1308 2903 daer
1343 2856 1448 2902 toe
1483 2856 1696 2904 'tsigh
1728 2857 1976 2905 schijnt
2010 2855 2081 2901 te
2116 2852 2398 2899 versonen
2432 2850 2820 2900 t'ontmoeten
2854 2842 3034 2895 heeft

921 2986 1066 3038 ende
1100 2982 1245 3030 omme
1280 2983 1387 3028 met
1423 2983 1639 3031 winden
1673 2987 1817 3034 ende
1849 2986 1961 3033 uyt
1992 2983 2247 3032 brengen
2282 2984 2390 3029 van
2425 2979 2676 3028 anckers
2712 2979 2784 3024 te
2818 2973 3070 3022 meerdr.

930 3127 1173 3177 cracht
1212 3131 1295 3178 te
1334 3131 1576 3178 kunnen
1616 3127 2020 3176 gebruijken
2057 3125 2301 3177 sonden
2340 3122 2463 3170 hem
2502 3119 2825 3167 boanonse
2864 3113 3026 3160 hier

934 3262 1231 3309 aenlandt
1268 3264 1490 3312 hebben
1527 3265 1862 3312 matroosen
1896 3266 2046 3314 toe,
2082 3265 2194 3311 met
2230 3264 2416 3310 ordre
2451 3261 2750 3311 deselven
2786 3259 2974 3307 (weat

924 3389 1170 3437 geraect
1204 3393 1485 3443 gewerden
1520 3394 1766 3442 sijnde)
1801 3394 1976 3441 weder
2010 3395 2116 3440 met
2151 3393 2257 3440 den
2291 3392 2537 3439 advist.
2571 3391 2608 3437 t
2641 3390 2854 3438 keyser
2886 3389 3064 3440 Condr

927 3531 1107 3577 wiens
1142 3531 1394 3580 opsight
1428 3525 1789 3577 sederwarts
1825 3525 2076 3573 senden)
2112 3525 2364 3572 opwarts
2396 3524 2471 3572 na
2506 3522 2579 3568 de
2615 3522 2795 3569 logie
2830 3523 3012 3576 laten

933 3654 1102 3702 comen
1134 3658 1336 3708 gelijk
1368 3658 1470 3707 bij
1503 3653 1672 3703 Copie
1705 3653 2007 3701 brieffken
2040 3653 2175 3700 hier
2207 3653 2746 3704 onderg'insereert
2778 3657 2846 3703 te
2879 3656 3014 3705 sien

1088 3780 1106 3825 ƒ.

979 3781 1046 3827 sij

2295 4068 2842 4121 Copie

156 2499 178 2544 men

81 2622 207 2669 „

131 3112 180 3157 te

2312 3753 2366 3799 „

2792 3783 2950 3842 oco

2451 460 2568 508 8.
2624 463 2798 512 200
2853 452 3027 504 174
