3567 4801
2691 534 2877 586 864

860 710 1159 761 Dienst
1205 713 1604 760 gegeven,
1649 708 1853 758 ende
1900 705 2100 753 naer
2149 703 2349 750 dien
2396 706 2497 753 de
2545 693 2994 754 sergiandt

853 852 1136 909 plaats
1182 849 1465 896 vanden
1512 844 1654 893 als
1698 841 1795 888 nu
1840 835 2171 884 gecoren
2218 833 2594 881 vendrich
2641 825 3020 878 rodolph„

840 982 1279 1038 coenradus
1327 978 1766 1027 vacerende
1814 972 2009 1022 ende
2057 969 2252 1016 voor
2299 966 2545 1014 desen
2593 957 2738 1008 Bij
2786 945 2981 1001 haer

862 1128 1066 1185 Ed„s
1105 1104 1863 1169 Gerecommandeert
1897 1100 2063 1147 is,
2113 1101 2513 1148 gemelten
2556 1089 2863 1149 pieter
2892 1084 2962 1129 —

868 1259 1521 1329 macksmiliaen
1574 1253 1792 1303 inde
1841 1239 2172 1296 eerste
2226 1228 2607 1283 vacante
2660 1223 2989 1275 plaets

868 1417 966 1468 te
1011 1406 1400 1461 stellen,
1448 1403 1642 1451 ende
1690 1385 2125 1445 desselffs
2172 1369 2656 1427 qualiteijt
2703 1364 2899 1412 door

859 1557 1140 1621 sijne
1190 1544 1474 1601 goede
1528 1528 1863 1585 gedane
1916 1520 2307 1571 dienste
2362 1507 2641 1565 sulcx
2696 1504 2870 1553 wel

869 1687 1393 1755 meriteerdt,
1439 1677 1677 1731 werdt
1723 1672 1866 1720 ten
1912 1664 2102 1715 dien
2148 1654 2481 1707 aensien
2527 1646 2670 1697 Bij
2716 1632 2954 1689 desen

865 1836 1006 1887 tot
1051 1828 1286 1881 serge
1331 1821 1520 1871 andt
1564 1805 2034 1866 gevoordert
2079 1802 2268 1848 ende
2314 1799 2455 1846 Bij
2501 1778 2993 1843 halveringe

868 1979 1026 2034 van
1076 1964 1335 2021 Gagie
1385 1960 1541 2008 een
1591 1948 2160 2004 tractemendt
2207 1940 2367 1992 van
2406 1918 2992 1982 drijentwin„

837 2127 1134 2189 „tigh
1190 2107 1603 2169 guldens
1660 2098 1837 2151 ter
1896 2087 2190 2141 maent
2246 2061 2904 2130 toegevought

871 2264 1336 2342 jnnegaende
1382 2261 1474 2307 d'
1517 2248 1981 2307 qualiteijt
2025 2244 2119 2293 en
2161 2229 2396 2288 gagie
2436 2217 2625 2271 dato
2669 2211 2949 2262 deses,

979 2525 1132 2583 Jan
1179 2517 1629 2567 pietersen
1674 2519 1829 2566 van
1871 2521 2127 2570 doorn
2156 2523 2275 2569 jn
2315 2516 2574 2568 jndia
2609 2507 2972 2562 gecomen

833 2663 983 2714 met
1006 2659 1325 2714 tschip
1366 2653 1769 2704 fredrick
1817 2648 2213 2697 hendrick
2261 2648 2361 2694 ao
2408 2638 2608 2692 1637
2653 2628 2759 2678 in

877 2794 1355 2859 qualiteijt
1400 2790 1546 2841 van
1592 2781 1927 2833 scheeps
1965 2769 2404 2826 Corporael
2451 2746 2929 2812 naderhandt

889 2930 1391 2997 Gevordert
1443 2922 1612 2973 tot
1664 2908 1943 2964 tampt
1998 2907 2164 2953 van
2215 2888 2717 2950 capiteijn
2771 2882 2938 2931 des

872 3059 1139 3111 armes
1191 3052 1404 3103 ende
1455 3041 1826 3096 meester
1877 3033 2143 3085 smidt
2195 3020 2618 3078 hebbende
2667 3010 2881 3063 door

880 3183 1156 3237 Gaens
1210 3175 1431 3228 goet
1484 3161 2144 3217 contentement
2199 3159 2364 3206 van
2417 3150 2639 3201 sijn
2693 3142 2913 3193 doen

877 3320 1034 3368 aen
1082 3311 1292 3367 sijn
1342 3301 1706 3354 meerder
1757 3288 2119 3344 gegeven
2171 3284 2378 3334 ende
2427 3275 2637 3327 sigh
2686 3270 2899 3318 well

863 3430 1656 3502 Gecomporteert,
1703 3429 1938 3476 ende
1991 3423 2221 3472 naer
2277 3417 2504 3467 dien
2560 3415 2731 3461 tot
2784 3403 2901 3455 de

872 3580 1471 3652 besettinghe
1523 3565 1797 3625 vande
1850 3554 2178 3610 nieuwe
2229 3545 2613 3600 wercken
2666 3544 2894 3595 noch

871 3732 1021 3782 een
1038 3711 1519 3771 sergiandt
1545 3694 2067 3752 vereijscht
2101 3688 2317 3738 wert
2352 3683 2516 3731 der
2548 3667 2865 3726 halven

870 3869 965 3919 en
1009 3857 1195 3912 omme
1240 3851 1333 3899 d'
1379 3837 1702 3894 Luijden
1748 3830 1887 3880 die
1931 3823 2071 3872 wel
2109 3812 2302 3867 doen
2346 3806 2672 3856 scomp=s
2711 3802 2995 3855 dienst

870 3988 1085 4043 meer
1136 3977 1350 4030 ende
1401 3963 1615 4020 meer
1666 3957 1774 4007 te
1826 3938 2410 3998 courageeren
2462 3938 2623 3985 Bij
2676 3937 2946 3985 desen

873 4106 1319 4170 gevordert
1367 4099 1517 4149 tot
1565 4092 1664 4140 d'
1712 4076 2208 4135 qualiteijt
2253 4074 2405 4124 van
2452 4071 2602 4119 ser
2652 4068 2900 4116 grant

867 4252 1080 4306 ende
1131 4245 1291 4296 een
1338 4218 1868 4288 Belooningh
1917 4208 2078 4263 van
2128 4192 2868 4252 drijentwintich

886 4374 1261 4436 guldens
1313 4365 1474 4415 ter
1526 4352 1796 4407 maent
1845 4329 2384 4393 toegeleijt
2436 4320 2972 4372 innegaende

873 4503 1492 4585 d'qualiteijt
1540 4496 1645 4545 en
1695 4485 1954 4540 gagie
2002 4478 2210 4529 dato
2260 4472 2519 4521 deses
2565 4473 2621 4519 —
