<?xml version="1.0" encoding="UTF-8"?>
<PcGts xmlns="http://schema.primaresearch.org/PAGE/gts/pagecontent/2013-07-15">
  <Metadata externalRef="9fd0d1ff-adeb-4f89-a40b-d868fadddffd">
    <Creator>Laypa</Creator>
    <Created>2023-09-08T02:21:03</Created>
    <LastChange>2023-09-08T03:38:11</LastChange>
    <Comment>license: CC0</Comment>
    <MetadataItem type="processingStep" name="layout-analysis" value="laypa">
      <Labels>
        <Label value="228a7d24385cff0e51687c00d0e65a2c2a9703d5" type="githash"/>
        <Label value="61334eb4-edff-4af5-b036-b5927f35bbcf" type="uuid"/>
        <Label value="https://hdl.handle.net/10622/VMSCBR" type="laypamodelremote"/>
      </Labels>
    </MetadataItem>
    <MetadataItem type="processingStep" name="region-analysis" value="laypa">
      <Labels>
        <Label value="0a3442b4-835c-44bc-9115-3fd08263a5dc" type="uuid"/>
        <Label value="https://hdl.handle.net/10622/DMAS2T" type="laypamodelremote"/>
      </Labels>
    </MetadataItem>
    <MetadataItem type="processingStep" name="htr" value="loghi-htr">
      <Labels>
        <Label value="9efb3e0ff4338dc6e07d110ac4d435f27f5b0e16&#10;" type="githash"/>
        <Label value="3a9bdaa3-493c-483e-bbb2-f51961b8e5a0" type="uuid"/>
        <Label value="64" type="batch_size"/>
        <Label value="https://hdl.handle.net/10622/X2JZYY" type="loghihtrmodelremote"/>
      </Labels>
    </MetadataItem>
    <MetadataItem type="processingStep" name="word-splitting" value="loghi-htr-tooling"/>
    <MetadataItem type="other" name="dataset" value="https://hdl.handle.net/10622/LVXSBW">
      <Labels>
        <Label value="VOC transcriptions v2 - GLOBALISE" type="name"/>
        <Label value="Dataset in pagexml and txt format, including data card." type="description"/>
        <Label value="https://globalise.huygens.knaw.nl/" type="creator"/>
        <Label value="https://hdl.handle.net/10622/LVXSBW" type="url"/>
      </Labels>
    </MetadataItem>
  </Metadata>
  <Page imageFilename="NL-HaNA_1.04.02_1161_0200.jpg" imageWidth="3587" imageHeight="4883">
    <ReadingOrder>
      <OrderedGroup id="orderedgroup_21135fc2-021e-45d0-ae75-297094754d99">
        <RegionRefIndexed index="0" regionRef="region_e4456a0f-9eae-420b-bf3f-300b4d1eeb1e_8"/>
        <RegionRefIndexed index="1" regionRef="region_2533cdd8-d695-4f65-8aaa-7a68238a95d9_7"/>
        <RegionRefIndexed index="2" regionRef="region_fab28c72-a708-4634-ad6d-cb879c09512f_5"/>
        <RegionRefIndexed index="3" regionRef="region_15f89cd4-88d8-4349-bbb9-01e10b6f5452_1"/>
        <RegionRefIndexed index="4" regionRef="region_9a38ca5c-f96e-4781-b006-37d50d04b55d_2"/>
        <RegionRefIndexed index="5" regionRef="region_f5f6249d-c6a9-4ffd-a8b4-48992c924959_4"/>
        <RegionRefIndexed index="6" regionRef="region_858bc440-ea93-4bd6-8040-e0f03228dc1d_3"/>
        <RegionRefIndexed index="7" regionRef="region_9fd032e7-5744-4041-9e28-00a2c11507cf_6"/>
      </OrderedGroup>
    </ReadingOrder>
    <TextRegion id="region_e4456a0f-9eae-420b-bf3f-300b4d1eeb1e_8" custom="structure {type:marginalia;}">
      <Coords points="935,2396 935,2410 939,2413 946,2413 949,2417 956,2417 970,2431 981,2420 981,2417 984,2413 991,2413 995,2417 1002,2417 1005,2413 1009,2413 1012,2410 1044,2410 1047,2406 1061,2406 1065,2410 1075,2410 1079,2406 1089,2406 1093,2410 1096,2410 1110,2396 1114,2396 1117,2399 1117,2403 1121,2406 1124,2406 1131,2413 1138,2413 1142,2417 1152,2417 1156,2420 1159,2420 1163,2424 1166,2424 1170,2427 1173,2427 1177,2431 1180,2431 1184,2434 1187,2434 1191,2438 1194,2438 1212,2456 1216,2456 1219,2452 1230,2452 1233,2449 1240,2449 1244,2445 1251,2445 1254,2442 1254,2438 1258,2434 1258,2431 1261,2427 1261,2424 1265,2420 1265,2417 1268,2413 1268,2403 1272,2399 1272,2389 1275,2385 1275,2368 1268,2368 1265,2364 1261,2364 1258,2361 1254,2361 1251,2357 1247,2357 1244,2354 1240,2354 1233,2347 1230,2347 1226,2343 1219,2343 1216,2340 1198,2340 1194,2336 1173,2336 1170,2340 1152,2340 1149,2336 1117,2336 1114,2340 1107,2340 1103,2336 1096,2336 1093,2340 1061,2340 1058,2343 1051,2343 1047,2347 1044,2347 1040,2350 1037,2347 1030,2347 1026,2350 1023,2350 1016,2357 1002,2357 998,2354 995,2354 991,2357 970,2357 960,2368 956,2368 942,2382 942,2385 939,2389 939,2392"/>
    </TextRegion>
    <TextRegion id="region_2533cdd8-d695-4f65-8aaa-7a68238a95d9_7" custom="structure {type:marginalia;}">
      <Coords points="1216,2928 1212,2925 1212,2918 1198,2904 1194,2904 1191,2900 1187,2900 1184,2897 1180,2897 1177,2893 1152,2893 1149,2890 1110,2890 1107,2893 1075,2893 1072,2897 1030,2897 1026,2900 1019,2900 1016,2904 1005,2904 1002,2907 984,2907 981,2911 974,2911 960,2925 960,2928 953,2935 953,2939 949,2942 949,2946 946,2949 946,2981 949,2984 949,2988 960,2998 963,2998 970,3005 984,3005 988,3009 998,3009 1002,3012 1033,3012 1037,3009 1072,3009 1075,3005 1089,3005 1096,2998 1096,2995 1110,2981 1114,2981 1117,2977 1121,2977 1124,2974 1138,2974 1142,2970 1152,2970 1156,2967 1184,2967 1191,2960 1194,2960 1198,2956 1209,2956 1212,2953 1212,2942 1216,2939"/>
    </TextRegion>
    <TextRegion id="region_fab28c72-a708-4634-ad6d-cb879c09512f_5" custom="structure {type:paragraph;}">
      <Coords points="1363,326 1342,364 1349,455 1324,585 1345,764 1331,911 1331,1212 1314,1517 1314,2007 1331,2252 1317,2301 1317,2347 1303,2361 1279,2368 1272,2413 1258,2442 1219,2456 1268,2459 1293,2477 1300,2494 1303,2617 1293,2648 1293,2701 1310,2736 1310,2764 1321,2792 1352,2813 1391,2820 1636,2820 1839,2830 1881,2806 1913,2764 1948,2743 1979,2736 2788,2736 3083,2746 3331,2746 3352,2739 3370,2722 3380,2683 3377,2617 3387,2596 3387,2480 3398,2442 3394,2392 3356,2385 3331,2406 3240,2410 3184,2403 3156,2389 3069,2399 3041,2389 3058,2378 3104,2375 3118,2354 3132,2354 3146,2340 3156,2350 3160,2326 3174,2312 3202,2305 3296,2315 3314,2326 3370,2322 3394,2291 3405,2245 3408,2098 3429,1909 3419,1660 3429,1363 3415,1075 3422,925 3415,753 3422,617 3447,476 3429,354 3415,329 3359,312 3244,333 2848,350 2508,343 2357,329 1587,322 1436,308"/>
      <TextLine id="df247846-8101-436b-9f92-bbf316f1bfd5">
        <Coords points="1305,255 1587,255 1595,263 1731,263 1779,284 2095,283 2107,295 2523,295 2563,318 2771,322 2795,342 3211,342 3231,362 3275,362 3303,387 3368,386 3394,362 3396,449 2935,440 2311,445 2259,432 2243,420 1887,420 1803,425 1783,441 1759,445 1691,416 1615,416 1587,437 1535,445 1463,440 1447,424 1305,416"/>
        <Baseline points="1346,389 1396,390 1446,390 1496,388 1546,388 1596,387 1646,387 1696,387 1746,388 1796,389 1846,389 1896,389 1946,389 1996,389 2046,387 2096,389 2146,390 2196,391 2246,392 2296,393 2346,393 2396,394 2446,395 2496,397 2546,399 2596,399 2646,399 2696,401 2746,402 2796,404 2846,405 2896,405 2946,406 2996,406 3046,407 3096,408 3146,409 3196,410 3246,413 3296,421 3346,431 3356,429"/>
        <Word id="word_8d15df37-0bb0-4b44-ac0d-f647ee5be41a">
          <Coords points="1347,354 1397,355 1446,355 1495,353 1546,353 1595,352 1646,352 1696,352 1713,352 1712,397 1696,397 1646,397 1596,397 1546,398 1496,398 1446,400 1396,400 1346,399"/>
          <TextEquiv>
            <Unicode>behoorlijcke</Unicode>
          </TextEquiv>
        </Word>
        <Word id="word_e2e4f4f9-f4b2-4649-9264-2b2030b2587c">
          <Coords points="1743,353 1747,353 1797,354 1846,354 1896,354 1946,354 1986,354 1986,399 1946,399 1896,399 1846,399 1796,399 1746,398 1742,398"/>
          <TextEquiv>
            <Unicode>Justitie</Unicode>
          </TextEquiv>
        </Word>
        <Word id="word_0156185d-6ace-436a-abab-183f8009ecbd">
          <Coords points="2014,354 2044,352 2097,354 2147,355 2197,356 2247,357 2297,358 2346,358 2397,359 2444,360 2443,405 2396,404 2346,403 2296,403 2246,402 2196,401 2146,400 2096,399 2047,397 2017,399"/>
          <TextEquiv>
            <Unicode>administreren,</Unicode>
          </TextEquiv>
        </Word>
        <Word id="word_e239b039-f41f-4fd6-ae65-95a0b0d32527">
          <Coords points="2476,361 2498,362 2547,364 2596,364 2596,409 2546,409 2495,407 2473,406"/>
          <TextEquiv>
            <Unicode>ende</Unicode>
          </TextEquiv>
        </Word>
        <Word id="word_23f5d826-f242-4605-8a17-67bf718c5624">
          <Coords points="2626,364 2646,364 2697,366 2747,367 2780,368 2778,413 2746,412 2696,411 2646,409 2626,409"/>
          <TextEquiv>
            <Unicode>alsoo</Unicode>
          </TextEquiv>
        </Word>
        <Word id="word_295c4a70-761e-4224-9ced-2be34132c3e5">
          <Coords points="2810,370 2846,370 2896,370 2932,371 2931,416 2896,415 2846,415 2809,415"/>
          <TextEquiv>
            <Unicode>door</Unicode>
          </TextEquiv>
        </Word>
        <Word id="word_40f22783-f4ba-4966-822e-73ec7c6f8e04">
          <Coords points="2961,371 2996,371 3047,372 3097,373 3147,374 3197,375 3248,378 3302,386 3349,395 3353,397 3358,439 3344,441 3294,431 3245,423 3196,420 3146,419 3096,418 3046,417 2996,416 2962,416"/>
          <TextEquiv>
            <Unicode>moetwilligh„t</Unicode>
          </TextEquiv>
        </Word>
        <TextEquiv conf="0.9387567930599341">
          <Unicode>behoorlijcke Justitie administreren, ende alsoo door moetwilligh„t</Unicode>
        </TextEquiv>
        <TextStyle xHeight="47"/>
      </TextLine>
      <TextLine id="line_9ec8e7c9-1892-40a6-a246-e725973f2530">
        <Coords points="1291,417 1449,425 1461,437 1529,442 1573,442 1613,417 1693,417 1753,445 1781,442 1805,422 1889,421 2245,421 2281,437 2928,437 2944,446 3192,445 3212,465 3356,473 3372,488 3392,488 3405,476 3405,559 3348,559 3288,618 3132,617 3088,578 2776,578 2756,562 2720,562 2696,538 2637,535 2552,535 2524,563 1993,558 1985,550 1933,550 1911,567 1789,567 1697,527 1485,527 1433,575 1291,566"/>
        <Baseline points="1332,511 1382,512 1432,511 1482,510 1532,511 1582,512 1632,513 1682,512 1732,513 1782,514 1832,514 1882,515 1932,515 1982,515 2032,516 2082,517 2132,517 2182,518 2232,518 2282,518 2332,520 2382,521 2432,522 2482,525 2532,526 2582,526 2632,527 2682,529 2732,530 2782,530 2832,531 2882,532 2932,532 2982,532 3032,532 3082,533 3132,535 3182,534 3232,534 3282,535 3332,537 3365,539"/>
        <Word id="word_4c54e41f-26db-4eab-96e3-0d2426542f93">
          <Coords points="1333,476 1383,477 1431,476 1458,475 1459,520 1432,521 1382,522 1332,521"/>
          <TextEquiv>
            <Unicode>dese</Unicode>
          </TextEquiv>
        </Word>
        <Word id="word_d96c661f-1e6a-47b3-8453-efece6a3c4e9">
          <Coords points="1492,475 1533,476 1583,477 1633,478 1649,478 1650,523 1632,523 1582,522 1532,521 1491,520"/>
          <TextEquiv>
            <Unicode>natie</Unicode>
          </TextEquiv>
        </Word>
        <Word id="word_ca21eddf-dbf9-4e30-9a25-8997c685d391">
          <Coords points="1681,477 1681,477 1733,478 1783,479 1832,479 1883,480 1932,480 1967,480 1967,525 1932,525 1882,525 1832,524 1782,524 1732,523 1682,522 1682,522"/>
          <TextEquiv>
            <Unicode>vand'ouse</Unicode>
          </TextEquiv>
        </Word>
        <Word id="word_eab55764-791b-413b-8c39-8d5a607464b6">
          <Coords points="2000,480 2033,481 2083,482 2132,482 2183,483 2232,483 2282,483 2286,483 2285,528 2282,528 2232,528 2182,528 2132,527 2082,527 2032,526 1999,525"/>
          <TextEquiv>
            <Unicode>aengedaen</Unicode>
          </TextEquiv>
        </Word>
        <Word id="word_68136991-b123-4ce7-a029-498393682d54">
          <Coords points="2318,484 2333,485 2383,486 2433,487 2484,490 2533,491 2582,491 2603,491 2602,536 2582,536 2532,536 2481,535 2432,532 2382,531 2332,530 2316,529"/>
          <TextEquiv>
            <Unicode>werdende,</Unicode>
          </TextEquiv>
        </Word>
        <Word id="word_edbbc82f-6a58-42d2-a876-f43dc3c64074">
          <Coords points="2636,492 2683,494 2733,495 2782,495 2833,496 2883,497 2932,497 2982,497 3032,497 3080,498 3079,543 3032,542 2982,542 2932,542 2882,542 2832,541 2782,540 2732,540 2682,539 2634,537"/>
          <TextEquiv>
            <Unicode>consequentlijk</Unicode>
          </TextEquiv>
        </Word>
        <Word id="word_0db7e858-fcf2-4a24-8f2f-90a16e4c8c99">
          <Coords points="3113,499 3134,500 3174,499 3175,544 3131,545 3110,544"/>
          <TextEquiv>
            <Unicode>de</Unicode>
          </TextEquiv>
        </Word>
        <Word id="word_4beb570c-ead2-4dc6-bc5e-72199bac3757">
          <Coords points="3207,499 3233,499 3283,500 3333,502 3367,504 3364,549 3332,547 3282,545 3232,544 3206,544"/>
          <TextEquiv>
            <Unicode>Compe</Unicode>
          </TextEquiv>
        </Word>
        <TextEquiv conf="0.9254680772899982">
          <Unicode>dese natie vand'ouse aengedaen werdende, consequentlijk de Compe</Unicode>
        </TextEquiv>
        <TextStyle xHeight="43"/>
      </TextLine>
      <TextLine id="line_2f2aac02-fb2e-472b-b26f-95157d5e0f6c">
        <Coords points="1280,564 1430,573 1478,528 1698,528 1786,565 1914,565 1934,548 1978,548 1994,556 2222,556 2262,565 2521,565 2545,541 2638,537 2661,554 2693,554 2705,565 2749,560 2777,580 3093,580 3133,616 3482,614 3482,698 3081,698 3061,681 1946,677 1826,674 1810,661 1549,661 1510,686 1482,694 1298,689 1280,681"/>
        <Baseline points="1321,634 1371,634 1421,634 1471,634 1521,633 1571,633 1621,634 1671,635 1721,635 1771,634 1821,634 1871,636 1921,637 1971,638 2021,639 2071,640 2121,641 2171,642 2221,644 2271,645 2321,646 2371,647 2421,647 2471,646 2521,648 2571,648 2621,648 2671,649 2721,651 2771,654 2821,654 2871,655 2921,655 2971,656 3021,656 3071,656 3121,657 3171,658 3221,660 3271,662 3321,664 3371,670 3421,676 3442,678"/>
        <Word id="word_131d760d-ea08-4275-ba27-76da03320740">
          <Coords points="1321,599 1371,599 1421,599 1439,599 1439,644 1421,644 1371,644 1321,644"/>
          <TextEquiv>
            <Unicode>veel</Unicode>
          </TextEquiv>
        </Word>
        <Word id="word_c0dea401-bb53-422b-b272-4912f6a24783">
          <Coords points="1468,599 1471,599 1520,598 1571,598 1622,599 1646,599 1645,644 1621,644 1571,643 1521,643 1471,644 1468,644"/>
          <TextEquiv>
            <Unicode>groote</Unicode>
          </TextEquiv>
        </Word>
        <Word id="word_e48719c0-225c-4d37-8b67-ebfd641b3aa2">
          <Coords points="1675,600 1721,600 1770,599 1821,599 1853,600 1851,645 1821,644 1771,644 1721,645 1675,645"/>
          <TextEquiv>
            <Unicode>schade</Unicode>
          </TextEquiv>
        </Word>
        <Word id="word_bd7521a5-88b1-4b07-81ec-0f183263ebdc">
          <Coords points="1882,601 1922,602 1972,603 2000,604 1999,649 1971,648 1921,647 1881,646"/>
          <TextEquiv>
            <Unicode>ende</Unicode>
          </TextEquiv>
        </Word>
        <Word id="word_605e7f00-a403-48b0-838f-b0d6aceb389d">
          <Coords points="2029,604 2072,605 2122,606 2147,607 2146,652 2121,651 2071,650 2028,649"/>
          <TextEquiv>
            <Unicode>niet</Unicode>
          </TextEquiv>
        </Word>
        <Word id="word_37125c0b-15bf-4f82-86e3-c9c7d367eba9">
          <Coords points="2177,607 2222,609 2272,610 2322,611 2372,612 2421,612 2470,611 2471,656 2421,657 2371,657 2321,656 2271,655 2221,654 2175,652"/>
          <TextEquiv>
            <Unicode>minschande</Unicode>
          </TextEquiv>
        </Word>
        <Word id="word_beb1ec8a-9e3d-4542-b8b0-2a65dc12f0df">
          <Coords points="2504,611 2525,613 2571,613 2621,613 2672,614 2678,614 2676,659 2671,659 2621,658 2571,658 2520,658 2499,655"/>
          <TextEquiv>
            <Unicode>mochte</Unicode>
          </TextEquiv>
        </Word>
        <Word id="word_88a6f39c-02a4-47cd-a5ae-c1ee537fe27d">
          <Coords points="2707,615 2722,616 2773,619 2821,619 2854,620 2853,665 2821,664 2770,664 2721,661 2706,660"/>
          <TextEquiv>
            <Unicode>staen</Unicode>
          </TextEquiv>
        </Word>
        <Word id="word_5b0475fa-e486-4fa8-824f-c72004fe6df4">
          <Coords points="2883,620 2921,620 2971,621 2972,621 2971,666 2971,666 2921,665 2883,665"/>
          <TextEquiv>
            <Unicode>toe</Unicode>
          </TextEquiv>
        </Word>
        <Word id="word_de8f9e82-d65a-40b5-9048-f97b1c24d021">
          <Coords points="3001,621 3021,621 3060,621 3060,666 3021,666 3001,666"/>
          <TextEquiv>
            <Unicode>te</Unicode>
          </TextEquiv>
        </Word>
        <Word id="word_d01c6ba3-fd5e-4586-bfac-3a3dea4a8a00">
          <Coords points="3090,621 3122,622 3172,623 3222,625 3267,627 3265,672 3221,670 3171,668 3121,667 3089,666"/>
          <TextEquiv>
            <Unicode>komen,</Unicode>
          </TextEquiv>
        </Word>
        <Word id="word_2cb4b6f0-bbf3-4033-8511-31fa60783951">
          <Coords points="3297,628 3322,629 3375,635 3425,641 3445,643 3441,688 3420,686 3370,680 3321,674 3295,673"/>
          <TextEquiv>
            <Unicode>wanne</Unicode>
          </TextEquiv>
        </Word>
        <TextEquiv conf="0.9386783435943317">
          <Unicode>veel groote schade ende niet minschande mochte staen toe te komen, wanne</Unicode>
        </TextEquiv>
        <TextStyle xHeight="41"/>
      </TextLine>
      <TextLine id="line_55899f87-5c1b-436e-b929-bc402ec87b3c">
        <Coords points="1294,686 1480,695 1532,675 1552,658 1808,658 1828,678 3060,682 3080,698 3332,698 3348,706 3416,710 3452,746 3465,748 3465,832 3148,831 3124,851 2880,850 2848,819 2648,819 2600,863 2472,854 2436,827 2390,863 2324,799 2312,804 2303,795 2289,800 2245,844 2088,844 2075,851 2064,843 2028,843 1940,791 1560,791 1506,840 1294,827"/>
        <Baseline points="1335,762 1385,761 1435,759 1485,759 1535,759 1585,760 1635,760 1685,760 1735,760 1785,761 1835,762 1885,761 1935,762 1985,764 2035,767 2085,768 2135,769 2185,771 2235,771 2285,772 2335,773 2385,774 2435,774 2485,775 2535,776 2585,776 2635,777 2685,778 2735,779 2785,779 2835,781 2885,781 2935,781 2985,782 3035,784 3085,784 3135,786 3185,789 3235,791 3285,794 3335,801 3385,808 3425,812"/>
        <Word id="word_23173272-fd0f-4965-9ba0-5cc64de35bf8">
          <Coords points="1334,727 1384,726 1434,724 1437,724 1437,769 1435,769 1385,771 1335,772"/>
          <TextEquiv>
            <Unicode>door</Unicode>
          </TextEquiv>
        </Word>
        <Word id="word_868d6859-2a2a-4823-bd00-557790edff4c">
          <Coords points="1463,724 1485,724 1488,724 1488,769 1485,769 1463,769"/>
          <TextEquiv>
            <Unicode>t</Unicode>
          </TextEquiv>
        </Word>
        <Word id="word_97ef2da8-7ab2-47ec-95af-248ec52323d6">
          <Coords points="1514,724 1535,724 1586,725 1635,725 1641,725 1641,770 1635,770 1585,770 1535,769 1514,769"/>
          <TextEquiv>
            <Unicode>selve</Unicode>
          </TextEquiv>
        </Word>
        <Word id="word_fd1e8d6d-ddd0-4460-bc92-0e4bf7721fe6">
          <Coords points="1667,725 1685,725 1735,725 1786,726 1795,726 1794,771 1785,771 1735,770 1685,770 1667,770"/>
          <TextEquiv>
            <Unicode>haren</Unicode>
          </TextEquiv>
        </Word>
        <Word id="word_0db7f6ef-7bb2-4f89-badc-9fd4d4161725">
          <Coords points="1820,727 1836,727 1884,726 1936,727 1974,729 1972,773 1935,772 1885,771 1835,772 1819,772"/>
          <TextEquiv>
            <Unicode>handel</Unicode>
          </TextEquiv>
        </Word>
        <Word id="word_11e0e29f-87e5-498f-aafe-412794598805">
          <Coords points="2000,730 2037,732 2086,733 2101,733 2100,778 2085,778 2034,777 1997,775"/>
          <TextEquiv>
            <Unicode>hier</Unicode>
          </TextEquiv>
        </Word>
        <Word id="word_03bbf376-f9f6-4c4e-84bb-29c46d8ff17f">
          <Coords points="2126,734 2136,734 2186,736 2202,736 2202,781 2185,781 2135,779 2125,779"/>
          <TextEquiv>
            <Unicode>ter</Unicode>
          </TextEquiv>
        </Word>
        <Word id="word_819e48ac-f1c9-499c-96a2-9a46ca5644c7">
          <Coords points="2228,736 2235,736 2286,737 2336,738 2386,739 2406,739 2406,784 2385,784 2335,783 2285,782 2235,781 2228,781"/>
          <TextEquiv>
            <Unicode>plaetse</Unicode>
          </TextEquiv>
        </Word>
        <Word id="word_c2cf953d-9502-4095-b7a1-5eb2002b1dd5">
          <Coords points="2432,739 2435,739 2486,740 2536,741 2585,741 2636,742 2636,742 2636,787 2635,787 2585,786 2535,786 2485,785 2435,784 2432,784"/>
          <TextEquiv>
            <Unicode>ontseijt</Unicode>
          </TextEquiv>
        </Word>
        <Word id="word_6769c718-0fd6-445d-a59b-d3f0d596b7af">
          <Coords points="2662,743 2686,743 2736,744 2785,744 2836,746 2840,746 2840,791 2835,791 2785,789 2735,789 2685,788 2661,788"/>
          <TextEquiv>
            <Unicode>wierde,</Unicode>
          </TextEquiv>
        </Word>
        <Word id="word_d36396f4-ae9c-439e-a488-1bdcc68972b5">
          <Coords points="2865,746 2885,746 2935,746 2986,747 3020,748 3018,793 2985,792 2935,791 2885,791 2865,791"/>
          <TextEquiv>
            <Unicode>gelijk</Unicode>
          </TextEquiv>
        </Word>
        <Word id="word_e3e83a3e-3de2-404a-9d56-28c5c2e1ffa8">
          <Coords points="3043,749 3085,749 3096,749 3094,794 3085,794 3044,794"/>
          <TextEquiv>
            <Unicode>by</Unicode>
          </TextEquiv>
        </Word>
        <Word id="word_2c8d249f-90b9-4a01-9132-7dd221e25aba">
          <Coords points="3122,750 3136,751 3173,753 3171,798 3135,796 3120,795"/>
          <TextEquiv>
            <Unicode>de</Unicode>
          </TextEquiv>
        </Word>
        <Word id="word_56e0b9e5-bf8e-43d4-86c8-5e5cbdd78ed4">
          <Coords points="3198,755 3236,756 3287,759 3340,766 3390,773 3428,777 3424,822 3384,818 3334,811 3284,804 3235,801 3196,800"/>
          <TextEquiv>
            <Unicode>dreygende</Unicode>
          </TextEquiv>
        </Word>
        <TextEquiv conf="0.8896916098113625">
          <Unicode>door t selve haren handel hier ter plaetse ontseijt wierde, gelijk by de dreygende</Unicode>
        </TextEquiv>
        <TextStyle xHeight="51"/>
      </TextLine>
      <TextLine id="line_156e4a29-d884-4ea6-a8c8-eb99ad9fc9ea">
        <Coords points="1302,822 1376,822 1388,834 1424,839 1506,839 1560,790 1944,794 2024,842 2064,842 2077,850 2088,843 2247,843 2292,798 2324,798 2389,862 2431,826 2471,854 2600,862 2647,818 2847,818 2879,850 3095,850 3115,865 3480,867 3480,951 3439,951 3433,945 2783,945 2736,917 2695,917 2687,925 2602,921 2583,937 2244,937 2216,965 1980,965 1968,956 1888,956 1864,972 1851,960 1768,960 1732,924 1620,924 1612,916 1584,916 1522,973 1404,973 1380,972 1352,948 1302,924"/>
        <Baseline points="1343,876 1393,877 1443,876 1493,875 1543,875 1593,877 1643,878 1693,878 1743,879 1793,881 1843,883 1893,883 1943,884 1993,885 2043,886 2093,888 2143,889 2193,891 2243,893 2293,894 2343,894 2393,895 2443,896 2493,897 2543,898 2593,900 2643,900 2693,902 2743,905 2793,906 2843,906 2893,908 2943,910 2993,911 3043,912 3093,913 3143,914 3193,915 3243,918 3293,920 3343,922 3393,926 3440,931"/>
        <Word id="word_607b1d88-030b-4851-a1c7-3e1abc6e1253">
          <Coords points="1344,841 1394,842 1442,841 1492,840 1543,840 1594,842 1635,843 1634,888 1593,887 1543,885 1493,885 1443,886 1393,887 1343,886"/>
          <TextEquiv>
            <Unicode>beginselen</Unicode>
          </TextEquiv>
        </Word>
        <Word id="word_1783595e-5719-4840-8f74-7773f5b6929c">
          <Coords points="1663,843 1693,843 1744,844 1781,846 1780,890 1743,889 1693,888 1664,888"/>
          <TextEquiv>
            <Unicode>voor</Unicode>
          </TextEquiv>
        </Word>
        <Word id="word_b81ba688-f7b3-4a0f-bedf-8f3f1a5a8206">
          <Coords points="1811,847 1844,848 1893,848 1944,849 1956,849 1955,894 1943,894 1893,893 1843,893 1809,892"/>
          <TextEquiv>
            <Unicode>desen</Unicode>
          </TextEquiv>
        </Word>
        <Word id="word_46b1179d-1078-4f6f-bc3e-71358a92d78f">
          <Coords points="1985,850 1994,850 2044,851 2094,853 2101,853 2100,898 2093,898 2043,896 1993,895 1984,895"/>
          <TextEquiv>
            <Unicode>ende</Unicode>
          </TextEquiv>
        </Word>
        <Word id="word_d9d902c1-380f-4686-a16a-88d45d8737dc">
          <Coords points="2130,854 2144,854 2194,856 2244,858 2247,858 2246,903 2243,903 2193,901 2143,899 2129,899"/>
          <TextEquiv>
            <Unicode>anno</Unicode>
          </TextEquiv>
        </Word>
        <Word id="word_88f30d88-c06f-44b8-bccc-7c606a4392d7">
          <Coords points="2276,859 2294,859 2343,859 2394,860 2444,861 2480,862 2479,907 2443,906 2393,905 2343,904 2293,904 2275,904"/>
          <TextEquiv>
            <Unicode>passado</Unicode>
          </TextEquiv>
        </Word>
        <Word id="word_602dcc7f-1781-48b1-be60-8a2dd3a69e00">
          <Coords points="2509,862 2544,863 2594,865 2625,865 2625,910 2593,910 2543,908 2508,907"/>
          <TextEquiv>
            <Unicode>nogh</Unicode>
          </TextEquiv>
        </Word>
        <Word id="word_98dc1871-99be-430f-9cba-cedbb5cfa3df">
          <Coords points="2656,865 2695,867 2745,870 2794,871 2843,871 2894,873 2944,875 2994,876 3044,877 3062,877 3062,922 3043,922 2993,921 2943,920 2893,918 2843,916 2793,916 2742,915 2692,912 2653,910"/>
          <TextEquiv>
            <Unicode>Jonghstervaren</Unicode>
          </TextEquiv>
        </Word>
        <Word id="word_a86d5679-4d20-4aeb-936a-9275d870087e">
          <Coords points="3092,878 3094,878 3144,879 3194,880 3245,883 3294,885 3296,885 3294,930 3293,930 3242,928 3193,925 3143,924 3093,923 3091,923"/>
          <TextEquiv>
            <Unicode>hebben,</Unicode>
          </TextEquiv>
        </Word>
        <Word id="word_2a0d24ce-04fc-4e55-af35-a281fe503663">
          <Coords points="3325,886 3344,887 3396,891 3444,896 3439,941 3392,936 3343,932 3323,931"/>
          <TextEquiv>
            <Unicode>waer</Unicode>
          </TextEquiv>
        </Word>
        <TextEquiv conf="0.9238991502964047">
          <Unicode>beginselen voor desen ende anno passado nogh Jonghstervaren hebben, waer</Unicode>
        </TextEquiv>
        <TextStyle xHeight="41"/>
      </TextLine>
      <TextLine id="line_025bb051-55f1-49b0-ad09-669dd5fe50b5">
        <Coords points="1293,918 1363,958 1387,958 1403,971 1524,971 1587,914 1607,914 1623,926 1735,926 1767,958 1847,958 1864,971 1887,958 1971,958 1983,967 2210,967 2247,935 2587,935 2603,922 2643,927 2699,918 2747,922 2799,958 3399,958 3419,978 3452,978 3452,1062 3215,1062 3195,1077 3023,1077 3007,1092 3000,1085 2907,1084 2871,1048 2639,1048 2572,1112 2519,1113 2379,1104 2355,1080 2327,1080 2291,1064 2215,1061 2191,1081 2143,1085 2099,1056 1947,1056 1862,1120 1833,1092 1671,1096 1623,1048 1507,1057 1293,1056"/>
        <Baseline points="1334,1008 1384,1006 1434,1004 1484,1005 1534,1005 1584,1005 1634,1005 1684,1005 1734,1007 1784,1007 1834,1008 1884,1008 1934,1009 1984,1010 2034,1012 2084,1013 2134,1015 2184,1017 2234,1021 2284,1022 2334,1021 2384,1021 2434,1022 2484,1023 2534,1023 2584,1024 2634,1026 2684,1028 2734,1029 2784,1031 2834,1032 2884,1033 2934,1034 2984,1035 3034,1037 3084,1038 3134,1038 3184,1039 3234,1040 3284,1041 3334,1041 3384,1040 3412,1042"/>
        <Word id="word_b78b0fa4-50d8-425f-bbbb-9c5b9fab19c0">
          <Coords points="1333,973 1383,971 1433,969 1453,969 1453,1014 1434,1014 1384,1016 1334,1018"/>
          <TextEquiv>
            <Unicode>door</Unicode>
          </TextEquiv>
        </Word>
        <Word id="word_de59b0a1-ed08-4361-ae34-cb5d8c09074e">
          <Coords points="1483,970 1485,970 1534,970 1584,970 1631,970 1631,1015 1584,1015 1534,1015 1484,1015 1482,1015"/>
          <TextEquiv>
            <Unicode>Comp.</Unicode>
          </TextEquiv>
        </Word>
        <Word id="word_5803575e-860a-4f59-a3b8-0b64763d8535">
          <Coords points="1661,970 1684,970 1692,970 1690,1015 1684,1015 1661,1015"/>
          <TextEquiv>
            <Unicode>s</Unicode>
          </TextEquiv>
        </Word>
        <Word id="word_6383a1ef-e81a-4a89-815c-d920a4cec8c4">
          <Coords points="1721,971 1735,972 1784,972 1835,973 1884,973 1929,974 1928,1019 1884,1018 1834,1018 1784,1017 1734,1017 1720,1016"/>
          <TextEquiv>
            <Unicode>respect</Unicode>
          </TextEquiv>
        </Word>
        <Word id="word_d2cc755c-11fc-4c15-96ae-b7eedca48b6a">
          <Coords points="1958,974 1985,975 2035,977 2085,978 2135,980 2185,982 2237,986 2285,987 2284,1032 2233,1031 2184,1027 2134,1025 2084,1023 2034,1022 1984,1020 1957,1019"/>
          <TextEquiv>
            <Unicode>grootelijcx</Unicode>
          </TextEquiv>
        </Word>
        <Word id="word_352bc697-5678-48fe-a2bf-4e98912fad60">
          <Coords points="2311,988 2331,986 2384,986 2435,987 2485,988 2534,988 2585,989 2635,991 2685,993 2700,993 2699,1038 2684,1038 2634,1036 2584,1034 2534,1033 2484,1033 2434,1032 2384,1031 2335,1031 2314,1033"/>
          <TextEquiv>
            <Unicode>gecorrumpeert</Unicode>
          </TextEquiv>
        </Word>
        <Word id="word_52f8eb39-2fee-4570-bad7-3a25be07281d">
          <Coords points="2730,994 2735,994 2785,996 2835,997 2878,998 2877,1043 2834,1042 2784,1041 2734,1039 2729,1039"/>
          <TextEquiv>
            <Unicode>soude</Unicode>
          </TextEquiv>
        </Word>
        <Word id="word_d67621ec-2adc-4a27-9d24-cdfec94d398c">
          <Coords points="2908,998 2935,999 2985,1000 3035,1002 3085,1003 3085,1003 3085,1048 3084,1048 3034,1047 2984,1045 2934,1044 2907,1043"/>
          <TextEquiv>
            <Unicode>wesen,</Unicode>
          </TextEquiv>
        </Word>
        <Word id="word_97987f8d-52c1-4149-bed0-d2b625916138">
          <Coords points="3115,1003 3134,1003 3185,1004 3235,1005 3285,1006 3334,1006 3352,1006 3353,1051 3334,1051 3284,1051 3234,1050 3184,1049 3134,1048 3115,1048"/>
          <TextEquiv>
            <Unicode>blyvenl.</Unicode>
          </TextEquiv>
        </Word>
        <Word id="word_1a83463d-b089-4bca-b844-659849a9fd0d">
          <Coords points="3382,1005 3383,1005 3414,1007 3411,1052 3384,1050 3383,1050"/>
          <TextEquiv>
            <Unicode>k</Unicode>
          </TextEquiv>
        </Word>
        <TextEquiv conf="0.908442681918076">
          <Unicode>door Comp. s respect grootelijcx gecorrumpeert soude wesen, blyvenl. k</Unicode>
        </TextEquiv>
        <TextStyle xHeight="43"/>
      </TextLine>
      <TextLine id="d883afa8-5d83-4b2a-8ccf-c7cfdde0f4f8">
        <Coords points="1299,1063 1624,1050 1672,1095 1828,1090 1844,1102 1883,1111 1944,1055 2096,1054 2140,1083 2188,1083 2216,1059 2286,1062 2350,1086 2368,1102 2395,1102 2407,1110 2571,1111 2635,1047 2819,1046 2875,1050 2911,1086 2927,1086 2943,1098 3002,1098 3015,1090 3414,1095 3434,1108 3471,1108 3471,1192 3434,1193 3419,1208 3091,1209 2763,1196 2743,1197 2711,1213 2387,1212 2376,1221 2148,1225 2120,1200 1984,1201 1972,1210 1892,1172 1629,1172 1589,1209 1299,1209"/>
        <Baseline points="1340,1139 1390,1137 1440,1137 1490,1136 1540,1135 1590,1136 1640,1136 1690,1136 1740,1137 1790,1137 1840,1138 1890,1141 1940,1142 1990,1142 2040,1143 2090,1146 2140,1148 2190,1150 2240,1152 2290,1154 2340,1155 2390,1158 2440,1159 2490,1159 2540,1159 2590,1160 2640,1161 2690,1162 2740,1162 2790,1163 2840,1163 2890,1164 2940,1166 2990,1168 3040,1169 3090,1170 3140,1169 3190,1170 3240,1170 3290,1171 3340,1173 3390,1175 3431,1172"/>
        <Word id="word_9d831ffb-f855-4828-b1fe-6ad65ca6fe97">
          <Coords points="1339,1104 1389,1102 1432,1102 1432,1147 1390,1147 1340,1149"/>
          <TextEquiv>
            <Unicode>tot</Unicode>
          </TextEquiv>
        </Word>
        <Word id="word_70d45b5d-7628-45be-9089-cd56fa40034d">
          <Coords points="1462,1102 1489,1101 1539,1100 1591,1101 1640,1101 1690,1101 1741,1102 1790,1102 1833,1103 1832,1148 1790,1147 1740,1147 1690,1146 1640,1146 1590,1146 1540,1145 1490,1146 1463,1147"/>
          <TextEquiv>
            <Unicode>conservatie,</Unicode>
          </TextEquiv>
        </Word>
        <Word id="word_895d80e6-278b-4fc7-ac99-765df30eb972">
          <Coords points="1866,1104 1893,1106 1941,1107 1990,1107 2017,1108 2016,1153 1990,1152 1940,1152 1889,1151 1862,1148"/>
          <TextEquiv>
            <Unicode>onser</Unicode>
          </TextEquiv>
        </Word>
        <Word id="word_ec3ff79a-42a5-4864-9606-363e21e2fbfc">
          <Coords points="2050,1108 2092,1111 2141,1113 2191,1115 2241,1117 2291,1119 2341,1120 2387,1123 2385,1168 2340,1165 2290,1164 2240,1162 2190,1160 2140,1158 2089,1156 2047,1153"/>
          <TextEquiv>
            <Unicode>Nederlandse</Unicode>
          </TextEquiv>
        </Word>
        <Word id="word_31c7fc3a-a1e3-4396-85bc-a7bcb432c91b">
          <Coords points="2415,1125 2439,1124 2490,1124 2540,1124 2591,1125 2641,1126 2691,1127 2740,1127 2755,1127 2754,1172 2740,1172 2690,1172 2640,1171 2590,1170 2540,1169 2490,1169 2440,1169 2416,1170"/>
          <TextEquiv>
            <Unicode>Achtbaerh:t</Unicode>
          </TextEquiv>
        </Word>
        <Word id="word_4356bd9f-b64f-4e43-9896-38c3c904e3d6">
          <Coords points="2786,1128 2791,1128 2840,1128 2891,1129 2941,1131 2991,1133 3001,1133 3000,1178 2990,1178 2940,1176 2890,1174 2840,1173 2790,1173 2785,1173"/>
          <TextEquiv>
            <Unicode>wijders</Unicode>
          </TextEquiv>
        </Word>
        <Word id="word_3cecee6a-9ed8-4a8c-acbc-9ec9547b10d7">
          <Coords points="3032,1134 3041,1134 3091,1135 3139,1134 3191,1135 3240,1135 3291,1136 3341,1138 3391,1140 3428,1137 3432,1182 3390,1185 3340,1183 3290,1181 3240,1180 3190,1180 3140,1179 3090,1180 3040,1179 3031,1179"/>
          <TextEquiv>
            <Unicode>volcomentlijk</Unicode>
          </TextEquiv>
        </Word>
        <TextEquiv conf="0.9202125304853205">
          <Unicode>tot conservatie, onser Nederlandse Achtbaerh:t wijders volcomentlijk</Unicode>
        </TextEquiv>
        <TextStyle xHeight="43"/>
      </TextLine>
      <TextLine id="line_9cbe6daa-ad7d-4bc3-926d-dbf35d4218a5">
        <Coords points="1289,1208 1591,1208 1627,1175 1895,1175 1969,1211 1987,1200 2119,1199 2147,1224 2686,1220 2746,1196 2842,1195 3090,1208 3418,1207 3450,1239 3467,1239 3467,1323 3370,1321 3358,1313 3282,1313 3275,1306 3174,1310 3119,1362 3106,1366 3018,1366 2998,1349 2934,1350 2914,1341 2813,1341 2786,1358 2709,1378 2694,1367 2658,1365 2606,1313 2243,1313 2235,1305 2199,1305 2143,1353 2134,1349 2099,1377 2087,1378 2051,1345 1991,1321 1963,1298 1819,1298 1807,1290 1787,1291 1727,1349 1704,1333 1683,1353 1579,1349 1551,1329 1491,1342 1407,1342 1395,1333 1289,1334"/>
        <Baseline points="1330,1268 1380,1265 1430,1267 1480,1268 1530,1270 1580,1271 1630,1271 1680,1272 1730,1274 1780,1273 1830,1274 1880,1275 1930,1273 1980,1274 2030,1274 2080,1276 2130,1276 2180,1276 2230,1278 2280,1279 2330,1280 2380,1282 2430,1284 2480,1285 2530,1286 2580,1287 2630,1288 2680,1289 2730,1291 2780,1292 2830,1293 2880,1294 2930,1297 2980,1297 3030,1297 3080,1298 3130,1298 3180,1299 3230,1300 3280,1299 3330,1299 3380,1302 3427,1303"/>
        <Word id="word_a76b5109-7bb0-4c2c-bd2d-f13dbdb69bed">
          <Coords points="1328,1233 1378,1230 1431,1232 1481,1233 1531,1235 1581,1236 1630,1236 1681,1237 1731,1239 1779,1238 1782,1238 1781,1283 1780,1283 1730,1284 1680,1282 1630,1281 1580,1281 1530,1280 1480,1278 1430,1277 1381,1275 1331,1278"/>
          <TextEquiv>
            <Unicode>geauthoriseert</Unicode>
          </TextEquiv>
        </Word>
        <Word id="word_be12e8d4-5376-4763-b4e5-4e388a24bc99">
          <Coords points="1815,1239 1831,1239 1847,1239 1846,1284 1830,1284 1814,1284"/>
          <TextEquiv>
            <Unicode>u</Unicode>
          </TextEquiv>
        </Word>
        <Word id="word_9e1ab8ff-03e5-40b2-85dd-7034bb5686ec">
          <Coords points="1879,1240 1881,1240 1929,1238 1981,1239 2030,1239 2041,1239 2039,1284 2030,1284 1980,1284 1930,1283 1880,1285 1878,1285"/>
          <TextEquiv>
            <Unicode>vande</Unicode>
          </TextEquiv>
        </Word>
        <Word id="word_2346a229-ffd3-4095-9f58-b6d0f5f65159">
          <Coords points="2073,1241 2081,1241 2130,1241 2180,1241 2231,1243 2266,1244 2265,1289 2230,1288 2180,1286 2130,1286 2080,1286 2072,1286"/>
          <TextEquiv>
            <Unicode>sulcke</Unicode>
          </TextEquiv>
        </Word>
        <Word id="word_edaead3b-f956-4059-9ac8-f049c159d426">
          <Coords points="2299,1244 2331,1245 2381,1247 2431,1249 2481,1250 2524,1251 2523,1296 2480,1295 2430,1294 2380,1292 2330,1290 2298,1289"/>
          <TextEquiv>
            <Unicode>wanneer</Unicode>
          </TextEquiv>
        </Word>
        <Word id="word_2fb11573-a107-4075-90a1-040deca71fdf">
          <Coords points="2557,1252 2581,1252 2631,1253 2653,1253 2653,1298 2630,1298 2580,1297 2556,1297"/>
          <TextEquiv>
            <Unicode>nae</Unicode>
          </TextEquiv>
        </Word>
        <Word id="word_585fe42f-9abc-4257-9453-97a9541346c9">
          <Coords points="2686,1254 2731,1256 2781,1257 2831,1258 2881,1259 2932,1262 2980,1262 3008,1262 3008,1307 2980,1307 2929,1307 2880,1304 2830,1303 2780,1302 2730,1301 2685,1299"/>
          <TextEquiv>
            <Unicode>voorgaende</Unicode>
          </TextEquiv>
        </Word>
        <Word id="word_8c2c405c-a812-4c87-b662-c5222ff94410">
          <Coords points="3041,1262 3081,1263 3130,1263 3181,1264 3231,1265 3265,1264 3266,1309 3230,1310 3180,1309 3130,1308 3080,1308 3040,1307"/>
          <TextEquiv>
            <Unicode>straffe</Unicode>
          </TextEquiv>
        </Word>
        <Word id="word_368082b1-0ab7-4903-b7a0-b15a3bbb5113">
          <Coords points="3298,1264 3330,1264 3382,1267 3428,1268 3427,1313 3379,1312 3330,1309 3298,1309"/>
          <TextEquiv>
            <Unicode>niet</Unicode>
          </TextEquiv>
        </Word>
        <TextEquiv conf="0.9170115130151221">
          <Unicode>geauthoriseert u vande sulcke wanneer nae voorgaende straffe niet</Unicode>
        </TextEquiv>
        <TextStyle xHeight="42"/>
      </TextLine>
      <TextLine id="line_58ee72f5-461b-42be-b108-5654b92d89ff">
        <Coords points="1283,1334 1397,1333 1409,1342 1489,1342 1553,1329 1577,1349 1683,1353 1702,1334 1713,1333 1732,1351 1793,1290 1805,1290 1817,1298 1964,1298 1980,1314 2080,1314 2096,1330 2108,1329 2136,1349 2182,1306 2236,1306 2244,1314 2604,1314 2648,1357 2736,1357 2745,1366 2788,1358 2815,1341 2915,1341 2934,1350 2995,1349 3019,1366 3107,1366 3151,1330 3175,1329 3195,1337 3219,1361 3413,1358 3424,1369 3424,1454 3219,1452 3183,1484 3175,1476 3165,1483 3143,1468 3095,1460 2256,1460 2212,1456 2204,1448 2128,1448 2116,1436 2020,1436 2008,1428 1453,1428 1434,1440 1381,1445 1329,1477 1283,1484"/>
        <Baseline points="1324,1407 1374,1404 1424,1404 1474,1405 1524,1404 1574,1403 1624,1404 1674,1407 1724,1408 1774,1407 1824,1407 1874,1408 1924,1408 1974,1406 2024,1407 2074,1407 2124,1408 2174,1409 2224,1409 2274,1411 2324,1412 2374,1413 2424,1415 2474,1415 2524,1416 2574,1417 2624,1418 2674,1419 2724,1421 2774,1423 2824,1424 2874,1424 2924,1424 2974,1426 3024,1424 3074,1423 3124,1424 3174,1427 3224,1427 3274,1429 3324,1430 3374,1430 3384,1434"/>
        <Word id="word_85d9ebff-41a2-421c-afdc-e5a3b0c2de78">
          <Coords points="1322,1372 1372,1369 1424,1369 1475,1370 1523,1369 1573,1368 1625,1369 1664,1371 1661,1416 1624,1414 1574,1413 1524,1414 1474,1415 1424,1414 1375,1414 1325,1417"/>
          <TextEquiv>
            <Unicode>luijsteren</Unicode>
          </TextEquiv>
        </Word>
        <Word id="word_7e48010b-754d-44b2-bdba-047a824d3848">
          <Coords points="1695,1373 1724,1373 1773,1372 1824,1372 1831,1372 1830,1417 1824,1417 1774,1417 1724,1418 1696,1418"/>
          <TextEquiv>
            <Unicode>(des</Unicode>
          </TextEquiv>
        </Word>
        <Word id="word_bfb1ff1f-dfdb-4eec-9c4c-727949356965">
          <Coords points="1865,1373 1875,1373 1924,1373 1973,1371 2025,1372 2074,1372 2125,1373 2175,1374 2224,1374 2275,1376 2304,1377 2303,1422 2274,1421 2224,1419 2174,1419 2124,1418 2074,1417 2024,1417 1974,1416 1924,1418 1874,1418 1864,1418"/>
          <TextEquiv>
            <Unicode>goedvindende)</Unicode>
          </TextEquiv>
        </Word>
        <Word id="word_dd54e922-9482-4989-adf5-f8f1f4c6241a">
          <Coords points="2338,1377 2375,1378 2406,1379 2405,1424 2374,1423 2337,1422"/>
          <TextEquiv>
            <Unicode>te</Unicode>
          </TextEquiv>
        </Word>
        <Word id="word_dd1ded0a-f646-456f-9089-23f5535dad26">
          <Coords points="2438,1381 2473,1380 2525,1381 2575,1382 2608,1383 2608,1428 2574,1427 2524,1426 2474,1425 2439,1426"/>
          <TextEquiv>
            <Unicode>mogen</Unicode>
          </TextEquiv>
        </Word>
        <Word id="word_653c9312-4532-4106-ad00-2b10b64322de">
          <Coords points="2642,1383 2675,1384 2725,1386 2775,1388 2825,1389 2874,1389 2924,1389 2947,1390 2945,1435 2924,1434 2874,1434 2824,1434 2774,1433 2724,1431 2674,1429 2641,1428"/>
          <TextEquiv>
            <Unicode>ontlasten</Unicode>
          </TextEquiv>
        </Word>
        <Word id="word_263c3a01-a4f3-4a19-a0dc-984267731db1">
          <Coords points="2978,1391 3022,1389 3073,1388 3115,1389 3114,1434 3074,1433 3024,1434 2980,1436"/>
          <TextEquiv>
            <Unicode>ende</Unicode>
          </TextEquiv>
        </Word>
        <Word id="word_34ecf770-721b-4230-8f80-5be7dbee1d4e">
          <Coords points="3152,1390 3177,1392 3224,1392 3251,1393 3249,1438 3224,1437 3173,1437 3147,1434"/>
          <TextEquiv>
            <Unicode>die</Unicode>
          </TextEquiv>
        </Word>
        <Word id="word_68d68e8a-d7d9-4294-be23-e70894c56371">
          <Coords points="3284,1394 3325,1395 3374,1395 3397,1401 3380,1443 3374,1440 3324,1440 3283,1439"/>
          <TextEquiv>
            <Unicode>nae</Unicode>
          </TextEquiv>
        </Word>
        <TextEquiv conf="0.9307871601400622">
          <Unicode>luijsteren (des goedvindende) te mogen ontlasten ende die nae</Unicode>
        </TextEquiv>
        <TextStyle xHeight="41"/>
      </TextLine>
      <TextLine id="line_2b827147-eb45-4d91-92ec-aef6bb620df9">
        <Coords points="1258,1487 1324,1479 1384,1443 1440,1439 1448,1431 2015,1430 2023,1438 2119,1438 2135,1450 3018,1450 3030,1458 3129,1466 3170,1486 3189,1483 3213,1462 3353,1462 3386,1486 3386,1570 3003,1575 2986,1563 2802,1563 2790,1572 2762,1572 2738,1588 2530,1588 2454,1661 2386,1595 2358,1595 2303,1579 2255,1580 2208,1607 2071,1607 2056,1622 2039,1623 1939,1567 1855,1567 1820,1591 1759,1583 1716,1541 1258,1545"/>
        <Baseline points="1299,1534 1349,1534 1399,1536 1449,1535 1499,1535 1549,1534 1599,1534 1649,1533 1699,1532 1749,1532 1799,1533 1849,1533 1899,1531 1949,1533 1999,1535 2049,1535 2099,1536 2149,1537 2199,1538 2249,1539 2299,1540 2349,1542 2399,1543 2449,1543 2499,1546 2549,1546 2599,1546 2649,1546 2699,1547 2749,1548 2799,1548 2849,1550 2899,1551 2949,1552 2999,1552 3049,1551 3099,1553 3149,1555 3199,1555 3249,1556 3299,1556 3346,1550"/>
        <Word id="word_f00676e8-403b-4864-acf0-5f56b22b36dc">
          <Coords points="1299,1499 1349,1499 1400,1501 1448,1500 1499,1500 1533,1499 1534,1544 1499,1545 1449,1545 1399,1546 1349,1544 1299,1544"/>
          <TextEquiv>
            <Unicode>Batavia</Unicode>
          </TextEquiv>
        </Word>
        <Word id="word_39b29acf-300a-4800-ac65-4fbff6648f12">
          <Coords points="1568,1499 1599,1499 1634,1498 1635,1543 1599,1544 1567,1544"/>
          <TextEquiv>
            <Unicode>te</Unicode>
          </TextEquiv>
        </Word>
        <Word id="word_6b68fdd0-8b1d-40aa-81ee-d6351fa8fc98">
          <Coords points="1668,1498 1698,1497 1749,1497 1800,1498 1849,1498 1898,1496 1950,1498 1972,1499 1970,1544 1949,1543 1899,1541 1849,1543 1799,1543 1749,1542 1699,1542 1668,1543"/>
          <TextEquiv>
            <Unicode>langeren,</Unicode>
          </TextEquiv>
        </Word>
        <Word id="word_f869409d-312e-43fe-8a5f-a21d2e4ce662">
          <Coords points="2004,1500 2049,1500 2072,1500 2071,1545 2049,1545 2004,1545"/>
          <TextEquiv>
            <Unicode>op</Unicode>
          </TextEquiv>
        </Word>
        <Word id="word_ad55a0be-141d-43c9-ab7a-4a42c34aa849">
          <Coords points="2105,1501 2150,1502 2200,1503 2206,1503 2205,1548 2199,1548 2149,1547 2104,1546"/>
          <TextEquiv>
            <Unicode>dat</Unicode>
          </TextEquiv>
        </Word>
        <Word id="word_8e747cff-730c-454a-b6b9-0ea12e0c6ee2">
          <Coords points="2239,1504 2250,1504 2300,1505 2307,1505 2306,1550 2299,1550 2249,1549 2239,1549"/>
          <TextEquiv>
            <Unicode>de</Unicode>
          </TextEquiv>
        </Word>
        <Word id="word_69de4add-52d2-4d08-bf24-f93d84419c12">
          <Coords points="2341,1507 2350,1507 2400,1508 2449,1508 2501,1511 2507,1511 2507,1556 2498,1556 2449,1553 2399,1553 2349,1552 2339,1552"/>
          <TextEquiv>
            <Unicode>Comp.</Unicode>
          </TextEquiv>
        </Word>
        <Word id="word_fd47c428-67aa-4fd9-8c39-77561a58d03b">
          <Coords points="2541,1511 2549,1511 2574,1511 2574,1556 2549,1556 2541,1556"/>
          <TextEquiv>
            <Unicode>e</Unicode>
          </TextEquiv>
        </Word>
        <Word id="word_c69cb52e-d4d6-4d30-833d-bda60ce0a2a1">
          <Coords points="2608,1511 2649,1511 2700,1512 2750,1513 2799,1513 2850,1515 2900,1516 2950,1517 2999,1517 3048,1516 3100,1518 3150,1520 3179,1520 3179,1565 3149,1565 3099,1563 3049,1561 2999,1562 2949,1562 2899,1561 2849,1560 2799,1558 2749,1558 2699,1557 2649,1556 2608,1556"/>
          <TextEquiv>
            <Unicode>doorcrijgeloorige</Unicode>
          </TextEquiv>
        </Word>
        <Word id="word_30c06c31-13d3-4ff4-b892-36667831e4c5">
          <Coords points="3213,1520 3250,1521 3299,1521 3342,1515 3347,1560 3299,1566 3249,1566 3212,1565"/>
          <TextEquiv>
            <Unicode>ende</Unicode>
          </TextEquiv>
        </Word>
        <TextEquiv conf="0.9176184785752132">
          <Unicode>Batavia te langeren, op dat de Comp. e doorcrijgeloorige ende</Unicode>
        </TextEquiv>
        <TextStyle xHeight="42"/>
      </TextLine>
      <TextLine id="line_5f66db2d-b3d0-4e83-8bad-c5a756af75a0">
        <Coords points="1282,1545 1712,1540 1756,1584 1816,1592 1856,1564 1932,1564 2036,1623 2050,1623 2068,1608 2208,1608 2252,1581 2308,1580 2360,1595 2388,1595 2455,1659 2527,1591 2703,1591 2755,1627 3086,1628 3100,1616 3119,1628 3460,1628 3460,1712 3431,1712 3415,1702 3239,1702 3176,1761 3111,1718 3095,1733 2627,1739 2604,1719 2583,1727 2551,1710 2507,1706 2459,1731 2407,1735 2364,1770 2317,1730 2272,1731 2240,1762 2220,1753 2100,1754 2069,1738 1920,1738 1880,1714 1668,1714 1620,1690 1595,1691 1574,1682 1460,1683 1380,1762 1369,1765 1355,1757 1282,1757"/>
        <Baseline points="1323,1672 1373,1671 1423,1672 1473,1670 1523,1669 1573,1666 1623,1666 1673,1668 1723,1669 1773,1667 1823,1665 1873,1666 1923,1667 1973,1667 2023,1668 2073,1668 2123,1667 2173,1665 2223,1665 2273,1667 2323,1667 2373,1666 2423,1668 2473,1669 2523,1669 2573,1670 2623,1672 2673,1675 2723,1677 2773,1677 2823,1678 2873,1679 2923,1680 2973,1682 3023,1683 3073,1684 3123,1685 3173,1685 3223,1685 3273,1688 3323,1690 3373,1692 3420,1692"/>
        <Word id="word_4acb5c54-73c6-442f-b89c-aca3e106cebc">
          <Coords points="1322,1637 1372,1636 1424,1637 1472,1635 1522,1634 1571,1631 1596,1631 1596,1676 1574,1676 1523,1679 1473,1680 1423,1682 1373,1681 1323,1682"/>
          <TextEquiv>
            <Unicode>opstinate</Unicode>
          </TextEquiv>
        </Word>
        <Word id="word_9fc78dd8-48b7-4156-b331-396e4c191cad">
          <Coords points="1628,1631 1675,1633 1724,1634 1772,1632 1822,1630 1874,1631 1924,1632 1931,1632 1931,1677 1923,1677 1873,1676 1823,1675 1773,1677 1723,1679 1673,1678 1626,1676"/>
          <TextEquiv>
            <Unicode>gemoederen</Unicode>
          </TextEquiv>
        </Word>
        <Word id="word_5a3e4310-1e38-4151-b07c-503fd1a26b47">
          <Coords points="1961,1632 1973,1632 2023,1633 2022,1678 1973,1677 1961,1677"/>
          <TextEquiv>
            <Unicode>de</Unicode>
          </TextEquiv>
        </Word>
        <Word id="word_c7beee8e-15d4-4d7f-8502-882cae80645e">
          <Coords points="2051,1634 2072,1633 2122,1632 2172,1630 2223,1630 2274,1632 2323,1632 2372,1631 2388,1632 2386,1677 2373,1676 2323,1677 2273,1677 2223,1675 2173,1675 2123,1677 2073,1678 2053,1679"/>
          <TextEquiv>
            <Unicode>gecapteerde</Unicode>
          </TextEquiv>
        </Word>
        <Word id="word_cd7dd63d-de2f-4e44-b027-eac20a179f3d">
          <Coords points="2418,1633 2424,1633 2474,1634 2523,1634 2574,1635 2624,1637 2632,1637 2629,1682 2623,1682 2573,1680 2523,1679 2473,1679 2423,1678 2417,1678"/>
          <TextEquiv>
            <Unicode>gunsten</Unicode>
          </TextEquiv>
        </Word>
        <Word id="word_0e05406f-4013-4a4b-ac51-d83c640b5583">
          <Coords points="2662,1639 2675,1640 2724,1642 2751,1642 2751,1687 2723,1687 2672,1685 2660,1684"/>
          <TextEquiv>
            <Unicode>der</Unicode>
          </TextEquiv>
        </Word>
        <Word id="word_8d388e17-4e2c-4607-8462-91f7c005801b">
          <Coords points="2783,1642 2824,1643 2874,1644 2924,1645 2974,1647 2995,1647 2994,1692 2973,1692 2923,1690 2873,1689 2823,1688 2782,1687"/>
          <TextEquiv>
            <Unicode>grooten</Unicode>
          </TextEquiv>
        </Word>
        <Word id="word_5760174d-6e29-4cdc-8557-52877e46cfcb">
          <Coords points="3026,1648 3056,1649 3055,1694 3025,1693"/>
          <TextEquiv>
            <Unicode>(</Unicode>
          </TextEquiv>
        </Word>
        <Word id="word_1f944aed-e40d-408f-a9de-86a20af9481d">
          <Coords points="3086,1649 3124,1650 3173,1650 3177,1650 3177,1695 3173,1695 3123,1695 3086,1694"/>
          <TextEquiv>
            <Unicode>die</Unicode>
          </TextEquiv>
        </Word>
        <Word id="word_a3e2d1c0-3235-4b44-8034-0996982f8d3d">
          <Coords points="3207,1650 3223,1650 3275,1653 3324,1655 3330,1655 3328,1700 3323,1700 3272,1698 3223,1695 3207,1695"/>
          <TextEquiv>
            <Unicode>voor</Unicode>
          </TextEquiv>
        </Word>
        <Word id="word_c89a5e67-c9c4-4b05-9b08-d1377c933627">
          <Coords points="3361,1656 3374,1657 3420,1657 3420,1702 3373,1702 3359,1701"/>
          <TextEquiv>
            <Unicode>al</Unicode>
          </TextEquiv>
        </Word>
        <TextEquiv conf="0.9061840289661174">
          <Unicode>opstinate gemoederen de gecapteerde gunsten der grooten ( die voor al</Unicode>
        </TextEquiv>
        <TextStyle xHeight="45"/>
      </TextLine>
      <TextLine id="c98c650b-177a-48a0-bcc9-b1e273d11a66">
        <Coords points="1274,1758 1380,1762 1460,1683 1476,1682 1574,1682 1595,1691 1604,1686 1668,1714 1880,1714 1920,1738 2068,1738 2096,1751 2216,1750 2235,1763 2272,1731 2317,1730 2367,1770 2407,1735 2459,1731 2507,1706 2551,1710 2582,1727 2604,1719 2627,1739 2787,1739 2839,1727 2879,1691 3068,1691 3171,1754 3408,1754 3420,1762 3420,1847 3103,1849 3067,1885 3051,1885 3035,1872 2815,1872 2751,1868 2739,1860 1532,1852 1499,1820 1444,1816 1356,1816 1312,1837 1274,1841"/>
        <Baseline points="1315,1799 1365,1793 1415,1793 1465,1792 1515,1791 1565,1792 1615,1791 1665,1792 1715,1793 1765,1794 1815,1793 1865,1794 1915,1796 1965,1796 2015,1796 2065,1796 2115,1796 2165,1796 2215,1797 2265,1798 2315,1798 2365,1798 2415,1797 2465,1797 2515,1799 2565,1802 2615,1803 2665,1803 2715,1803 2765,1805 2815,1807 2865,1807 2915,1808 2965,1810 3015,1811 3065,1812 3115,1813 3165,1816 3215,1818 3265,1819 3315,1822 3365,1826 3380,1827"/>
        <Word id="word_c21c61fe-ebea-4fc9-a968-62a947823460">
          <Coords points="1311,1764 1361,1758 1415,1758 1464,1757 1514,1756 1566,1757 1614,1756 1666,1757 1699,1758 1698,1803 1665,1802 1615,1801 1565,1802 1515,1801 1465,1802 1415,1803 1366,1803 1316,1809"/>
          <TextEquiv>
            <Unicode>geconserveert</Unicode>
          </TextEquiv>
        </Word>
        <Word id="word_e59617b9-728d-4c99-87c5-974c34d57efe">
          <Coords points="1729,1758 1766,1759 1814,1758 1866,1759 1916,1761 1934,1761 1934,1806 1915,1806 1865,1804 1815,1803 1765,1804 1728,1803"/>
          <TextEquiv>
            <Unicode>dienen)</Unicode>
          </TextEquiv>
        </Word>
        <Word id="word_f5e13ec1-61d6-491e-a016-d4f071cadc09">
          <Coords points="1964,1761 1965,1761 2015,1761 2065,1761 2082,1761 2082,1806 2065,1806 2015,1806 1965,1806 1964,1806"/>
          <TextEquiv>
            <Unicode>niet</Unicode>
          </TextEquiv>
        </Word>
        <Word id="word_b5814934-af8e-4a15-84f6-cfd611ef4bff">
          <Coords points="2111,1761 2115,1761 2165,1761 2216,1762 2260,1763 2259,1808 2215,1807 2165,1806 2115,1806 2111,1806"/>
          <TextEquiv>
            <Unicode>comen</Unicode>
          </TextEquiv>
        </Word>
        <Word id="word_cd0103e1-4ae0-4ab7-b4e9-0b5f22eee52b">
          <Coords points="2288,1763 2314,1763 2348,1763 2348,1808 2315,1808 2289,1808"/>
          <TextEquiv>
            <Unicode>te</Unicode>
          </TextEquiv>
        </Word>
        <Word id="word_03c9b4bb-8180-42b1-9268-70f586a0a31d">
          <Coords points="2376,1763 2414,1762 2465,1762 2516,1764 2567,1767 2584,1767 2583,1812 2564,1812 2515,1809 2465,1807 2415,1807 2377,1808"/>
          <TextEquiv>
            <Unicode>derven,</Unicode>
          </TextEquiv>
        </Word>
        <Word id="word_c3832603-c007-4321-a532-182ab4ccf839">
          <Coords points="2614,1768 2616,1768 2665,1768 2715,1768 2733,1769 2731,1814 2715,1813 2665,1813 2615,1813 2613,1813"/>
          <TextEquiv>
            <Unicode>ende</Unicode>
          </TextEquiv>
        </Word>
        <Word id="word_85cdd361-19d9-476e-97a8-105bfb811384">
          <Coords points="2762,1770 2766,1770 2816,1772 2865,1772 2916,1773 2966,1775 3016,1776 3027,1776 3026,1821 3015,1821 2965,1820 2915,1818 2865,1817 2815,1817 2765,1815 2760,1815"/>
          <TextEquiv>
            <Unicode>ingevolge</Unicode>
          </TextEquiv>
        </Word>
        <Word id="word_5284d6ad-9667-4bf7-9263-3568f6486b39">
          <Coords points="3056,1777 3066,1777 3116,1778 3167,1781 3216,1783 3266,1784 3294,1786 3291,1831 3265,1829 3215,1828 3164,1826 3115,1823 3065,1822 3056,1822"/>
          <TextEquiv>
            <Unicode>inschade</Unicode>
          </TextEquiv>
        </Word>
        <Word id="word_b96d348f-6c74-49ef-9a23-cc2b0e2e9b75">
          <Coords points="3324,1787 3368,1791 3382,1792 3379,1837 3364,1836 3320,1832"/>
          <TextEquiv>
            <Unicode>en</Unicode>
          </TextEquiv>
        </Word>
        <TextEquiv conf="0.9383520719105857">
          <Unicode>geconserveert dienen) niet comen te derven, ende ingevolge inschade en</Unicode>
        </TextEquiv>
        <TextStyle xHeight="46"/>
      </TextLine>
      <TextLine id="line_31a14c24-3def-4aea-9f1a-a00c3e3312fc">
        <Coords points="1275,1842 1325,1834 1369,1802 1499,1797 1557,1849 2731,1857 2751,1869 2815,1873 3034,1873 3050,1886 3070,1886 3098,1861 3372,1861 3399,1888 3399,1973 2336,1966 2288,2006 2228,2006 2192,2029 2152,1994 2099,2006 2082,1994 2036,1994 1960,1974 1756,1974 1728,1966 1709,1947 1275,1947"/>
        <Baseline points="1316,1924 1366,1922 1416,1924 1466,1924 1516,1924 1566,1924 1616,1924 1666,1925 1716,1925 1766,1925 1816,1925 1866,1924 1916,1924 1966,1925 2016,1926 2066,1927 2116,1928 2166,1930 2216,1933 2266,1935 2316,1935 2366,1936 2416,1938 2466,1940 2516,1940 2566,1940 2616,1941 2666,1942 2716,1942 2766,1944 2816,1944 2866,1946 2916,1946 2966,1948 3016,1950 3066,1951 3116,1952 3166,1952 3216,1953 3266,1955 3316,1955 3359,1953"/>
        <Word id="word_811917e5-3487-4ae0-8c98-8e920b17f47a">
          <Coords points="1315,1889 1365,1887 1417,1889 1466,1889 1516,1889 1554,1889 1554,1934 1516,1934 1466,1934 1416,1934 1366,1932 1316,1934"/>
          <TextEquiv>
            <Unicode>schande</Unicode>
          </TextEquiv>
        </Word>
        <Word id="word_b2de1b35-9efa-4221-afc6-fd777e2b5115">
          <Coords points="1588,1889 1616,1889 1667,1890 1716,1890 1759,1890 1759,1935 1716,1935 1666,1935 1616,1934 1588,1934"/>
          <TextEquiv>
            <Unicode>komen</Unicode>
          </TextEquiv>
        </Word>
        <Word id="word_e1a9a6c7-9b42-4f59-812c-4a38de1c46c3">
          <Coords points="1793,1890 1816,1890 1860,1889 1861,1934 1816,1935 1793,1935"/>
          <TextEquiv>
            <Unicode>te</Unicode>
          </TextEquiv>
        </Word>
        <Word id="word_a6bcf772-669d-43a8-a1a4-a953fc63a55a">
          <Coords points="1896,1888 1917,1889 1967,1890 2017,1891 2067,1892 2117,1893 2167,1895 2203,1897 2201,1942 2166,1940 2116,1938 2066,1937 2016,1936 1966,1935 1916,1934 1895,1933"/>
          <TextEquiv>
            <Unicode>vervallen</Unicode>
          </TextEquiv>
        </Word>
        <Word id="word_892579b6-8c40-479d-af33-f004097007c3">
          <Coords points="2236,1899 2267,1900 2316,1900 2338,1900 2337,1945 2316,1945 2266,1945 2235,1944"/>
          <TextEquiv>
            <Unicode>tot</Unicode>
          </TextEquiv>
        </Word>
        <Word id="word_70da7a98-d118-4e64-9366-563e9b17acda">
          <Coords points="2373,1901 2417,1903 2467,1905 2516,1905 2566,1905 2617,1906 2667,1907 2716,1907 2748,1908 2746,1953 2716,1952 2666,1952 2616,1951 2566,1950 2516,1950 2466,1950 2416,1948 2371,1946"/>
          <TextEquiv>
            <Unicode>voorcominge</Unicode>
          </TextEquiv>
        </Word>
        <Word id="word_e20de25f-22b2-4764-ab80-44be962c80e9">
          <Coords points="2780,1910 2815,1909 2867,1911 2916,1911 2967,1913 3017,1915 3053,1916 3052,1961 3016,1960 2966,1958 2916,1956 2866,1956 2816,1954 2780,1955"/>
          <TextEquiv>
            <Unicode>vanallen</Unicode>
          </TextEquiv>
        </Word>
        <Word id="word_fbfbbf4d-1cca-4130-a335-be4dc4bc33eb">
          <Coords points="3087,1916 3117,1917 3166,1917 3217,1918 3267,1920 3316,1920 3357,1918 3359,1963 3316,1965 3266,1965 3216,1963 3166,1962 3116,1962 3086,1961"/>
          <TextEquiv>
            <Unicode>'twelcke</Unicode>
          </TextEquiv>
        </Word>
        <TextEquiv conf="0.9334086112624614">
          <Unicode>schande komen te vervallen tot voorcominge vanallen 'twelcke</Unicode>
        </TextEquiv>
        <TextStyle xHeight="39"/>
      </TextLine>
      <TextLine id="e2503a9a-6f79-490f-971a-d4a3ae092de0">
        <Coords points="1252,1949 1714,1949 1734,1968 1766,1976 1976,1976 2033,1992 2081,1993 2101,2009 2121,1996 2161,1996 2181,2016 2201,2021 2233,2005 2289,2005 2313,1988 2665,1988 2673,1996 2801,1996 2844,2029 3412,2028 3429,2040 3429,2124 3412,2135 3248,2135 3236,2126 2980,2126 2960,2110 2841,2110 2779,2163 2758,2146 2673,2142 2644,2114 2629,2115 2587,2139 2529,2098 2457,2094 2345,2094 2321,2107 2077,2102 2038,2076 1969,2076 1941,2099 1901,2111 1770,2111 1709,2075 1446,2075 1430,2088 1252,2088"/>
        <Baseline points="1293,2052 1343,2050 1393,2050 1443,2050 1493,2050 1543,2051 1593,2052 1643,2054 1693,2054 1743,2055 1793,2055 1843,2057 1893,2057 1943,2059 1993,2060 2043,2060 2093,2063 2143,2064 2193,2067 2243,2069 2293,2069 2343,2070 2393,2072 2443,2073 2493,2075 2543,2077 2593,2078 2643,2079 2693,2080 2743,2080 2793,2080 2843,2082 2893,2083 2943,2085 2993,2086 3043,2087 3093,2089 3143,2091 3193,2093 3243,2096 3293,2099 3343,2101 3389,2104"/>
        <Word id="word_82d9f023-e965-4833-afba-1bad9de6ef4c">
          <Coords points="1292,2017 1342,2015 1393,2015 1443,2015 1493,2015 1523,2016 1522,2061 1493,2060 1443,2060 1393,2060 1343,2060 1293,2062"/>
          <TextEquiv>
            <Unicode>niemand</Unicode>
          </TextEquiv>
        </Word>
        <Word id="word_6ac5d41b-4fda-4899-a502-fcd917518d0e">
          <Coords points="1556,2016 1594,2017 1644,2019 1693,2019 1720,2020 1719,2065 1693,2064 1643,2064 1593,2062 1555,2061"/>
          <TextEquiv>
            <Unicode>verre</Unicode>
          </TextEquiv>
        </Word>
        <Word id="word_6664c3fb-0a2b-445c-be61-621e86baf54b">
          <Coords points="1751,2020 1793,2020 1844,2022 1893,2022 1917,2023 1915,2068 1893,2067 1843,2067 1793,2065 1752,2065"/>
          <TextEquiv>
            <Unicode>vande</Unicode>
          </TextEquiv>
        </Word>
        <Word id="word_494ac449-dfd5-4abd-bf64-a23808e5e500">
          <Coords points="1949,2024 1994,2025 2043,2025 2095,2028 2113,2028 2112,2073 2092,2073 2043,2070 1993,2070 1948,2069"/>
          <TextEquiv>
            <Unicode>handt</Unicode>
          </TextEquiv>
        </Word>
        <Word id="word_b2d691e5-a6ea-48ea-bb08-22ec1e046ccd">
          <Coords points="2147,2029 2195,2032 2211,2033 2210,2078 2192,2077 2144,2074"/>
          <TextEquiv>
            <Unicode>en</Unicode>
          </TextEquiv>
        </Word>
        <Word id="word_4cb8c6e1-9959-4c34-a328-6c98372642b6">
          <Coords points="2244,2034 2244,2034 2293,2034 2344,2035 2394,2037 2444,2038 2494,2040 2544,2042 2594,2043 2644,2044 2694,2045 2743,2045 2793,2045 2844,2047 2894,2048 2932,2050 2930,2095 2893,2093 2843,2092 2793,2090 2743,2090 2693,2090 2643,2089 2593,2088 2543,2087 2493,2085 2443,2083 2393,2082 2343,2080 2293,2079 2243,2079 2242,2079"/>
          <TextEquiv>
            <Unicode>buijtenlatengaensult:</Unicode>
          </TextEquiv>
        </Word>
        <Word id="word_176071d7-b9fe-4fb4-bb5a-4ba9c54d40a0">
          <Coords points="2964,2051 2993,2051 3044,2052 3094,2054 3096,2054 3094,2099 3093,2099 3043,2097 2993,2096 2963,2096"/>
          <TextEquiv>
            <Unicode>maer</Unicode>
          </TextEquiv>
        </Word>
        <Word id="word_6545d083-5b9a-4e77-b6d9-801ca56e4356">
          <Coords points="3129,2055 3144,2056 3194,2058 3228,2060 3225,2105 3193,2103 3143,2101 3127,2100"/>
          <TextEquiv>
            <Unicode>soo</Unicode>
          </TextEquiv>
        </Word>
        <Word id="word_77a90512-65c4-4c09-84a7-e0dec38adb22">
          <Coords points="3260,2062 3295,2064 3344,2066 3391,2069 3388,2114 3343,2111 3292,2109 3258,2107"/>
          <TextEquiv>
            <Unicode>veel</Unicode>
          </TextEquiv>
        </Word>
        <TextEquiv conf="0.9236269212569916">
          <Unicode>niemand verre vande handt en buijtenlatengaensult: maer soo veel</Unicode>
        </TextEquiv>
        <TextStyle xHeight="41"/>
      </TextLine>
      <TextLine id="line_8714f9f7-de7c-4474-b8ef-806808d8d7c4">
        <Coords points="1270,2086 1428,2086 1444,2073 1707,2073 1768,2112 1888,2113 1936,2101 1976,2070 2021,2070 2036,2073 2072,2100 2532,2100 2587,2140 2628,2117 2648,2116 2680,2144 2756,2144 2776,2164 2785,2164 2840,2112 2964,2112 2976,2124 3232,2124 3280,2171 3457,2171 3457,2255 2992,2255 2948,2299 2864,2299 2800,2242 2536,2242 2508,2226 2440,2226 2392,2259 2332,2287 2276,2291 2264,2299 2196,2298 2176,2286 2136,2286 2112,2266 2060,2250 2008,2222 1736,2222 1680,2203 1444,2203 1388,2231 1270,2235"/>
        <Baseline points="1311,2177 1361,2174 1411,2176 1461,2176 1511,2176 1561,2178 1611,2179 1661,2180 1711,2181 1761,2183 1811,2185 1861,2186 1911,2186 1961,2187 2011,2188 2061,2189 2111,2192 2161,2194 2211,2196 2261,2199 2311,2199 2361,2201 2411,2202 2461,2204 2511,2204 2561,2206 2611,2210 2661,2210 2711,2211 2761,2212 2811,2214 2861,2216 2911,2218 2961,2220 3011,2222 3061,2224 3111,2226 3161,2226 3211,2228 3261,2230 3311,2231 3361,2232 3411,2236 3417,2235"/>
        <Word id="word_daa4019a-840a-430e-97ab-a43dcfd01d03">
          <Coords points="1309,2142 1359,2139 1412,2141 1461,2141 1511,2141 1562,2143 1563,2143 1562,2188 1561,2188 1511,2186 1461,2186 1411,2186 1362,2184 1312,2187"/>
          <TextEquiv>
            <Unicode>mogelijk</Unicode>
          </TextEquiv>
        </Word>
        <Word id="word_f06366cb-9bcf-4ec1-8c20-98bacf822bcc">
          <Coords points="1595,2144 1612,2144 1662,2145 1712,2146 1762,2148 1784,2149 1782,2194 1761,2193 1711,2191 1661,2190 1611,2189 1594,2189"/>
          <TextEquiv>
            <Unicode>binnen</Unicode>
          </TextEquiv>
        </Word>
        <Word id="word_3b3095fd-6578-405c-9a39-3b8e3e590ecb">
          <Coords points="1815,2150 1862,2151 1911,2151 1962,2152 2012,2153 2035,2153 2034,2198 2011,2198 1961,2197 1911,2196 1861,2196 1814,2195"/>
          <TextEquiv>
            <Unicode>delogie</Unicode>
          </TextEquiv>
        </Word>
        <Word id="word_b8c2dba0-f7ca-4deb-bee0-733705a4a8fb">
          <Coords points="2068,2154 2113,2157 2162,2159 2212,2161 2256,2164 2253,2209 2211,2206 2161,2204 2110,2202 2065,2199"/>
          <TextEquiv>
            <Unicode>houden</Unicode>
          </TextEquiv>
        </Word>
        <Word id="word_acee3bfb-a80f-4537-935c-216f60e10af6">
          <Coords points="2283,2166 2309,2164 2350,2166 2348,2210 2312,2209 2286,2210"/>
          <TextEquiv>
            <Unicode>en</Unicode>
          </TextEquiv>
        </Word>
        <Word id="word_5000c50b-91f6-45f6-997f-822a4722ee6f">
          <Coords points="2380,2167 2411,2167 2462,2169 2511,2169 2562,2171 2614,2175 2661,2175 2695,2176 2694,2221 2661,2220 2610,2220 2561,2216 2511,2214 2461,2214 2411,2212 2380,2212"/>
          <TextEquiv>
            <Unicode>uijtgaende</Unicode>
          </TextEquiv>
        </Word>
        <Word id="word_9f26e28f-5c6f-46b0-9382-856c8214ce4d">
          <Coords points="2726,2176 2762,2177 2812,2179 2821,2179 2819,2224 2811,2224 2761,2222 2725,2221"/>
          <TextEquiv>
            <Unicode>wel</Unicode>
          </TextEquiv>
        </Word>
        <Word id="word_334a8acd-d432-4e89-9770-9daa5d0dcaec">
          <Coords points="2853,2181 2862,2181 2912,2183 2962,2185 3012,2187 3062,2189 3112,2191 3161,2191 3212,2193 3230,2194 3228,2239 3211,2238 3161,2236 3111,2236 3061,2234 3011,2232 2961,2230 2911,2228 2861,2226 2851,2226"/>
          <TextEquiv>
            <Unicode>Expresselijk</Unicode>
          </TextEquiv>
        </Word>
        <Word id="word_a39948ee-4d9a-4be5-af4c-83eb98841d61">
          <Coords points="3261,2195 3262,2195 3312,2196 3362,2197 3411,2200 3414,2201 3419,2245 3410,2246 3361,2242 3311,2241 3261,2240 3259,2240"/>
          <TextEquiv>
            <Unicode>waer„</Unicode>
          </TextEquiv>
        </Word>
        <TextEquiv conf="0.9031065905583185">
          <Unicode>mogelijk binnen delogie houden en uijtgaende wel Expresselijk waer„</Unicode>
        </TextEquiv>
        <TextStyle xHeight="47"/>
      </TextLine>
      <TextLine id="line_13a63705-0113-4c02-a95a-6ec93b32e3c5">
        <Coords points="1237,2235 1391,2231 1423,2219 1443,2202 1679,2202 1687,2210 1750,2223 2006,2222 2094,2258 2138,2286 2262,2301 2282,2290 2342,2283 2386,2263 2438,2226 2506,2226 2538,2242 2801,2242 2869,2302 2941,2302 2953,2293 3098,2295 3098,2379 2981,2379 2973,2385 2282,2384 2266,2372 2194,2372 2166,2344 1806,2344 1774,2373 1750,2377 1722,2401 1659,2401 1623,2388 1591,2388 1583,2380 1551,2380 1543,2372 1495,2372 1487,2364 1315,2364 1267,2336 1237,2332"/>
        <Baseline points="1278,2315 1328,2308 1378,2307 1428,2308 1478,2307 1528,2308 1578,2307 1628,2308 1678,2308 1728,2308 1778,2310 1828,2311 1878,2313 1928,2314 1978,2315 2028,2316 2078,2319 2128,2321 2178,2323 2228,2324 2278,2325 2328,2328 2378,2330 2428,2332 2478,2336 2528,2338 2578,2340 2628,2343 2678,2345 2728,2347 2778,2349 2828,2350 2878,2352 2928,2354 2978,2356 3028,2356 3058,2359"/>
        <Word id="word_057a7673-063e-48d8-8bbf-c66a2980b783">
          <Coords points="1273,2280 1323,2273 1377,2272 1429,2273 1477,2272 1529,2273 1563,2272 1564,2317 1528,2318 1478,2317 1428,2318 1378,2317 1329,2318 1279,2325"/>
          <TextEquiv>
            <Unicode>„schouwen</Unicode>
          </TextEquiv>
        </Word>
        <Word id="word_87996672-3021-46d5-b371-cf75d7da89b5">
          <Coords points="1597,2272 1629,2273 1678,2273 1728,2273 1779,2275 1819,2276 1818,2321 1778,2320 1728,2318 1678,2318 1628,2318 1595,2317"/>
          <TextEquiv>
            <Unicode>niemand</Unicode>
          </TextEquiv>
        </Word>
        <Word id="word_e600dc77-2121-4af6-a9b7-4bb0b87287c7">
          <Coords points="1852,2276 1880,2278 1883,2278 1882,2323 1877,2323 1850,2321"/>
          <TextEquiv>
            <Unicode>t</Unicode>
          </TextEquiv>
        </Word>
        <Word id="word_695566ba-75f9-400a-85f2-6a8b21a6db33">
          <Coords points="1914,2279 1929,2279 1979,2280 2029,2281 2080,2284 2106,2285 2104,2330 2077,2329 2028,2326 1978,2325 1928,2324 1913,2324"/>
          <TextEquiv>
            <Unicode>eenige</Unicode>
          </TextEquiv>
        </Word>
        <Word id="word_d39e161b-7f77-4490-9586-c34ae2ba9a7c">
          <Coords points="2138,2286 2179,2288 2201,2288 2200,2333 2178,2333 2136,2331"/>
          <TextEquiv>
            <Unicode>de</Unicode>
          </TextEquiv>
        </Word>
        <Word id="word_af1aea92-3079-4b16-90a5-620ac1087b08">
          <Coords points="2232,2289 2279,2290 2330,2293 2379,2295 2424,2297 2422,2342 2378,2340 2327,2338 2278,2335 2231,2334"/>
          <TextEquiv>
            <Unicode>minste</Unicode>
          </TextEquiv>
        </Word>
        <Word id="word_df5f4d95-d568-4b7b-8fc5-6c1f9b76f5f1">
          <Coords points="2458,2298 2482,2301 2529,2303 2579,2305 2630,2308 2679,2310 2710,2311 2708,2356 2678,2355 2627,2353 2578,2350 2528,2348 2477,2346 2453,2343"/>
          <TextEquiv>
            <Unicode>overlast</Unicode>
          </TextEquiv>
        </Word>
        <Word id="word_4669d1c7-6765-400c-a1ff-df806b186f45">
          <Coords points="2741,2313 2779,2314 2804,2315 2803,2360 2778,2359 2740,2357"/>
          <TextEquiv>
            <Unicode>te</Unicode>
          </TextEquiv>
        </Word>
        <Word id="word_437fc35d-dc01-49fd-b967-9a6fc0b08789">
          <Coords points="2837,2315 2880,2317 2929,2319 2964,2320 2962,2365 2928,2364 2878,2362 2835,2360"/>
          <TextEquiv>
            <Unicode>doen</Unicode>
          </TextEquiv>
        </Word>
        <Word id="word_18b8006f-67a5-40f9-a4a1-597990a083dd">
          <Coords points="2994,2322 3027,2321 3061,2324 3057,2369 3028,2366 2995,2367"/>
          <TextEquiv>
            <Unicode>/.</Unicode>
          </TextEquiv>
        </Word>
        <TextEquiv conf="0.888790219209382">
          <Unicode>„schouwen niemand t eenige de minste overlast te doen /.</Unicode>
        </TextEquiv>
        <TextStyle xHeight="47"/>
      </TextLine>
      <TextLine id="d8aa5a26-4ec6-425c-bc94-148e2a1f899e">
        <Coords points="881,2322 1119,2322 1143,2345 1160,2345 1175,2356 1211,2323 1715,2315 1742,2342 2158,2342 2193,2373 2269,2373 2281,2385 2813,2385 2853,2389 2869,2405 2885,2405 2900,2417 3297,2411 3297,2495 3216,2495 3196,2508 3076,2508 3052,2532 2641,2527 2597,2503 2565,2503 2505,2540 2473,2548 2445,2539 2357,2539 2321,2507 2265,2507 2225,2469 2030,2476 2018,2488 1950,2487 1911,2461 1886,2461 1878,2469 1754,2469 1722,2492 1702,2492 1671,2523 1610,2484 1582,2508 1550,2520 1434,2520 1394,2483 1374,2479 881,2484"/>
        <Baseline points="922,2444 972,2441 1022,2438 1072,2437 1122,2437 1172,2437 1222,2436 1272,2436 1322,2435 1372,2435 1422,2436 1472,2435 1522,2435 1572,2437 1622,2438 1672,2439 1722,2440 1772,2442 1822,2442 1872,2443 1922,2444 1972,2445 2022,2445 2072,2447 2122,2449 2172,2449 2222,2449 2272,2451 2322,2453 2372,2454 2422,2456 2472,2456 2522,2456 2572,2457 2622,2460 2672,2462 2722,2464 2772,2465 2822,2466 2872,2467 2922,2467 2972,2468 3022,2469 3072,2471 3122,2472 3172,2475 3222,2477 3257,2475"/>
        <Word id="word_beb76bd1-d7bc-4080-963d-8d8d0c5f70f0">
          <Coords points="920,2409 970,2406 1020,2403 1071,2402 1073,2402 1073,2447 1072,2447 1023,2448 973,2451 923,2454"/>
          <TextEquiv>
            <Unicode>ul:s</Unicode>
          </TextEquiv>
        </Word>
        <Word id="word_2499a907-3df8-4d94-af84-764a2fb9edf5">
          <Coords points="1110,2402 1122,2402 1172,2402 1221,2401 1261,2401 1261,2446 1222,2446 1172,2447 1122,2447 1110,2447"/>
          <TextEquiv>
            <Unicode>sult</Unicode>
          </TextEquiv>
        </Word>
        <Word id="word_e774ee2c-5373-4e46-8079-57165e356a0c">
          <Coords points="1297,2401 1321,2400 1372,2400 1412,2401 1411,2446 1372,2445 1322,2445 1299,2446"/>
          <TextEquiv>
            <Unicode>des</Unicode>
          </TextEquiv>
        </Word>
        <Word id="word_1359b99a-e393-42ff-8827-6d9ac26a83fe">
          <Coords points="1447,2402 1470,2400 1522,2400 1573,2402 1623,2403 1673,2404 1676,2404 1675,2449 1672,2449 1622,2448 1572,2447 1522,2445 1473,2445 1450,2447"/>
          <TextEquiv>
            <Unicode>maj„ts</Unicode>
          </TextEquiv>
        </Word>
        <Word id="word_7c557962-2de8-40dd-93a7-9c088e0ca115">
          <Coords points="1714,2405 1723,2405 1773,2407 1788,2407 1788,2452 1772,2452 1722,2450 1713,2450"/>
          <TextEquiv>
            <Unicode>t'</Unicode>
          </TextEquiv>
        </Word>
        <Word id="word_8e3478d2-2f44-4fd9-be12-fbbfbe714549">
          <Coords points="1827,2407 1873,2408 1923,2409 1973,2410 2022,2410 2073,2412 2123,2414 2165,2414 2165,2459 2122,2459 2072,2457 2022,2455 1972,2455 1922,2454 1872,2453 1826,2452"/>
          <TextEquiv>
            <Unicode>achterh:t</Unicode>
          </TextEquiv>
        </Word>
        <Word id="word_d60905a2-4458-4179-a79c-c200c6f3a336">
          <Coords points="2203,2414 2222,2414 2273,2416 2323,2418 2373,2419 2423,2421 2428,2421 2428,2466 2422,2466 2372,2464 2322,2463 2272,2461 2222,2459 2203,2459"/>
          <TextEquiv>
            <Unicode>wegens</Unicode>
          </TextEquiv>
        </Word>
        <Word id="word_5e96ac6c-7388-4d15-97c8-6af133696289">
          <Coords points="2466,2421 2472,2421 2522,2421 2573,2422 2619,2425 2616,2470 2572,2467 2522,2466 2472,2466 2466,2466"/>
          <TextEquiv>
            <Unicode>sijn</Unicode>
          </TextEquiv>
        </Word>
        <Word id="word_8d464f36-2c49-4ae6-871c-b9b9be9bc954">
          <Coords points="2655,2427 2672,2427 2723,2429 2773,2430 2823,2431 2873,2432 2880,2432 2880,2477 2872,2477 2822,2476 2772,2475 2722,2474 2672,2472 2654,2472"/>
          <TextEquiv>
            <Unicode>schult</Unicode>
          </TextEquiv>
        </Word>
        <Word id="word_9e82397d-3474-4637-8114-35e3ae4c210c">
          <Coords points="2918,2432 2922,2432 2973,2433 3023,2434 3070,2436 3068,2481 3022,2479 2972,2478 2922,2477 2918,2477"/>
          <TextEquiv>
            <Unicode>oocq</Unicode>
          </TextEquiv>
        </Word>
        <Word id="word_caebdaf2-f154-4d59-ba34-1f0e8fcd4657">
          <Coords points="3106,2437 3121,2437 3174,2440 3223,2442 3255,2440 3257,2485 3222,2487 3171,2485 3122,2482 3107,2482"/>
          <TextEquiv>
            <Unicode>sien</Unicode>
          </TextEquiv>
        </Word>
        <TextEquiv conf="0.8740859233954129">
          <Unicode>ul:s sult des maj„ts t' achterh:t wegens sijn schult oocq sien</Unicode>
        </TextEquiv>
        <TextStyle xHeight="57"/>
      </TextLine>
      <TextLine id="line_7236757e-e149-4e61-a0c0-725b08b88265">
        <Coords points="1274,2479 1392,2483 1432,2520 1548,2520 1599,2502 1615,2487 1668,2523 1736,2460 1752,2468 1877,2468 1884,2461 1908,2460 1952,2487 2016,2488 2028,2476 2116,2476 2144,2457 2242,2457 2300,2511 2311,2511 2323,2523 2340,2513 2368,2538 2444,2538 2470,2547 2517,2535 2564,2503 2600,2503 2640,2527 3052,2532 3072,2515 3252,2515 3284,2542 3424,2547 3436,2535 3461,2535 3461,2619 3448,2622 3402,2665 3336,2665 3308,2645 2976,2645 2936,2680 2716,2681 2704,2669 2612,2665 2568,2625 2076,2617 2053,2634 2024,2634 1992,2605 1884,2605 1837,2641 1760,2641 1717,2598 1669,2571 1404,2575 1396,2583 1274,2578"/>
        <Baseline points="1315,2557 1365,2562 1415,2561 1465,2560 1515,2559 1565,2560 1615,2561 1665,2561 1715,2562 1765,2564 1815,2564 1865,2566 1915,2567 1965,2569 2015,2570 2065,2570 2115,2572 2165,2573 2215,2574 2265,2575 2315,2575 2365,2576 2415,2578 2465,2579 2515,2581 2565,2583 2615,2584 2665,2584 2715,2584 2765,2585 2815,2585 2865,2585 2915,2586 2965,2588 3015,2588 3065,2589 3115,2590 3165,2593 3215,2593 3265,2595 3315,2596 3365,2597 3415,2598 3421,2599"/>
        <Word id="word_98cd9221-1f00-4434-a302-6681dbbff3ee">
          <Coords points="1318,2522 1368,2527 1414,2526 1464,2525 1514,2524 1546,2525 1545,2570 1515,2569 1465,2570 1415,2571 1364,2572 1314,2567"/>
          <TextEquiv>
            <Unicode>t'jnnen</Unicode>
          </TextEquiv>
        </Word>
        <Word id="word_452803d3-ac23-41fe-aafb-f86703735df8">
          <Coords points="1579,2525 1616,2526 1665,2526 1716,2527 1744,2528 1742,2573 1715,2572 1665,2571 1615,2571 1578,2570"/>
          <TextEquiv>
            <Unicode>onder</Unicode>
          </TextEquiv>
        </Word>
        <Word id="word_8eeb7cb7-3340-4552-a0c1-d83a23dcce2d">
          <Coords points="1775,2529 1815,2529 1866,2531 1916,2532 1966,2534 2007,2535 2006,2580 1965,2579 1915,2577 1865,2576 1815,2574 1776,2574"/>
          <TextEquiv>
            <Unicode>reserve</Unicode>
          </TextEquiv>
        </Word>
        <Word id="word_df1aa286-5cfb-4bc9-8347-74fb1fb07147">
          <Coords points="2038,2535 2064,2535 2116,2537 2166,2538 2216,2539 2266,2540 2269,2540 2269,2585 2265,2585 2215,2584 2165,2583 2115,2582 2065,2580 2039,2580"/>
          <TextEquiv>
            <Unicode>deselve</Unicode>
          </TextEquiv>
        </Word>
        <Word id="word_16e45042-5410-4738-8cfb-730e4f26ba47">
          <Coords points="2302,2540 2315,2540 2366,2541 2416,2543 2466,2544 2516,2546 2534,2547 2532,2592 2515,2591 2465,2589 2415,2588 2365,2586 2315,2585 2302,2585"/>
          <TextEquiv>
            <Unicode>wanneer</Unicode>
          </TextEquiv>
        </Word>
        <Word id="word_19a4d8c2-9b71-4cd9-a546-6f83b8072933">
          <Coords points="2566,2548 2599,2549 2598,2594 2565,2593"/>
          <TextEquiv>
            <Unicode>t</Unicode>
          </TextEquiv>
        </Word>
        <Word id="word_1663ce38-1a91-4e50-80ee-6b0bbfbcc273">
          <Coords points="2631,2549 2665,2549 2715,2549 2766,2550 2796,2550 2796,2595 2765,2595 2715,2594 2665,2594 2631,2594"/>
          <TextEquiv>
            <Unicode>Schip</Unicode>
          </TextEquiv>
        </Word>
        <Word id="word_6235c678-63fc-4e2b-a8f1-ae2c9b60b506">
          <Coords points="2829,2550 2865,2550 2916,2551 2966,2553 2993,2553 2993,2598 2965,2598 2915,2596 2865,2595 2829,2595"/>
          <TextEquiv>
            <Unicode>compt</Unicode>
          </TextEquiv>
        </Word>
        <Word id="word_560e854d-44a5-4013-b5b9-8ff5e0be7b8a">
          <Coords points="3027,2553 3066,2554 3116,2555 3160,2558 3157,2603 3115,2600 3065,2599 3026,2598"/>
          <TextEquiv>
            <Unicode>naer</Unicode>
          </TextEquiv>
        </Word>
        <Word id="word_cde20a72-ab7e-4e1c-9407-3d43e884e153">
          <Coords points="3188,2560 3213,2558 3266,2560 3316,2561 3366,2562 3416,2563 3427,2564 3419,2609 3415,2608 3365,2607 3315,2606 3265,2605 3216,2603 3191,2605"/>
          <TextEquiv>
            <Unicode>Batavia</Unicode>
          </TextEquiv>
        </Word>
        <TextEquiv conf="0.9037306714837191">
          <Unicode>t'jnnen onder reserve deselve wanneer t Schip compt naer Batavia</Unicode>
        </TextEquiv>
        <TextStyle xHeight="43"/>
      </TextLine>
      <TextLine id="b36a4190-7ed9-483f-81d2-a2da73b3b7bf">
        <Coords points="1263,2581 1385,2586 1405,2574 1670,2570 1725,2605 1761,2641 1834,2641 1881,2605 1993,2605 2025,2634 2053,2634 2068,2621 2082,2629 2097,2617 2568,2625 2612,2665 2704,2669 2716,2681 2737,2682 2936,2681 2976,2645 3389,2651 3389,2735 3252,2735 3216,2770 3168,2790 2716,2790 2708,2798 2564,2798 2544,2806 2041,2802 1913,2797 1861,2746 1263,2738"/>
        <Baseline points="1304,2683 1354,2682 1404,2682 1454,2684 1504,2685 1554,2686 1604,2686 1654,2686 1704,2687 1754,2688 1804,2688 1854,2689 1904,2689 1954,2690 2004,2691 2054,2691 2104,2692 2154,2694 2204,2695 2254,2697 2304,2698 2354,2700 2404,2701 2454,2703 2504,2704 2554,2704 2604,2705 2654,2705 2704,2706 2754,2708 2804,2709 2854,2710 2904,2712 2954,2713 3004,2713 3054,2715 3104,2716 3154,2718 3204,2719 3254,2718 3304,2718 3349,2715"/>
        <Word id="word_969eb407-8363-418c-8495-cca407a97fca">
          <Coords points="1303,2648 1353,2647 1404,2647 1455,2649 1496,2650 1496,2695 1454,2694 1404,2692 1354,2692 1304,2693"/>
          <TextEquiv>
            <Unicode>senden</Unicode>
          </TextEquiv>
        </Word>
        <Word id="word_2d05643b-c183-44f2-b376-360530883510">
          <Coords points="1528,2650 1555,2651 1604,2651 1654,2651 1656,2651 1655,2696 1654,2696 1604,2696 1554,2696 1527,2695"/>
          <TextEquiv>
            <Unicode>sult</Unicode>
          </TextEquiv>
        </Word>
        <Word id="word_982f3bfe-9196-4d1a-a19c-d00da5b0c062">
          <Coords points="1688,2652 1705,2652 1755,2653 1783,2653 1783,2698 1754,2698 1704,2697 1687,2697"/>
          <TextEquiv>
            <Unicode>dat</Unicode>
          </TextEquiv>
        </Word>
        <Word id="word_acdca1c2-6fc1-4b4a-aa26-4135bd6a6521">
          <Coords points="1816,2653 1855,2654 1904,2654 1912,2654 1911,2699 1904,2699 1854,2699 1815,2698"/>
          <TextEquiv>
            <Unicode>ul.</Unicode>
          </TextEquiv>
        </Word>
        <Word id="word_ee020b21-7a9f-409b-afc6-16502e632b9f">
          <Coords points="1944,2655 1955,2655 1976,2655 1975,2700 1954,2700 1943,2700"/>
          <TextEquiv>
            <Unicode>s</Unicode>
          </TextEquiv>
        </Word>
        <Word id="word_421d9153-12e5-4bff-acf5-51f9cfef5180">
          <Coords points="2007,2656 2054,2656 2105,2657 2136,2658 2134,2703 2104,2702 2054,2701 2007,2701"/>
          <TextEquiv>
            <Unicode>mede</Unicode>
          </TextEquiv>
        </Word>
        <Word id="word_44183a1a-1da9-4907-896f-cbefc17bc36c">
          <Coords points="2167,2660 2204,2660 2232,2661 2230,2706 2204,2705 2167,2705"/>
          <TextEquiv>
            <Unicode>op</Unicode>
          </TextEquiv>
        </Word>
        <Word id="word_18aec04e-3d78-4fe2-a886-b22a3ddcc43a">
          <Coords points="2263,2662 2305,2663 2328,2664 2326,2709 2304,2708 2263,2707"/>
          <TextEquiv>
            <Unicode>'t</Unicode>
          </TextEquiv>
        </Word>
        <Word id="word_e009e058-4078-4c44-87f9-c8d14d3c469f">
          <Coords points="2359,2665 2405,2666 2455,2668 2505,2669 2554,2669 2605,2670 2614,2670 2614,2715 2604,2715 2554,2714 2504,2714 2454,2713 2404,2711 2358,2710"/>
          <TextEquiv>
            <Unicode>hooghste</Unicode>
          </TextEquiv>
        </Word>
        <Word id="word_20771c9f-cd30-4d32-ab49-bed835f5ffda">
          <Coords points="2646,2670 2654,2670 2705,2671 2755,2673 2805,2674 2855,2675 2905,2677 2955,2678 3004,2678 3055,2680 3105,2681 3127,2682 3125,2727 3104,2726 3054,2725 3004,2723 2954,2723 2904,2722 2854,2720 2804,2719 2754,2718 2704,2716 2654,2715 2646,2715"/>
          <TextEquiv>
            <Unicode>gerecommandeert</Unicode>
          </TextEquiv>
        </Word>
        <Word id="word_ee140200-1579-4e99-8a4b-c87dbee70b6e">
          <Coords points="3158,2683 3205,2684 3253,2683 3304,2683 3347,2680 3350,2725 3304,2728 3254,2728 3204,2729 3157,2728"/>
          <TextEquiv>
            <Unicode>blijft</Unicode>
          </TextEquiv>
        </Word>
        <TextEquiv conf="0.9320688378043992">
          <Unicode>senden sult dat ul. s mede op 't hooghste gerecommandeert blijft</Unicode>
        </TextEquiv>
        <TextStyle xHeight="48"/>
      </TextLine>
      <TextLine id="line_21bad47d-7dfc-40e1-8d9e-9bc6eef2db14">
        <Coords points="1233,2732 1925,2735 1925,2819 1892,2820 1872,2839 1681,2843 1649,2875 1233,2870"/>
        <Baseline points="1274,2808 1324,2802 1374,2799 1424,2798 1474,2798 1524,2799 1574,2798 1624,2798 1674,2799 1724,2799 1774,2799 1824,2803 1874,2802 1885,2799"/>
        <Word id="word_060eeec4-81e2-4c8e-b4e0-63a844baa924">
          <Coords points="1270,2773 1320,2767 1372,2764 1395,2764 1396,2809 1375,2809 1325,2812 1275,2818"/>
          <TextEquiv>
            <Unicode>per</Unicode>
          </TextEquiv>
        </Word>
        <Word id="word_7c54b11b-e056-4ef7-983f-7d3dfef9e126">
          <Coords points="1437,2763 1474,2763 1525,2764 1573,2763 1624,2763 1675,2764 1724,2764 1763,2764 1763,2809 1724,2809 1674,2809 1624,2808 1574,2808 1524,2809 1474,2808 1437,2808"/>
          <TextEquiv>
            <Unicode>gouverno</Unicode>
          </TextEquiv>
        </Word>
        <Word id="word_d1989b2d-f8b8-42d3-8a9a-c64910fd6fb9">
          <Coords points="1811,2765 1831,2769 1873,2767 1876,2765 1887,2809 1874,2812 1822,2813 1802,2809"/>
          <TextEquiv>
            <Unicode>/.</Unicode>
          </TextEquiv>
        </Word>
        <TextEquiv conf="0.9201806268471326">
          <Unicode>per gouverno /.</Unicode>
        </TextEquiv>
        <TextStyle xHeight="46"/>
      </TextLine>
    </TextRegion>
    <TextRegion id="region_15f89cd4-88d8-4349-bbb9-01e10b6f5452_1" custom="structure {type:paragraph;}">
      <Coords points="1093,3005 1138,3005 1170,2998 1230,3002 1254,3016 1286,3047 1296,3072 1303,3293 1293,3415 1289,3664 1282,3696 1275,3808 1293,3857 1310,3871 1363,3878 1380,3871 1415,3867 1706,3864 1755,3871 1818,3871 1944,3881 2526,3895 2638,3909 2844,3913 2946,3920 3160,3920 3209,3916 3230,3909 3254,3913 3282,3909 3314,3920 3345,3923 3380,3913 3401,3888 3405,3871 3401,3867 3398,3545 3380,3496 3380,3419 3373,3356 3373,3300 3380,3272 3373,3153 3359,3093 3359,3040 3349,3012 3345,2970 3338,2953 3324,2942 3310,2939 3191,2946 3111,2939 3083,2932 2869,2928 2865,2925 2631,2928 2456,2914 2284,2911 2200,2904 2053,2907 2004,2900 1930,2900 1899,2893 1741,2897 1702,2886 1639,2890 1580,2900 1559,2897 1450,2907 1398,2900 1335,2900 1286,2890 1226,2893 1177,2886 1152,2890 1177,2890 1198,2900 1216,2918 1219,2928 1216,2953 1184,2970 1124,2977 1110,2984"/>
      <TextLine id="line_9bc4ef24-c29e-40f3-a596-91c7526d5913">
        <Coords points="897,2862 1160,2857 1190,2830 1207,2838 1215,2830 1240,2829 1250,2838 1280,2829 1291,2818 1383,2813 1438,2817 1495,2873 1647,2874 1679,2842 1723,2841 1743,2849 1787,2893 1871,2894 1915,2850 2023,2846 2043,2826 2422,2825 2462,2861 2494,2873 2526,2897 3078,2897 3110,2905 3170,2943 3343,2943 3343,3026 2682,3026 2610,3062 2483,3070 2471,3058 2346,3062 2334,3053 2310,3053 2262,3010 2103,3002 2096,2995 1995,2995 1979,3007 1923,3007 1903,3027 1863,3043 1767,3043 1731,3038 1711,3018 1451,3019 1395,2994 1131,2994 1087,3031 1031,3058 943,3078 897,3078"/>
        <Baseline points="938,2978 988,2976 1038,2973 1088,2971 1138,2970 1188,2967 1238,2966 1288,2963 1338,2962 1388,2964 1438,2964 1488,2965 1538,2965 1588,2964 1638,2966 1688,2968 1738,2968 1788,2967 1838,2967 1888,2968 1938,2970 1988,2972 2038,2973 2088,2972 2138,2971 2188,2972 2238,2975 2288,2976 2338,2977 2388,2975 2438,2976 2488,2978 2538,2980 2588,2982 2638,2983 2688,2985 2738,2986 2788,2988 2838,2989 2888,2992 2938,2992 2988,2994 3038,2995 3088,2995 3138,2996 3188,2998 3238,3002 3288,3007 3303,3006"/>
        <Word id="word_d105828a-e7ba-481e-a57c-0ccb642c7b03">
          <Coords points="937,2943 987,2941 1017,2939 1020,2984 988,2986 938,2988"/>
          <TextEquiv>
            <Unicode>te</Unicode>
          </TextEquiv>
        </Word>
        <Word id="word_c5b93ff0-90a2-4a73-807a-dbf9882f69ce">
          <Coords points="1059,2937 1087,2936 1137,2935 1186,2932 1223,2931 1224,2976 1189,2977 1138,2980 1088,2981 1060,2982"/>
          <TextEquiv>
            <Unicode>hove</Unicode>
          </TextEquiv>
        </Word>
        <Word id="word_e38c7f01-d0b9-4631-8db0-2fcf98320697">
          <Coords points="1261,2931 1284,2928 1337,2927 1389,2929 1427,2929 1427,2974 1388,2974 1338,2972 1289,2973 1265,2975"/>
          <TextEquiv>
            <Unicode>voor</Unicode>
          </TextEquiv>
        </Word>
        <Word id="word_46a09e11-98fa-42c9-880a-3dc9eca2c194">
          <Coords points="1470,2929 1490,2930 1538,2930 1587,2929 1592,2929 1590,2974 1588,2974 1538,2975 1488,2975 1467,2974"/>
          <TextEquiv>
            <Unicode>den</Unicode>
          </TextEquiv>
        </Word>
        <Word id="word_b4532f8f-0b76-4ed5-851d-9d9110778eff">
          <Coords points="1633,2931 1639,2931 1689,2933 1738,2933 1787,2932 1838,2932 1889,2933 1918,2934 1916,2979 1888,2978 1838,2977 1788,2977 1738,2978 1688,2978 1638,2976 1631,2976"/>
          <TextEquiv>
            <Unicode>Coningh</Unicode>
          </TextEquiv>
        </Word>
        <Word id="word_7058464c-796e-444a-8f47-7a5726f785dc">
          <Coords points="1959,2936 1989,2937 2039,2938 2087,2937 2137,2936 2162,2936 2161,2981 2138,2981 2088,2982 2038,2983 1988,2982 1957,2981"/>
          <TextEquiv>
            <Unicode>prine</Unicode>
          </TextEquiv>
        </Word>
        <Word id="word_5df9a6d3-098b-44b7-a768-1194cbcd0ca7">
          <Coords points="2205,2937 2241,2940 2289,2941 2339,2942 2364,2941 2366,2986 2338,2987 2288,2986 2237,2985 2201,2982"/>
          <TextEquiv>
            <Unicode>ofte</Unicode>
          </TextEquiv>
        </Word>
        <Word id="word_d86cfb9c-41b8-4662-a67f-0e81ae136f29">
          <Coords points="2408,2939 2440,2941 2489,2943 2539,2945 2589,2947 2611,2947 2610,2992 2588,2992 2538,2990 2488,2988 2437,2986 2406,2984"/>
          <TextEquiv>
            <Unicode>andre</Unicode>
          </TextEquiv>
        </Word>
        <Word id="word_45415c81-0396-4c1c-812e-0ec4e310de53">
          <Coords points="2652,2948 2690,2950 2739,2951 2789,2953 2839,2954 2890,2957 2936,2957 2936,3002 2887,3002 2838,2999 2788,2998 2738,2996 2688,2995 2650,2993"/>
          <TextEquiv>
            <Unicode>grooten</Unicode>
          </TextEquiv>
        </Word>
        <Word id="word_4d2faeb6-ca0b-4f5e-93d0-09545a20cfd1">
          <Coords points="2983,2958 2994,2960 3039,2960 3088,2960 3139,2961 3189,2963 3241,2967 3291,2972 3300,2971 3303,3016 3287,3017 3237,3012 3188,3008 3138,3006 3088,3005 3038,3005 2986,3004 2975,3002"/>
          <TextEquiv>
            <Unicode>ontboden</Unicode>
          </TextEquiv>
        </Word>
        <TextEquiv conf="0.8958304877100803">
          <Unicode>te hove voor den Coningh prine ofte andre grooten ontboden</Unicode>
        </TextEquiv>
        <TextStyle xHeight="59"/>
      </TextLine>
      <TextLine id="ea87d6f9-4bdc-4d21-9bb9-8eb660ca02be">
        <Coords points="1268,2995 1395,2995 1450,3019 1710,3018 1730,3038 1766,3043 1862,3043 1910,3023 1926,3007 1978,3007 1994,2995 2499,2995 2534,3030 2644,3030 2658,3042 2670,3034 2790,3034 2862,3066 3339,3066 3339,3150 3082,3150 3050,3140 3023,3141 3015,3133 2958,3133 2726,3137 2710,3153 2426,3153 2390,3148 2362,3121 2230,3114 2186,3122 2166,3137 2014,3137 2006,3145 1978,3140 1930,3184 1862,3185 1738,3117 1538,3117 1511,3098 1442,3098 1418,3122 1268,3122"/>
        <Baseline points="1309,3090 1359,3090 1409,3088 1459,3088 1509,3088 1559,3088 1609,3090 1659,3090 1709,3091 1759,3091 1809,3093 1859,3095 1909,3093 1959,3094 2009,3097 2059,3098 2109,3098 2159,3102 2209,3104 2259,3106 2309,3104 2359,3105 2409,3106 2459,3108 2509,3111 2559,3113 2609,3115 2659,3117 2709,3119 2759,3120 2809,3120 2859,3122 2909,3124 2959,3125 3009,3126 3059,3127 3109,3128 3159,3128 3209,3130 3259,3130 3299,3130"/>
        <Word id="word_641f6ed1-a53e-4571-8442-f13d85c5b2fc">
          <Coords points="1309,3055 1359,3055 1408,3053 1459,3053 1502,3053 1502,3098 1459,3098 1409,3098 1359,3100 1309,3100"/>
          <TextEquiv>
            <Unicode>werden</Unicode>
          </TextEquiv>
        </Word>
        <Word id="word_29fabcae-a85d-4d1c-82c8-6a3313150da6">
          <Coords points="1534,3053 1559,3053 1610,3055 1659,3055 1663,3055 1662,3100 1659,3100 1609,3100 1559,3098 1534,3098"/>
          <TextEquiv>
            <Unicode>sult</Unicode>
          </TextEquiv>
        </Word>
        <Word id="word_8a944186-9b9a-45e2-9c72-638b96c17302">
          <Coords points="1695,3056 1710,3056 1726,3056 1726,3101 1709,3101 1694,3101"/>
          <TextEquiv>
            <Unicode>u</Unicode>
          </TextEquiv>
        </Word>
        <Word id="word_c5251726-3d76-4d5b-b632-b6f7dc8ea20f">
          <Coords points="1759,3056 1759,3056 1810,3058 1860,3060 1908,3058 1960,3059 2011,3062 2060,3063 2109,3063 2146,3066 2143,3111 2109,3108 2059,3108 2008,3107 1959,3104 1909,3103 1859,3105 1809,3103 1759,3101 1759,3101"/>
          <TextEquiv>
            <Unicode>voorsightigh</Unicode>
          </TextEquiv>
        </Word>
        <Word id="word_6bb84f00-cc91-465d-a772-48684deca108">
          <Coords points="2176,3068 2210,3069 2241,3070 2239,3115 2209,3114 2175,3113"/>
          <TextEquiv>
            <Unicode>en</Unicode>
          </TextEquiv>
        </Word>
        <Word id="word_aacb0874-7ecf-49c4-ac60-585f135577dc">
          <Coords points="2269,3072 2307,3069 2360,3070 2410,3071 2460,3073 2511,3076 2560,3078 2562,3078 2560,3123 2559,3123 2508,3121 2459,3118 2409,3116 2359,3115 2310,3114 2273,3116"/>
          <TextEquiv>
            <Unicode>minneli.k</Unicode>
          </TextEquiv>
        </Word>
        <Word id="word_eea6d80e-e253-48dd-883b-78581af5a080">
          <Coords points="2594,3079 2610,3080 2660,3082 2690,3083 2689,3128 2659,3127 2609,3125 2592,3124"/>
          <TextEquiv>
            <Unicode>int</Unicode>
          </TextEquiv>
        </Word>
        <Word id="word_b8250442-ebc0-4e91-b6b0-a60161ab6cbe">
          <Coords points="2722,3084 2759,3085 2809,3085 2860,3087 2910,3089 2960,3090 3010,3091 3043,3092 3042,3137 3009,3136 2959,3135 2909,3134 2859,3132 2809,3130 2759,3130 2721,3129"/>
          <TextEquiv>
            <Unicode>antwoorden</Unicode>
          </TextEquiv>
        </Word>
        <Word id="word_7de1c6fc-7594-426b-bfd5-1925c35e06e1">
          <Coords points="3075,3092 3110,3093 3138,3093 3138,3138 3109,3138 3074,3137"/>
          <TextEquiv>
            <Unicode>op</Unicode>
          </TextEquiv>
        </Word>
        <Word id="word_510090af-9eb8-4ab3-a906-15a75a54c300">
          <Coords points="3172,3093 3211,3095 3259,3095 3299,3095 3299,3140 3259,3140 3208,3140 3170,3138"/>
          <TextEquiv>
            <Unicode>hare</Unicode>
          </TextEquiv>
        </Word>
        <TextEquiv conf="0.8842523954520771">
          <Unicode>werden sult u voorsightigh en minneli.k int antwoorden op hare</Unicode>
        </TextEquiv>
        <TextStyle xHeight="38"/>
      </TextLine>
      <TextLine id="bb8e39cd-2873-4bfc-b825-9d82ef1e3848">
        <Coords points="1264,3121 1418,3121 1442,3097 1754,3104 1802,3152 1862,3185 1927,3185 1978,3140 2006,3145 2014,3137 2166,3137 2186,3121 2218,3121 2230,3113 2363,3121 2390,3148 2426,3153 2710,3153 2726,3137 3016,3133 3024,3141 3070,3144 3122,3182 3303,3182 3303,3266 3250,3266 3181,3333 3070,3333 3050,3320 3014,3316 2890,3316 2863,3289 2790,3289 2782,3281 2718,3282 2695,3304 2689,3301 2666,3317 2586,3253 2566,3253 2555,3242 2262,3242 2214,3258 2201,3270 2142,3270 2110,3300 2015,3234 1878,3234 1798,3309 1741,3258 1734,3264 1646,3266 1614,3237 1506,3234 1482,3254 1458,3254 1446,3266 1398,3261 1338,3274 1264,3274"/>
        <Baseline points="1305,3213 1355,3209 1405,3210 1455,3210 1505,3209 1555,3210 1605,3211 1655,3212 1705,3215 1755,3215 1805,3216 1855,3218 1905,3219 1955,3217 2005,3218 2055,3219 2105,3219 2155,3220 2205,3221 2255,3224 2305,3226 2355,3226 2405,3229 2455,3231 2505,3232 2555,3234 2605,3235 2655,3237 2705,3239 2755,3240 2805,3240 2855,3241 2905,3243 2955,3244 3005,3244 3055,3245 3105,3245 3155,3248 3205,3249 3255,3250 3263,3246"/>
        <Word id="word_13c8ba6e-6a59-4eca-bc18-eb9081b2a712">
          <Coords points="1302,3178 1352,3174 1406,3175 1455,3175 1504,3174 1556,3175 1606,3176 1656,3177 1707,3180 1722,3180 1722,3225 1704,3225 1655,3222 1605,3221 1555,3220 1505,3219 1455,3220 1405,3220 1356,3219 1306,3223"/>
          <TextEquiv>
            <Unicode>vragenhouden,</Unicode>
          </TextEquiv>
        </Word>
        <Word id="word_b3673ae0-d278-45d6-b999-f7defe698242">
          <Coords points="1755,3180 1755,3180 1806,3181 1820,3182 1818,3227 1805,3226 1755,3225 1755,3225"/>
          <TextEquiv>
            <Unicode>op</Unicode>
          </TextEquiv>
        </Word>
        <Word id="word_e89c0aff-361c-4de0-810a-e025ce1c94c9">
          <Coords points="1852,3183 1856,3183 1906,3184 1946,3182 1948,3227 1905,3229 1855,3228 1850,3228"/>
          <TextEquiv>
            <Unicode>dat</Unicode>
          </TextEquiv>
        </Word>
        <Word id="word_4a6c1fdc-ee7d-4e2f-bbb7-97ff4189d14b">
          <Coords points="1982,3181 2008,3183 2056,3184 2105,3184 2108,3184 2108,3229 2105,3229 2055,3229 2004,3228 1979,3226"/>
          <TextEquiv>
            <Unicode>dese</Unicode>
          </TextEquiv>
        </Word>
        <Word id="word_1ea26263-30ea-4c17-83eb-d3a3b045b6f2">
          <Coords points="2141,3185 2156,3185 2206,3186 2257,3189 2306,3191 2355,3191 2399,3194 2396,3238 2355,3236 2305,3236 2254,3234 2205,3231 2155,3230 2140,3230"/>
          <TextEquiv>
            <Unicode>heidenen</Unicode>
          </TextEquiv>
        </Word>
        <Word id="word_ba9f858a-aa7a-445e-bc4d-6ab0c4eff6aa">
          <Coords points="2430,3195 2456,3196 2506,3197 2556,3199 2558,3199 2557,3244 2555,3244 2505,3242 2455,3241 2429,3240"/>
          <TextEquiv>
            <Unicode>door</Unicode>
          </TextEquiv>
        </Word>
        <Word id="word_26561a19-05b4-4670-a82d-7a883619082f">
          <Coords points="2590,3200 2606,3200 2656,3202 2706,3204 2756,3205 2782,3205 2782,3250 2755,3250 2705,3249 2655,3247 2605,3245 2589,3245"/>
          <TextEquiv>
            <Unicode>eenigh</Unicode>
          </TextEquiv>
        </Word>
        <Word id="word_efd86c5d-43ce-4f43-b570-ead05afb89c7">
          <Coords points="2815,3205 2856,3206 2906,3208 2956,3209 3005,3209 3056,3210 3105,3210 3157,3213 3206,3214 3247,3215 3256,3215 3267,3255 3255,3260 3205,3259 3154,3258 3105,3255 3055,3255 3005,3254 2955,3254 2905,3253 2855,3251 2814,3250"/>
          <TextEquiv>
            <Unicode>misverstandigh</Unicode>
          </TextEquiv>
        </Word>
        <TextEquiv conf="0.9225244105711913">
          <Unicode>vragenhouden, op dat dese heidenen door eenigh misverstandigh</Unicode>
        </TextEquiv>
        <TextStyle xHeight="43"/>
      </TextLine>
      <TextLine id="line_209a17a6-8f21-4cc0-8175-36730f6fa423">
        <Coords points="1260,3273 1346,3273 1398,3260 1426,3260 1446,3269 1462,3253 1482,3253 1506,3232 1614,3236 1658,3265 1742,3260 1790,3308 1802,3308 1886,3232 2010,3232 2068,3264 2106,3296 2130,3273 2206,3273 2225,3256 2246,3261 2266,3241 2554,3244 2610,3300 2648,3300 2666,3316 2693,3305 2722,3277 2730,3284 2862,3288 2890,3315 3014,3315 3022,3323 3058,3323 3070,3332 3181,3332 3210,3308 3435,3313 3435,3397 3366,3455 3326,3455 3310,3442 3218,3438 3174,3402 2766,3402 2706,3459 2695,3459 2673,3438 2562,3438 2522,3398 2451,3359 2426,3366 2338,3367 2302,3399 2274,3398 2254,3378 2241,3380 2231,3371 2062,3371 2046,3358 1930,3358 1921,3367 1530,3366 1514,3358 1418,3415 1390,3396 1260,3396"/>
        <Baseline points="1301,3329 1351,3332 1401,3332 1451,3332 1501,3332 1551,3333 1601,3331 1651,3330 1701,3331 1751,3332 1801,3334 1851,3334 1901,3335 1951,3335 2001,3335 2051,3336 2101,3338 2151,3339 2201,3341 2251,3343 2301,3347 2351,3348 2401,3350 2451,3352 2501,3355 2551,3357 2601,3359 2651,3359 2701,3360 2751,3362 2801,3363 2851,3364 2901,3365 2951,3366 3001,3368 3051,3370 3101,3371 3151,3372 3201,3373 3251,3374 3301,3375 3351,3376 3395,3377"/>
        <Word id="word_786984f6-4439-4158-a5df-09351d666e8f">
          <Coords points="1303,3294 1353,3297 1401,3297 1451,3297 1501,3297 1552,3298 1581,3297 1583,3342 1551,3343 1501,3342 1451,3342 1401,3342 1350,3342 1300,3339"/>
          <TextEquiv>
            <Unicode>bescheijt</Unicode>
          </TextEquiv>
        </Word>
        <Word id="word_3c6e059b-1905-4c8b-9649-d59892fe6937">
          <Coords points="1613,3296 1651,3295 1702,3296 1739,3297 1738,3342 1701,3341 1651,3340 1614,3340"/>
          <TextEquiv>
            <Unicode>niet</Unicode>
          </TextEquiv>
        </Word>
        <Word id="word_8fc69502-5b1a-4adb-aeff-3c3df04cda19">
          <Coords points="1772,3297 1803,3299 1851,3299 1902,3300 1926,3300 1926,3345 1901,3345 1851,3344 1800,3344 1769,3342"/>
          <TextEquiv>
            <Unicode>ytwes</Unicode>
          </TextEquiv>
        </Word>
        <Word id="word_5e5caa0e-8ea9-4a1b-bebc-e0a6261e2eed">
          <Coords points="1957,3300 2001,3300 2052,3301 2102,3303 2152,3304 2202,3306 2240,3308 2238,3353 2201,3351 2151,3349 2101,3348 2051,3346 2001,3345 1957,3345"/>
          <TextEquiv>
            <Unicode>nadelight</Unicode>
          </TextEquiv>
        </Word>
        <Word id="word_cbc808b0-2296-4447-b6c3-80d0e1de7c62">
          <Coords points="2274,3309 2305,3312 2352,3313 2396,3315 2394,3360 2351,3358 2300,3357 2269,3354"/>
          <TextEquiv>
            <Unicode>voor</Unicode>
          </TextEquiv>
        </Word>
        <Word id="word_dc0139f2-154e-4218-8da4-4be79edd8da5">
          <Coords points="2427,3316 2452,3317 2491,3319 2488,3364 2451,3362 2426,3361"/>
          <TextEquiv>
            <Unicode>de</Unicode>
          </TextEquiv>
        </Word>
        <Word id="word_1fa58dec-f8f5-4556-8814-8785ed029195">
          <Coords points="2521,3321 2552,3322 2602,3324 2651,3324 2677,3325 2676,3369 2651,3369 2601,3369 2551,3367 2519,3366"/>
          <TextEquiv>
            <Unicode>Comp.</Unicode>
          </TextEquiv>
        </Word>
        <Word id="word_1e154cdc-436d-4bdf-8328-2275bf848bfd">
          <Coords points="2709,3325 2740,3326 2738,3371 2707,3370"/>
          <TextEquiv>
            <Unicode>e</Unicode>
          </TextEquiv>
        </Word>
        <Word id="word_fa5f37ff-7fb6-4978-bbd3-fe284cbc7753">
          <Coords points="2770,3328 2801,3328 2852,3329 2902,3330 2952,3331 2959,3331 2957,3376 2951,3376 2901,3375 2851,3374 2801,3373 2770,3373"/>
          <TextEquiv>
            <Unicode>tegens</Unicode>
          </TextEquiv>
        </Word>
        <Word id="word_6a2a970f-6d6b-4e31-bbaa-d2d148411d97">
          <Coords points="2990,3333 3002,3333 3052,3335 3102,3336 3114,3336 3113,3381 3101,3381 3051,3380 3001,3378 2988,3377"/>
          <TextEquiv>
            <Unicode>hare</Unicode>
          </TextEquiv>
        </Word>
        <Word id="word_fc05fed8-8eb2-496b-a619-c62f9e192197">
          <Coords points="3146,3337 3152,3337 3202,3338 3252,3339 3302,3340 3352,3341 3396,3342 3395,3387 3351,3386 3301,3385 3251,3384 3201,3383 3151,3382 3145,3382"/>
          <TextEquiv>
            <Unicode>dienaren</Unicode>
          </TextEquiv>
        </Word>
        <TextEquiv conf="0.9128861540742057">
          <Unicode>bescheijt niet ytwes nadelight voor de Comp. e tegens hare dienaren</Unicode>
        </TextEquiv>
        <TextStyle xHeight="39"/>
      </TextLine>
      <TextLine id="f3458746-fb38-4e7a-993c-8fc6f76a7157">
        <Coords points="1267,3397 1389,3397 1414,3415 1513,3359 2048,3359 2064,3375 2251,3375 2279,3403 2308,3396 2344,3363 2453,3360 2500,3391 2516,3388 2568,3439 2673,3439 2702,3460 2764,3403 3179,3403 3215,3435 3311,3443 3327,3456 3363,3456 3376,3445 3376,3529 3247,3529 3219,3552 3183,3568 2891,3568 2828,3536 2652,3536 2604,3508 2468,3508 2456,3517 2324,3521 2296,3525 2277,3544 2020,3544 2008,3532 1932,3532 1871,3478 1267,3473"/>
        <Baseline points="1308,3456 1358,3461 1408,3459 1458,3458 1508,3457 1558,3458 1608,3458 1658,3459 1708,3459 1758,3460 1808,3461 1858,3463 1908,3464 1958,3466 2008,3467 2058,3467 2108,3468 2158,3470 2208,3470 2258,3468 2308,3467 2358,3468 2408,3470 2458,3471 2508,3474 2558,3476 2608,3477 2658,3480 2708,3481 2758,3484 2808,3487 2858,3489 2908,3492 2958,3493 3008,3495 3058,3497 3108,3498 3158,3499 3208,3501 3258,3503 3308,3505 3336,3509"/>
        <Word id="word_0dac8cda-4100-44a0-b8c1-a83016f7664c">
          <Coords points="1311,3421 1361,3426 1407,3424 1457,3423 1507,3422 1559,3423 1603,3423 1603,3468 1558,3468 1508,3467 1458,3468 1408,3469 1357,3471 1307,3466"/>
          <TextEquiv>
            <Unicode>middelen</Unicode>
          </TextEquiv>
        </Word>
        <Word id="word_21931c33-22d2-478d-a90c-0a67050d73fe">
          <Coords points="1642,3423 1660,3424 1708,3424 1714,3424 1713,3469 1708,3469 1657,3469 1639,3468"/>
          <TextEquiv>
            <Unicode>en</Unicode>
          </TextEquiv>
        </Word>
        <Word id="word_3337326d-667c-49a8-9547-958d416428ae">
          <Coords points="1751,3425 1759,3425 1809,3426 1859,3428 1909,3429 1959,3431 2009,3432 2058,3432 2109,3433 2159,3435 2193,3435 2193,3480 2158,3480 2108,3478 2058,3477 2008,3477 1958,3476 1908,3474 1858,3473 1808,3471 1758,3470 1750,3470"/>
          <TextEquiv>
            <Unicode>practiseren,</Unicode>
          </TextEquiv>
        </Word>
        <Word id="word_dbf185a7-257f-4559-8dec-586716fb6bbe">
          <Coords points="2228,3435 2256,3433 2307,3432 2359,3433 2409,3435 2415,3435 2414,3480 2408,3480 2358,3478 2308,3477 2259,3478 2231,3480"/>
          <TextEquiv>
            <Unicode>Inden</Unicode>
          </TextEquiv>
        </Word>
        <Word id="word_03718262-7026-4d20-8fb7-0fabbf5afe62">
          <Coords points="2452,3436 2459,3436 2510,3439 2559,3441 2563,3441 2562,3486 2558,3486 2507,3484 2458,3481 2451,3481"/>
          <TextEquiv>
            <Unicode>tyt</Unicode>
          </TextEquiv>
        </Word>
        <Word id="word_49296af7-cac3-4616-9d33-8ea2227125ec">
          <Coords points="2600,3442 2609,3442 2660,3445 2709,3446 2712,3446 2709,3491 2708,3491 2657,3490 2608,3487 2599,3487"/>
          <TextEquiv>
            <Unicode>dat</Unicode>
          </TextEquiv>
        </Word>
        <Word id="word_8f3a7195-9862-4a4c-a7f6-2ef8faa0e5ae">
          <Coords points="2748,3448 2760,3449 2810,3452 2859,3454 2910,3457 2959,3458 3009,3460 3059,3462 3109,3463 3153,3464 3152,3509 3108,3508 3058,3507 3008,3505 2958,3503 2907,3502 2858,3499 2807,3497 2757,3494 2746,3493"/>
          <TextEquiv>
            <Unicode>hiergeweest</Unicode>
          </TextEquiv>
        </Word>
        <Word id="word_b1097329-9f05-4217-8ffa-e389ea5eef1b">
          <Coords points="3191,3465 3211,3466 3259,3468 3309,3470 3341,3474 3335,3519 3308,3515 3258,3513 3207,3511 3188,3510"/>
          <TextEquiv>
            <Unicode>sijt</Unicode>
          </TextEquiv>
        </Word>
        <TextEquiv conf="0.8672286726188423">
          <Unicode>middelen en practiseren, Inden tyt dat hiergeweest sijt</Unicode>
        </TextEquiv>
        <TextStyle xHeight="46"/>
      </TextLine>
      <TextLine id="line_78f8219c-50fe-4830-8f5b-cfdf1226316b">
        <Coords points="1257,3491 1627,3491 1675,3538 1771,3539 1783,3527 1815,3523 1843,3547 1887,3547 1907,3530 2005,3530 2020,3542 2047,3519 2223,3519 2263,3498 2275,3498 2295,3518 2323,3519 2455,3515 2467,3506 2595,3506 2639,3530 2819,3534 2895,3570 3380,3570 3380,3654 2488,3649 2459,3669 2131,3673 2118,3684 2042,3640 1991,3688 1955,3688 1925,3660 1883,3644 1627,3644 1595,3673 1574,3660 1527,3669 1455,3669 1429,3656 1257,3656"/>
        <Baseline points="1298,3595 1348,3593 1398,3591 1448,3592 1498,3591 1548,3589 1598,3588 1648,3588 1698,3589 1748,3591 1798,3592 1848,3593 1898,3595 1948,3596 1998,3598 2048,3599 2098,3600 2148,3602 2198,3603 2248,3604 2298,3606 2348,3607 2398,3608 2448,3610 2498,3612 2548,3613 2598,3613 2648,3614 2698,3616 2748,3616 2798,3617 2848,3619 2898,3619 2948,3622 2998,3624 3048,3626 3098,3627 3148,3628 3198,3630 3248,3632 3298,3631 3340,3634"/>
        <Word id="word_0983ec9b-548d-4d69-ba47-74a5d8ae4be4">
          <Coords points="1297,3560 1347,3558 1397,3556 1440,3557 1439,3602 1398,3601 1348,3603 1298,3605"/>
          <TextEquiv>
            <Unicode>hebt</Unicode>
          </TextEquiv>
        </Word>
        <Word id="word_f7d0ef88-16f4-4b55-8037-d64ab9733793">
          <Coords points="1472,3558 1496,3556 1547,3554 1597,3553 1648,3553 1699,3554 1722,3555 1720,3600 1698,3599 1648,3598 1598,3598 1548,3599 1499,3601 1475,3603"/>
          <TextEquiv>
            <Unicode>deselve</Unicode>
          </TextEquiv>
        </Word>
        <Word id="word_881cb0d1-a82f-4e9c-889e-0256e9a50a82">
          <Coords points="1756,3556 1799,3557 1849,3558 1899,3560 1949,3561 1999,3563 2049,3564 2099,3565 2149,3567 2199,3568 2249,3569 2299,3571 2349,3572 2399,3573 2449,3575 2499,3577 2531,3578 2530,3623 2498,3622 2448,3620 2398,3618 2348,3617 2298,3616 2248,3614 2198,3613 2148,3612 2098,3610 2048,3609 1998,3608 1948,3606 1898,3605 1848,3603 1798,3602 1756,3601"/>
          <TextEquiv>
            <Unicode>geweehsaemlerenkennen,</Unicode>
          </TextEquiv>
        </Word>
        <Word id="word_a9102c9b-71bf-4407-bf35-7ca951213c23">
          <Coords points="2565,3578 2598,3578 2649,3579 2699,3581 2742,3581 2742,3626 2698,3626 2648,3624 2598,3623 2566,3623"/>
          <TextEquiv>
            <Unicode>sulcx</Unicode>
          </TextEquiv>
        </Word>
        <Word id="word_eab88b23-5d05-4868-ab68-825bc29c548a">
          <Coords points="2778,3581 2800,3582 2849,3584 2898,3584 2920,3585 2917,3630 2898,3629 2848,3629 2798,3627 2776,3626"/>
          <TextEquiv>
            <Unicode>datu</Unicode>
          </TextEquiv>
        </Word>
        <Word id="word_3aa8d528-8375-4920-8624-beed6ace2fcc">
          <Coords points="2954,3587 2999,3589 3049,3591 3099,3592 3149,3593 3199,3595 3236,3596 3234,3641 3198,3640 3148,3638 3098,3637 3048,3636 2998,3634 2952,3632"/>
          <TextEquiv>
            <Unicode>daernaer</Unicode>
          </TextEquiv>
        </Word>
        <Word id="word_c61b6322-783a-4bd3-95ef-77c6cf969b8f">
          <Coords points="3267,3598 3296,3596 3342,3599 3339,3644 3299,3641 3270,3643"/>
          <TextEquiv>
            <Unicode>te</Unicode>
          </TextEquiv>
        </Word>
        <TextEquiv conf="0.909939531340582">
          <Unicode>hebt deselve geweehsaemlerenkennen, sulcx datu daernaer te</Unicode>
        </TextEquiv>
        <TextStyle xHeight="46"/>
      </TextLine>
      <TextLine id="line_99780ab5-843a-4daf-8c8c-b517f25b7c10">
        <Coords points="1254,3655 1352,3660 1400,3656 1412,3647 1584,3647 1596,3656 1612,3643 1876,3643 1916,3659 1948,3683 1980,3683 1987,3690 2042,3639 2115,3680 2139,3663 2160,3676 2236,3676 2252,3663 2459,3668 2490,3648 2891,3651 2919,3671 3031,3671 3075,3703 3367,3703 3379,3713 3424,3713 3424,3797 2887,3801 2855,3788 2679,3788 2655,3772 2503,3768 2492,3757 2463,3757 2443,3777 2280,3777 2256,3764 1668,3764 1656,3756 1635,3764 1608,3745 1254,3745"/>
        <Baseline points="1295,3720 1345,3722 1395,3725 1445,3724 1495,3723 1545,3724 1595,3726 1645,3726 1695,3726 1745,3727 1795,3728 1845,3729 1895,3730 1945,3731 1995,3732 2045,3734 2095,3735 2145,3737 2195,3739 2245,3741 2295,3743 2345,3745 2395,3746 2445,3749 2495,3750 2545,3751 2595,3752 2645,3752 2695,3754 2745,3756 2795,3758 2845,3759 2895,3762 2945,3763 2995,3765 3045,3767 3095,3768 3145,3770 3195,3771 3245,3774 3295,3776 3345,3777 3384,3777"/>
        <Word id="word_6cf7a3fc-8f03-4291-9ccb-40e34e4bf512">
          <Coords points="1296,3685 1346,3687 1397,3690 1444,3689 1455,3689 1456,3734 1445,3734 1394,3735 1345,3732 1295,3730"/>
          <TextEquiv>
            <Unicode>beter</Unicode>
          </TextEquiv>
        </Word>
        <Word id="word_217f3313-c9d4-4a1c-9448-b4427dd447f0">
          <Coords points="1487,3688 1494,3688 1546,3689 1596,3691 1645,3691 1695,3691 1746,3692 1778,3693 1777,3738 1745,3737 1695,3736 1645,3736 1595,3736 1545,3734 1495,3733 1488,3733"/>
          <TextEquiv>
            <Unicode>reguleren</Unicode>
          </TextEquiv>
        </Word>
        <Word id="word_30804a17-f6e2-4042-adff-296857e5a137">
          <Coords points="1810,3693 1846,3694 1896,3695 1946,3696 1996,3697 2004,3697 2002,3742 1995,3742 1945,3741 1895,3740 1845,3739 1809,3738"/>
          <TextEquiv>
            <Unicode>cundt,</Unicode>
          </TextEquiv>
        </Word>
        <Word id="word_e5c69692-587a-4286-9084-a8913a718511">
          <Coords points="2036,3699 2046,3699 2096,3700 2146,3702 2196,3704 2229,3705 2227,3750 2195,3749 2145,3747 2095,3745 2045,3744 2034,3744"/>
          <TextEquiv>
            <Unicode>vorder</Unicode>
          </TextEquiv>
        </Word>
        <Word id="word_7f92309f-485e-448d-b58e-15d2bd63dd86">
          <Coords points="2261,3707 2296,3708 2346,3710 2388,3711 2388,3756 2345,3755 2295,3753 2259,3752"/>
          <TextEquiv>
            <Unicode>wort</Unicode>
          </TextEquiv>
        </Word>
        <Word id="word_416d8762-1d80-44b6-ae60-9d7021a3ad6a">
          <Coords points="2423,3712 2448,3714 2496,3715 2546,3716 2596,3717 2645,3717 2696,3719 2746,3721 2796,3723 2846,3724 2897,3727 2935,3728 2934,3773 2894,3772 2845,3769 2795,3768 2745,3766 2695,3764 2645,3762 2595,3762 2545,3761 2495,3760 2444,3759 2419,3756"/>
          <TextEquiv>
            <Unicode>ugerecommandeert</Unicode>
          </TextEquiv>
        </Word>
        <Word id="word_d2c26f76-ef69-4de9-bd14-e0e2e8ba0481">
          <Coords points="2968,3728 2997,3730 3046,3732 3063,3732 3062,3777 3045,3777 2994,3775 2966,3773"/>
          <TextEquiv>
            <Unicode>dat</Unicode>
          </TextEquiv>
        </Word>
        <Word id="word_9a4fefac-f6c0-4727-abc4-30e01e32b643">
          <Coords points="3095,3733 3096,3733 3146,3735 3196,3736 3247,3739 3296,3741 3346,3742 3384,3742 3384,3787 3345,3787 3295,3786 3244,3784 3195,3781 3145,3780 3095,3778 3095,3778"/>
          <TextEquiv>
            <Unicode>doorgaens</Unicode>
          </TextEquiv>
        </Word>
        <TextEquiv conf="0.9433496626005963">
          <Unicode>beter reguleren cundt, vorder wort ugerecommandeert dat doorgaens</Unicode>
        </TextEquiv>
        <TextStyle xHeight="37"/>
      </TextLine>
      <TextLine id="line_978296a5-a5ec-4ce0-aec3-d379915bf716">
        <Coords points="1252,3748 1624,3748 1636,3760 1658,3756 1666,3764 2265,3767 2277,3776 2445,3776 2453,3768 2649,3771 2681,3787 2849,3787 2929,3828 3290,3826 3290,3910 3217,3910 3210,3903 1906,3902 1790,3903 1750,3915 1252,3915"/>
        <Baseline points="1293,3833 1343,3837 1393,3839 1443,3842 1493,3844 1543,3847 1593,3849 1643,3849 1693,3851 1743,3852 1793,3853 1843,3855 1893,3855 1943,3857 1993,3859 2043,3860 2093,3862 2143,3863 2193,3864 2243,3865 2293,3866 2343,3868 2393,3870 2443,3872 2493,3874 2543,3878 2593,3879 2643,3879 2693,3879 2743,3881 2793,3883 2843,3884 2893,3886 2943,3889 2993,3890 3043,3892 3093,3893 3143,3894 3193,3896 3243,3892 3250,3890"/>
        <Word id="word_aaeff4da-6c7e-40aa-89fe-eb10bf9e1ee2">
          <Coords points="1296,3798 1346,3802 1394,3804 1445,3807 1494,3809 1545,3812 1594,3814 1643,3814 1659,3815 1657,3860 1643,3859 1593,3859 1542,3857 1493,3854 1442,3852 1393,3849 1342,3847 1292,3843"/>
          <TextEquiv>
            <Unicode>behoorlijke</Unicode>
          </TextEquiv>
        </Word>
        <Word id="word_401bb281-6ff8-4885-b530-63180523bfdf">
          <Coords points="1692,3816 1694,3816 1744,3817 1794,3818 1844,3820 1857,3820 1857,3865 1843,3865 1793,3863 1743,3862 1693,3861 1691,3861"/>
          <TextEquiv>
            <Unicode>wacht</Unicode>
          </TextEquiv>
        </Word>
        <Word id="word_ab61c548-d109-444b-99ba-776797973b98">
          <Coords points="1890,3820 1893,3820 1944,3822 1994,3824 2023,3825 2023,3870 1993,3869 1943,3867 1893,3865 1890,3865"/>
          <TextEquiv>
            <Unicode>voor</Unicode>
          </TextEquiv>
        </Word>
        <Word id="word_8d134dea-6e40-4f9d-b620-730d3bb0fb6b">
          <Coords points="2058,3825 2095,3827 2144,3828 2194,3829 2244,3830 2256,3830 2255,3875 2243,3875 2193,3874 2143,3873 2093,3872 2055,3870"/>
          <TextEquiv>
            <Unicode>Rovers</Unicode>
          </TextEquiv>
        </Word>
        <Word id="word_1cd6fb0e-955e-4cc2-8585-8777de920cee">
          <Coords points="2289,3831 2294,3831 2344,3833 2394,3835 2444,3837 2494,3839 2546,3843 2554,3843 2553,3888 2542,3888 2493,3884 2443,3882 2393,3880 2343,3878 2293,3876 2288,3876"/>
          <TextEquiv>
            <Unicode>schelmen</Unicode>
          </TextEquiv>
        </Word>
        <Word id="word_72a176cc-b1f5-439e-a44c-5a25c1deeb86">
          <Coords points="2587,3844 2594,3844 2643,3844 2653,3844 2653,3889 2643,3889 2593,3889 2587,3889"/>
          <TextEquiv>
            <Unicode>en</Unicode>
          </TextEquiv>
        </Word>
        <Word id="word_b61bc808-3a82-4306-a8b4-9993a0eb098f">
          <Coords points="2686,3844 2693,3844 2744,3846 2794,3848 2844,3849 2894,3851 2945,3854 2994,3855 3044,3857 3085,3858 3084,3903 3043,3902 2993,3900 2942,3899 2893,3896 2843,3894 2793,3893 2743,3891 2693,3889 2686,3889"/>
          <TextEquiv>
            <Unicode>dievenhouden</Unicode>
          </TextEquiv>
        </Word>
        <Word id="word_deecacf2-4b90-4dd1-bc63-da1fd8d409a1">
          <Coords points="3118,3859 3144,3859 3194,3861 3240,3857 3240,3856 3253,3900 3244,3902 3193,3906 3143,3904 3117,3903"/>
          <TextEquiv>
            <Unicode>laet</Unicode>
          </TextEquiv>
        </Word>
        <TextEquiv conf="0.8995047615683679">
          <Unicode>behoorlijke wacht voor Rovers schelmen en dievenhouden laet</Unicode>
        </TextEquiv>
        <TextStyle xHeight="41"/>
      </TextLine>
    </TextRegion>
    <TextRegion id="region_9a38ca5c-f96e-4781-b006-37d50d04b55d_2" custom="structure {type:paragraph;}">
      <Coords points="1209,2459 1209,2456 1194,2442 1191,2442 1187,2438 1184,2438 1180,2434 1177,2434 1173,2431 1170,2431 1166,2427 1163,2427 1159,2424 1156,2424 1152,2420 1142,2420 1138,2417 1131,2417 1124,2410 1121,2410 1114,2403 1114,2399 1110,2399 1096,2413 1093,2413 1089,2410 1079,2410 1075,2413 1065,2413 1061,2410 1047,2410 1044,2413 1012,2413 1009,2417 1005,2417 1002,2420 995,2420 991,2417 984,2417 984,2420 970,2434 956,2420 949,2420 946,2417 939,2417 935,2413 932,2417 932,2434 935,2438 935,2442 939,2445 939,2449 946,2456 949,2456 956,2463 967,2463 970,2466 1012,2466 1016,2463 1121,2463 1124,2459"/>
    </TextRegion>
    <TextRegion id="region_f5f6249d-c6a9-4ffd-a8b4-48992c924959_4" custom="structure {type:paragraph;}">
      <Coords points="1037,2343 1040,2347 1044,2343 1047,2343"/>
    </TextRegion>
    <TextRegion id="region_858bc440-ea93-4bd6-8040-e0f03228dc1d_3" custom="structure {type:paragraph;}">
      <Coords points="1019,2350 1012,2350 1009,2354 1002,2354 1016,2354"/>
    </TextRegion>
    <TextRegion id="region_9fd032e7-5744-4041-9e28-00a2c11507cf_6" custom="structure {type:catch-word;}">
      <Coords points="3293,4011 3286,4004 3286,4000 3282,3997 3282,3990 3279,3986 3279,3983 3268,3972 3261,3972 3258,3969 3219,3969 3216,3972 3167,3972 3163,3976 3121,3976 3118,3979 3107,3979 3104,3983 3097,3983 3093,3986 3090,3986 3083,3993 3079,3993 3072,4000 3069,4000 3062,4007 3058,4007 3055,4011 3051,4011 3044,4018 3044,4039 3041,4042 3041,4056 3044,4060 3044,4063 3058,4077 3062,4077 3065,4081 3069,4081 3072,4084 3083,4084 3086,4088 3149,4088 3153,4084 3198,4084 3202,4081 3233,4081 3237,4077 3244,4077 3247,4074 3254,4074 3258,4070 3268,4070 3282,4056 3282,4053 3286,4049 3286,4046 3289,4042 3289,4032 3293,4028"/>
      <TextLine id="line_441f3b25-967c-40f2-a905-9c47139b33df">
        <Coords points="3109,3961 3140,3961 3177,3997 3228,3998 3245,3980 3245,4063 3109,4062"/>
        <Baseline points="3150,4041 3200,4042 3205,4043"/>
        <Word id="word_ed0670c2-8206-49c9-98fa-e2295c5c6346">
          <Coords points="3151,4006 3201,4007 3212,4009 3203,4053 3200,4052 3150,4051"/>
          <TextEquiv>
            <Unicode>ende</Unicode>
          </TextEquiv>
        </Word>
        <TextEquiv conf="0.7081995367018376">
          <Unicode>ende</Unicode>
        </TextEquiv>
        <TextStyle xHeight="27"/>
      </TextLine>
    </TextRegion>
  </Page>
</PcGts>
