<?xml version="1.0" encoding="UTF-8"?>
<PcGts xmlns="http://schema.primaresearch.org/PAGE/gts/pagecontent/2013-07-15">
  <Metadata externalRef="640a38f3-b73e-4f11-a222-e2ff6486eb89">
    <Creator>Laypa</Creator>
    <Created>2023-09-08T02:23:01</Created>
    <LastChange>2023-09-08T03:38:21</LastChange>
    <Comment>license: CC0</Comment>
    <MetadataItem type="processingStep" name="layout-analysis" value="laypa">
      <Labels>
        <Label value="228a7d24385cff0e51687c00d0e65a2c2a9703d5" type="githash"/>
        <Label value="61334eb4-edff-4af5-b036-b5927f35bbcf" type="uuid"/>
        <Label value="https://hdl.handle.net/10622/VMSCBR" type="laypamodelremote"/>
      </Labels>
    </MetadataItem>
    <MetadataItem type="processingStep" name="region-analysis" value="laypa">
      <Labels>
        <Label value="0a3442b4-835c-44bc-9115-3fd08263a5dc" type="uuid"/>
        <Label value="https://hdl.handle.net/10622/DMAS2T" type="laypamodelremote"/>
      </Labels>
    </MetadataItem>
    <MetadataItem type="processingStep" name="htr" value="loghi-htr">
      <Labels>
        <Label value="9efb3e0ff4338dc6e07d110ac4d435f27f5b0e16&#10;" type="githash"/>
        <Label value="3a9bdaa3-493c-483e-bbb2-f51961b8e5a0" type="uuid"/>
        <Label value="64" type="batch_size"/>
        <Label value="https://hdl.handle.net/10622/X2JZYY" type="loghihtrmodelremote"/>
      </Labels>
    </MetadataItem>
    <MetadataItem type="processingStep" name="word-splitting" value="loghi-htr-tooling"/>
    <MetadataItem type="other" name="dataset" value="https://hdl.handle.net/10622/LVXSBW">
      <Labels>
        <Label value="VOC transcriptions v2 - GLOBALISE" type="name"/>
        <Label value="Dataset in pagexml and txt format, including data card." type="description"/>
        <Label value="https://globalise.huygens.knaw.nl/" type="creator"/>
        <Label value="https://hdl.handle.net/10622/LVXSBW" type="url"/>
      </Labels>
    </MetadataItem>
  </Metadata>
  <Page imageFilename="NL-HaNA_1.04.02_1161_1035.jpg" imageWidth="3383" imageHeight="4883">
    <ReadingOrder>
      <OrderedGroup id="orderedgroup_d6aad244-3fbd-4e00-a33d-b976c501bba0">
        <RegionRefIndexed index="0" regionRef="region_675aad37-d7d2-42dc-bcea-1461f997a870_4"/>
        <RegionRefIndexed index="1" regionRef="region_dc2eb142-a331-47ef-b2cd-856255825e04_5"/>
        <RegionRefIndexed index="2" regionRef="region_bfe15e1e-b541-4fcb-83a7-f6a851df503f_2"/>
        <RegionRefIndexed index="3" regionRef="region_244bb1fb-da17-4133-9c60-15af9e26d9a9_1"/>
        <RegionRefIndexed index="4" regionRef="region_fef5a23c-6bde-4668-966e-25babdd3e675_3"/>
        <RegionRefIndexed index="5" regionRef="region_6828f9e1-7226-43b9-8796-7aa1986c0e67"/>
        <RegionRefIndexed index="6" regionRef="region_8074d5d1-fdcd-4428-9351-057a6120c920"/>
      </OrderedGroup>
    </ReadingOrder>
    <TextRegion id="region_675aad37-d7d2-42dc-bcea-1461f997a870_4" custom="structure {type:page-number;}">
      <Coords points="2365,928 2365,945 2369,948 2369,955 2379,965 2382,965 2385,968 2389,968 2392,971 2412,971 2415,975 2428,975 2432,978 2494,978 2498,975 2524,975 2527,971 2531,971 2534,968 2537,968 2541,965 2544,965 2557,951 2557,932 2554,928 2554,922 2537,905 2534,905 2531,902 2527,902 2524,899 2514,899 2511,895 2435,895 2432,899 2422,899 2418,902 2398,902 2395,905 2389,905 2385,909 2382,909 2369,922 2369,925"/>
      <TextLine id="line_4a926121-f626-426f-8d88-6a83c4aff359">
        <Coords points="2316,886 2402,886 2410,878 2557,882 2594,871 2594,971 2430,970 2410,971 2402,979 2316,979"/>
        <Baseline points="2365,945 2415,947 2465,947 2515,947 2546,947"/>
        <Word id="word_a5eabec2-2e31-477e-a6dd-fadc63f62d17">
          <Coords points="2366,910 2416,912 2465,912 2515,912 2546,912 2546,957 2515,957 2465,957 2415,957 2365,955"/>
          <TextEquiv>
            <Unicode>1074:</Unicode>
          </TextEquiv>
        </Word>
        <TextEquiv conf="0.958901324277517">
          <Unicode>1074:</Unicode>
        </TextEquiv>
        <TextStyle xHeight="46"/>
      </TextLine>
    </TextRegion>
    <TextRegion id="region_dc2eb142-a331-47ef-b2cd-856255825e04_5" custom="structure {type:header;}">
      <Coords points="912,783 912,786 915,786 918,790 935,790 938,793 965,793 968,790 988,790 991,793 1008,793 1011,796 1057,796 1060,800 1087,800 1090,803 1107,803 1110,806 1130,806 1133,809 1166,809 1170,813 1229,813 1232,816 1384,816 1388,813 1437,813 1440,809 1506,809 1510,806 1540,806 1543,803 1642,803 1645,800 1662,800 1665,796 1668,796 1675,790 1675,783 1665,773 1662,773 1658,770 1652,770 1649,766 1645,766 1642,763 1635,763 1632,760 1625,760 1622,757 1612,757 1609,753 1599,753 1596,750 1586,750 1582,747 1549,747 1546,743 1506,743 1503,740 1473,740 1470,737 1447,737 1444,733 1424,733 1421,730 1381,730 1378,727 1275,727 1272,730 1242,730 1239,733 1216,733 1212,737 1163,737 1160,740 1133,740 1130,743 1110,743 1107,747 1097,747 1094,750 1077,750 1074,753 1054,753 1051,757 1027,757 1024,760 1008,760 1004,763 991,763 988,766 942,766 938,770 932,770 928,773 918,773 915,776 915,780"/>
      <TextLine id="dd0be15e-63e5-46f3-9a94-0cd70e0c3296">
        <Coords points="1203,792 1296,717 1382,716 1411,724 1406,830 1363,833 1344,848 1327,840 1203,840"/>
        <Baseline points="1252,801 1302,800 1352,800 1363,800"/>
        <Word id="word_8cba02f3-c087-4be1-b133-3e73749edb67">
          <Coords points="1251,766 1301,765 1352,765 1363,765 1363,810 1352,810 1302,810 1252,811"/>
          <TextEquiv>
            <Unicode>Leeren</Unicode>
          </TextEquiv>
        </Word>
        <TextEquiv conf="0.6633632349389252">
          <Unicode>Leeren</Unicode>
        </TextEquiv>
        <TextStyle xHeight="33"/>
      </TextLine>
    </TextRegion>
    <TextRegion id="region_bfe15e1e-b541-4fcb-83a7-f6a851df503f_2" custom="structure {type:paragraph;}">
      <Coords points="819,1061 809,1090 816,1160 809,1236 796,1272 799,1368 783,1427 796,1473 783,1556 783,1629 757,1718 763,1748 763,1791 743,1853 750,1896 730,1959 730,1986 753,2055 766,2147 796,2237 806,2296 793,2379 803,2445 803,2491 793,2590 786,2610 790,2693 799,2742 786,2864 803,2888 826,2891 985,2868 1179,2878 1288,2878 1391,2868 1655,2881 1685,2878 1734,2858 1751,2845 1774,2802 1797,2778 1830,2769 1873,2769 1896,2775 2015,2769 2134,2788 2167,2812 2213,2818 2293,2808 2303,2812 2316,2805 2375,2805 2422,2792 2438,2795 2465,2788 2508,2788 2550,2778 2580,2762 2607,2726 2607,2656 2623,2597 2620,2541 2600,2491 2593,2442 2597,2319 2617,2237 2617,2210 2633,2121 2633,2042 2626,2002 2636,1929 2623,1877 2646,1741 2643,1612 2630,1530 2630,1487 2593,1384 2584,1331 2584,1285 2593,1262 2597,1209 2590,1130 2580,1120 2564,1117 2534,1123 2461,1123 2392,1107 2174,1094 2151,1087 2055,1080 1863,1077 1728,1067 1540,1067 1434,1061 1351,1064 1183,1047 909,1044 879,1034 856,1037"/>
      <TextLine id="line_86976b29-aa44-407a-8186-50df650c681a">
        <Coords points="639,1016 653,1024 703,1024 765,1084 778,1073 845,1053 889,1017 1260,1017 1428,1008 1440,1017 1719,1024 1774,1077 1883,1077 1919,1073 1935,1060 2023,1056 2079,1056 2099,1073 2142,1073 2151,1064 2556,1060 2589,1089 2599,1081 2610,1092 2651,1092 2651,1191 2490,1191 2462,1216 2243,1216 2231,1228 2011,1228 1891,1223 1859,1215 1677,1220 1647,1211 1428,1207 1360,1199 865,1195 801,1232 773,1260 737,1260 699,1288 639,1292"/>
        <Baseline points="688,1128 738,1120 788,1118 838,1124 888,1128 938,1127 988,1126 1038,1126 1088,1126 1138,1127 1188,1128 1238,1130 1288,1131 1338,1133 1388,1135 1438,1137 1488,1139 1538,1140 1588,1141 1638,1143 1688,1146 1738,1147 1788,1149 1838,1150 1888,1153 1938,1155 1988,1157 2038,1162 2088,1165 2138,1168 2188,1170 2238,1171 2288,1170 2338,1172 2388,1174 2438,1176 2488,1178 2538,1178 2588,1170 2603,1167"/>
        <Word id="word_02f563e2-20f8-4fb5-97ed-772b73fee51c">
          <Coords points="682,1093 732,1085 787,1083 842,1089 891,1093 937,1092 987,1091 1029,1091 1029,1136 988,1136 938,1137 887,1138 837,1134 788,1128 740,1130 690,1138"/>
          <TextEquiv>
            <Unicode>Commandeur</Unicode>
          </TextEquiv>
        </Word>
        <Word id="word_50107b60-eb35-4b6a-93f3-47df61a19cb4">
          <Coords points="1064,1091 1088,1091 1139,1092 1167,1093 1166,1138 1138,1137 1088,1136 1064,1136"/>
          <TextEquiv>
            <Unicode>van</Unicode>
          </TextEquiv>
        </Word>
        <Word id="word_d73442dc-39be-4ae5-9296-a8d32bacfc3b">
          <Coords points="1202,1093 1240,1095 1289,1096 1339,1098 1337,1143 1288,1141 1238,1140 1200,1138"/>
          <TextEquiv>
            <Unicode>dien</Unicode>
          </TextEquiv>
        </Word>
        <Word id="word_bc0f174a-6781-4ab0-8548-1e9dc698f073">
          <Coords points="1373,1099 1389,1100 1439,1102 1476,1103 1474,1148 1438,1147 1388,1145 1371,1144"/>
          <TextEquiv>
            <Unicode>met</Unicode>
          </TextEquiv>
        </Word>
        <Word id="word_cde46835-a3df-4cda-b360-bbe53bfcb22d">
          <Coords points="1509,1105 1538,1105 1589,1106 1613,1107 1611,1152 1588,1151 1538,1150 1509,1150"/>
          <TextEquiv>
            <Unicode>uE.</Unicode>
          </TextEquiv>
        </Word>
        <Word id="word_98fb39fd-1e6c-45de-9206-1725ab3dad50">
          <Coords points="1648,1108 1690,1111 1739,1112 1789,1114 1839,1115 1890,1118 1939,1120 1989,1122 1988,1167 1938,1165 1887,1163 1838,1160 1788,1159 1738,1157 1687,1156 1645,1153"/>
          <TextEquiv>
            <Unicode>repeleeren</Unicode>
          </TextEquiv>
        </Word>
        <Word id="word_042d604d-3247-4233-983c-4ab07395921b">
          <Coords points="2030,1124 2046,1128 2090,1130 2126,1132 2124,1177 2087,1175 2036,1172 2020,1168"/>
          <TextEquiv>
            <Unicode>zal</Unicode>
          </TextEquiv>
        </Word>
        <Word id="word_d6186fc8-71c4-42e8-8b78-ca76f252e519">
          <Coords points="2159,1134 2189,1135 2239,1136 2287,1135 2297,1135 2295,1180 2288,1180 2238,1181 2188,1180 2158,1179"/>
          <TextEquiv>
            <Unicode>maar</Unicode>
          </TextEquiv>
        </Word>
        <Word id="word_23179c0b-dd02-4498-800a-0408cd527e4d">
          <Coords points="2331,1137 2339,1137 2389,1139 2400,1139 2398,1184 2388,1184 2338,1182 2329,1182"/>
          <TextEquiv>
            <Unicode>so</Unicode>
          </TextEquiv>
        </Word>
        <Word id="word_5e2b8967-42b6-4192-9e03-703238760d2b">
          <Coords points="2434,1141 2439,1141 2489,1143 2538,1143 2582,1135 2596,1133 2605,1177 2590,1180 2538,1188 2488,1188 2438,1186 2432,1186"/>
          <TextEquiv>
            <Unicode>geijk</Unicode>
          </TextEquiv>
        </Word>
        <TextEquiv conf="0.8323207913703565">
          <Unicode>Commandeur van dien met uE. repeleeren zal maar so geijk</Unicode>
        </TextEquiv>
        <TextStyle xHeight="59"/>
      </TextLine>
      <TextLine id="line_556740d4-e886-442c-a1fd-0f074630bcea">
        <Coords points="746,1261 772,1262 808,1226 864,1197 1819,1205 1827,1213 1891,1221 1995,1221 2031,1249 2411,1245 2443,1265 2667,1265 2668,1367 2591,1372 2559,1400 2427,1399 2419,1391 2367,1391 2335,1412 2091,1412 2075,1399 2031,1399 2019,1387 1811,1375 1795,1359 1751,1355 1620,1360 1576,1400 1557,1387 1504,1383 1484,1371 1424,1371 1411,1380 1388,1371 1148,1372 1140,1380 1120,1380 1092,1355 1036,1355 1004,1351 996,1343 746,1347"/>
        <Baseline points="795,1290 845,1292 895,1291 945,1291 995,1292 1045,1292 1095,1292 1145,1293 1195,1294 1245,1296 1295,1297 1345,1298 1395,1301 1445,1305 1495,1308 1545,1309 1595,1311 1645,1310 1695,1312 1745,1313 1795,1313 1845,1316 1895,1319 1945,1320 1995,1319 2045,1321 2095,1323 2145,1325 2195,1329 2245,1331 2295,1333 2345,1335 2395,1338 2445,1340 2495,1341 2545,1343 2595,1346 2620,1343"/>
        <Word id="word_14c6f138-f142-487a-8482-44403276a301">
          <Coords points="796,1255 846,1257 854,1257 855,1302 845,1302 795,1300"/>
          <TextEquiv>
            <Unicode>op</Unicode>
          </TextEquiv>
        </Word>
        <Word id="word_12d5c80d-faa4-4282-a78d-063eafc72f8f">
          <Coords points="884,1256 894,1256 945,1256 945,1301 895,1301 885,1301"/>
          <TextEquiv>
            <Unicode>'t</Unicode>
          </TextEquiv>
        </Word>
        <Word id="word_195a166a-f6c5-41a9-aa2f-d296ccea287b">
          <Coords points="976,1256 997,1257 1045,1257 1095,1257 1146,1258 1196,1259 1245,1261 1244,1306 1195,1304 1145,1303 1095,1302 1045,1302 995,1302 974,1301"/>
          <TextEquiv>
            <Unicode>aanlangen</Unicode>
          </TextEquiv>
        </Word>
        <Word id="word_a83a51b4-d9b6-43ef-bb3b-5bfed4c844ab">
          <Coords points="1274,1262 1295,1262 1346,1263 1397,1266 1426,1268 1423,1313 1394,1311 1345,1308 1295,1307 1274,1307"/>
          <TextEquiv>
            <Unicode>vande</Unicode>
          </TextEquiv>
        </Word>
        <Word id="word_1c575c21-016d-4653-97a1-2622042fbe47">
          <Coords points="1455,1271 1497,1273 1514,1273 1513,1318 1494,1318 1453,1316"/>
          <TextEquiv>
            <Unicode>H.</Unicode>
          </TextEquiv>
        </Word>
        <Word id="word_a4de08ee-9e2a-4d84-814f-f5bb87392d98">
          <Coords points="1544,1274 1546,1274 1574,1275 1573,1320 1545,1319 1543,1319"/>
          <TextEquiv>
            <Unicode>r</Unicode>
          </TextEquiv>
        </Word>
        <Word id="word_9d3a0a64-f525-4dba-a12f-50820a41c235">
          <Coords points="1602,1276 1644,1275 1696,1277 1746,1278 1795,1278 1815,1279 1812,1324 1795,1323 1745,1323 1695,1322 1645,1320 1603,1321"/>
          <TextEquiv>
            <Unicode>Putmans</Unicode>
          </TextEquiv>
        </Word>
        <Word id="word_f754d843-97fe-48d6-8126-a9f23050244f">
          <Coords points="1844,1281 1847,1281 1897,1284 1933,1285 1932,1330 1894,1329 1844,1326 1842,1326"/>
          <TextEquiv>
            <Unicode>a„o</Unicode>
          </TextEquiv>
        </Word>
        <Word id="word_3d2bb84d-054e-49c7-a953-2f027ffc0171">
          <Coords points="1961,1285 1994,1284 2046,1286 2096,1288 2113,1289 2111,1334 2095,1333 2045,1331 1995,1329 1962,1330"/>
          <TextEquiv>
            <Unicode>1637.</Unicode>
          </TextEquiv>
        </Word>
        <Word id="word_23dad4a4-7b65-4ef0-a608-791c3cbc7b45">
          <Coords points="2143,1290 2146,1290 2198,1294 2246,1296 2296,1298 2322,1299 2321,1344 2295,1343 2245,1341 2194,1339 2145,1335 2141,1335"/>
          <TextEquiv>
            <Unicode>hebben</Unicode>
          </TextEquiv>
        </Word>
        <Word id="word_26d092ae-cca8-46f8-8e5f-bea14e3969a7">
          <Coords points="2353,1300 2397,1303 2446,1305 2496,1306 2546,1308 2562,1309 2560,1354 2545,1353 2495,1351 2445,1350 2394,1348 2350,1345"/>
          <TextEquiv>
            <Unicode>gedaan.</Unicode>
          </TextEquiv>
        </Word>
        <Word id="word_1f6cc9e3-7758-4771-8c0f-0b3169369301">
          <Coords points="2592,1311 2597,1311 2616,1308 2621,1353 2594,1356 2590,1356"/>
          <TextEquiv>
            <Unicode>)</Unicode>
          </TextEquiv>
        </Word>
        <TextEquiv conf="0.9244774838553328">
          <Unicode>op 't aanlangen vande H. r Putmans a„o 1637. hebben gedaan. )</Unicode>
        </TextEquiv>
        <TextStyle xHeight="54"/>
      </TextLine>
      <TextLine id="b3957db1-6596-4d2e-8848-8175a22eb302">
        <Coords points="728,1337 866,1340 898,1357 1086,1352 1122,1381 1142,1381 1154,1372 1386,1372 1398,1381 1426,1372 1486,1372 1502,1384 1554,1384 1574,1401 1622,1357 1682,1356 1786,1356 1806,1372 1854,1372 1862,1380 1970,1380 1978,1388 2022,1388 2034,1400 2078,1400 2094,1413 2326,1413 2366,1392 2470,1396 2490,1416 2611,1413 2611,1513 2338,1513 2330,1519 2118,1523 2106,1535 2050,1558 2036,1546 2006,1546 1994,1534 1962,1530 1946,1518 1658,1514 1650,1506 1278,1518 1242,1490 1146,1490 1116,1515 998,1515 986,1506 858,1506 838,1494 728,1490"/>
        <Baseline points="777,1445 827,1446 877,1447 927,1447 977,1446 1027,1447 1077,1449 1127,1450 1177,1451 1227,1452 1277,1454 1327,1455 1377,1457 1427,1458 1477,1459 1527,1459 1577,1462 1627,1464 1677,1465 1727,1464 1777,1463 1827,1463 1877,1463 1927,1465 1977,1468 2027,1470 2077,1473 2127,1475 2177,1479 2227,1480 2277,1481 2327,1482 2377,1483 2427,1485 2477,1486 2527,1489 2563,1489"/>
        <Word id="word_db9d44d1-41fd-456d-abad-7c81febdb1af">
          <Coords points="778,1410 828,1411 878,1412 927,1412 964,1411 965,1456 927,1457 877,1457 827,1456 777,1455"/>
          <TextEquiv>
            <Unicode>nevens</Unicode>
          </TextEquiv>
        </Word>
        <Word id="word_4891e5e3-d149-4116-bb92-7517a249825f">
          <Coords points="998,1411 1029,1412 1078,1414 1091,1414 1090,1459 1077,1459 1027,1457 996,1456"/>
          <TextEquiv>
            <Unicode>uE.</Unicode>
          </TextEquiv>
        </Word>
        <Word id="word_d281a9a8-204e-42f6-a26d-85ad404792ef">
          <Coords points="1122,1415 1128,1415 1178,1416 1228,1417 1278,1419 1310,1420 1310,1465 1277,1464 1227,1462 1177,1461 1127,1460 1122,1460"/>
          <TextEquiv>
            <Unicode>wilden</Unicode>
          </TextEquiv>
        </Word>
        <Word id="word_8db245de-5db9-4140-85fd-bbf21fea1c0d">
          <Coords points="1343,1420 1379,1422 1428,1423 1478,1424 1527,1424 1579,1427 1628,1429 1678,1430 1685,1430 1686,1475 1677,1475 1627,1474 1576,1472 1527,1469 1477,1469 1427,1468 1377,1467 1341,1465"/>
          <TextEquiv>
            <Unicode>opbreecken,</Unicode>
          </TextEquiv>
        </Word>
        <Word id="word_398f6b69-e449-4878-8661-e3807b64654c">
          <Coords points="1716,1429 1726,1429 1776,1428 1827,1428 1877,1428 1907,1429 1905,1474 1877,1473 1827,1473 1777,1473 1727,1474 1717,1474"/>
          <TextEquiv>
            <Unicode>sonder</Unicode>
          </TextEquiv>
        </Word>
        <Word id="word_19d06ab4-e8cd-468e-b193-681739368c32">
          <Coords points="1939,1430 1979,1433 2001,1434 1999,1479 1976,1478 1936,1475"/>
          <TextEquiv>
            <Unicode>na</Unicode>
          </TextEquiv>
        </Word>
        <Word id="word_68a0a0e2-3dc0-4e78-b2ff-096df19e3441">
          <Coords points="2033,1435 2079,1438 2094,1439 2093,1484 2076,1483 2030,1480"/>
          <TextEquiv>
            <Unicode>de</Unicode>
          </TextEquiv>
        </Word>
        <Word id="word_73483aac-2435-4d4f-aaf0-eef57df84674">
          <Coords points="2126,1440 2128,1440 2180,1444 2228,1445 2278,1446 2328,1447 2376,1448 2375,1493 2327,1492 2277,1491 2227,1490 2176,1489 2127,1485 2124,1485"/>
          <TextEquiv>
            <Unicode>volgende</Unicode>
          </TextEquiv>
        </Word>
        <Word id="word_ed171449-1172-47ef-87c1-f760974e79de">
          <Coords points="2409,1449 2429,1450 2470,1451 2469,1496 2426,1495 2406,1494"/>
          <TextEquiv>
            <Unicode>om</Unicode>
          </TextEquiv>
        </Word>
        <Word id="word_548315ea-6451-48dd-b5fa-d29c7a744948">
          <Coords points="2504,1452 2530,1454 2563,1454 2563,1499 2526,1499 2499,1496"/>
          <TextEquiv>
            <Unicode>te</Unicode>
          </TextEquiv>
        </Word>
        <TextEquiv conf="0.8981849767415511">
          <Unicode>nevens uE. wilden opbreecken, sonder na de volgende om te</Unicode>
        </TextEquiv>
        <TextStyle xHeight="49"/>
      </TextLine>
      <TextLine id="line_4b146aca-6db2-41d9-8745-3cc354d73370">
        <Coords points="734,1485 980,1484 1103,1493 1115,1481 1135,1499 1147,1491 1239,1491 1259,1511 1307,1520 1351,1520 1359,1512 1541,1507 1646,1507 1654,1515 1942,1515 1966,1531 1990,1527 2010,1543 2035,1544 2050,1559 2074,1544 2130,1527 2182,1572 2473,1572 2481,1564 2561,1564 2566,1670 2377,1670 2333,1702 2258,1702 2242,1689 2132,1694 2057,1690 2022,1677 1886,1677 1874,1665 1706,1661 1666,1662 1638,1682 1563,1673 1411,1682 1199,1681 1183,1665 1079,1665 1008,1618 900,1618 867,1647 828,1666 734,1666"/>
        <Baseline points="783,1605 833,1604 883,1602 933,1601 983,1602 1033,1603 1083,1603 1133,1603 1183,1602 1233,1603 1283,1604 1333,1607 1383,1610 1433,1614 1483,1616 1533,1618 1583,1621 1633,1622 1683,1621 1733,1622 1783,1623 1833,1623 1883,1624 1933,1626 1983,1628 2033,1629 2083,1633 2133,1636 2183,1638 2233,1639 2283,1641 2333,1643 2383,1645 2433,1647 2483,1647 2518,1646"/>
        <Word id="word_6e32c122-0320-40f7-9ba0-d396db615689">
          <Coords points="782,1570 832,1569 882,1567 932,1566 984,1567 1023,1568 1022,1613 983,1612 933,1611 883,1612 833,1614 783,1615"/>
          <TextEquiv>
            <Unicode>kijcken,</Unicode>
          </TextEquiv>
        </Word>
        <Word id="word_34707cf9-0eee-42e7-ab32-09c88402de1c">
          <Coords points="1052,1568 1083,1568 1133,1568 1171,1567 1172,1612 1133,1613 1083,1613 1052,1613"/>
          <TextEquiv>
            <Unicode>sult</Unicode>
          </TextEquiv>
        </Word>
        <Word id="word_9d8feee1-9432-46ad-a8ba-96f65452fc98">
          <Coords points="1204,1567 1235,1568 1284,1569 1335,1572 1354,1573 1351,1618 1332,1617 1283,1614 1233,1613 1202,1612"/>
          <TextEquiv>
            <Unicode>tegen</Unicode>
          </TextEquiv>
        </Word>
        <Word id="word_afcd1ad6-546e-4d6f-b043-24030fdf0194">
          <Coords points="1383,1575 1385,1575 1436,1579 1442,1579 1441,1624 1432,1624 1382,1620 1381,1620"/>
          <TextEquiv>
            <Unicode>de</Unicode>
          </TextEquiv>
        </Word>
        <Word id="word_3bf8faed-d4a4-4c47-a48d-245eb9ee4a99">
          <Coords points="1472,1581 1484,1581 1534,1583 1585,1586 1634,1587 1650,1587 1651,1632 1633,1632 1582,1631 1533,1628 1483,1626 1471,1626"/>
          <TextEquiv>
            <Unicode>zelve,</Unicode>
          </TextEquiv>
        </Word>
        <Word id="word_f6fc0cdc-04a0-49e7-ace0-b7ad8f8d94f5">
          <Coords points="1680,1586 1682,1586 1734,1587 1784,1588 1800,1588 1800,1633 1783,1633 1733,1632 1683,1631 1681,1631"/>
          <TextEquiv>
            <Unicode>uijt</Unicode>
          </TextEquiv>
        </Word>
        <Word id="word_db990939-16a7-406f-88ad-f646e2bf8607">
          <Coords points="1830,1588 1833,1588 1884,1589 1921,1591 1919,1635 1883,1634 1833,1633 1830,1633"/>
          <TextEquiv>
            <Unicode>den</Unicode>
          </TextEquiv>
        </Word>
        <Word id="word_68bbdaa9-b894-4cec-a245-e3d98d779720">
          <Coords points="1951,1592 1984,1593 2034,1594 2086,1598 2101,1599 2099,1644 2082,1643 2033,1639 1983,1638 1949,1637"/>
          <TextEquiv>
            <Unicode>Naam,</Unicode>
          </TextEquiv>
        </Word>
        <Word id="word_c587efc7-ff03-4cf8-8577-06a6c9ee242a">
          <Coords points="2131,1601 2135,1601 2184,1603 2219,1604 2219,1649 2183,1648 2132,1646 2128,1646"/>
          <TextEquiv>
            <Unicode>end</Unicode>
          </TextEquiv>
        </Word>
        <Word id="word_9eca4864-f7c0-46a9-9d24-27ce7d61b613">
          <Coords points="2250,1604 2285,1606 2334,1608 2340,1608 2338,1653 2333,1653 2283,1651 2248,1649"/>
          <TextEquiv>
            <Unicode>van</Unicode>
          </TextEquiv>
        </Word>
        <Word id="word_cf2b23b3-0ba8-4bdc-ac02-e7b0ebb3b982">
          <Coords points="2370,1609 2384,1610 2434,1612 2483,1612 2517,1611 2518,1656 2483,1657 2433,1657 2383,1655 2368,1654"/>
          <TextEquiv>
            <Unicode>wegen</Unicode>
          </TextEquiv>
        </Word>
        <TextEquiv conf="0.9338190921091742">
          <Unicode>kijcken, sult tegen de zelve, uijt den Naam, end van wegen</Unicode>
        </TextEquiv>
        <TextStyle xHeight="54"/>
      </TextLine>
      <TextLine id="line_4631f54d-9c1f-400b-abd6-41f26c24d6b5">
        <Coords points="696,1656 710,1665 834,1665 894,1618 1006,1617 1078,1664 1182,1664 1202,1681 1218,1681 1246,1660 1302,1660 1554,1668 1566,1676 1604,1676 1626,1684 1650,1673 1702,1673 1710,1665 1874,1664 1886,1676 1910,1681 2026,1680 2054,1684 2062,1692 2238,1688 2282,1731 2346,1731 2362,1744 2414,1740 2446,1715 2499,1715 2499,1815 2338,1815 2310,1831 2226,1822 2050,1827 2011,1855 1945,1847 1929,1863 1905,1863 1889,1879 1766,1879 1686,1874 1630,1818 1610,1818 1598,1806 1514,1807 1454,1859 1426,1867 1362,1806 1298,1811 1276,1823 1223,1780 1022,1780 994,1807 977,1813 969,1805 963,1811 730,1806 710,1791 696,1796"/>
        <Baseline points="745,1754 795,1759 845,1762 895,1765 945,1767 995,1770 1045,1769 1095,1769 1145,1770 1195,1771 1245,1771 1295,1770 1345,1769 1395,1769 1445,1768 1495,1768 1545,1768 1595,1768 1645,1771 1695,1776 1745,1778 1795,1778 1845,1777 1895,1777 1945,1778 1995,1778 2045,1779 2095,1778 2145,1782 2195,1787 2245,1789 2295,1787 2345,1788 2395,1792 2445,1792 2451,1791"/>
        <Word id="word_1533d6cc-39c4-4182-af24-f278d063d597">
          <Coords points="748,1719 798,1724 826,1726 824,1771 794,1769 744,1764"/>
          <TextEquiv>
            <Unicode>de</Unicode>
          </TextEquiv>
        </Word>
        <Word id="word_8ada18a5-fba2-4dc0-b573-48bcb90e130a">
          <Coords points="866,1728 897,1730 946,1732 997,1735 1044,1734 1095,1734 1146,1735 1182,1736 1181,1781 1145,1780 1095,1779 1045,1779 994,1780 945,1777 894,1775 863,1773"/>
          <TextEquiv>
            <Unicode>Generale</Unicode>
          </TextEquiv>
        </Word>
        <Word id="word_4e8912b9-dadc-428e-b006-7b2b9ea1a165">
          <Coords points="1220,1737 1244,1736 1294,1735 1344,1734 1395,1734 1444,1733 1495,1733 1545,1733 1595,1733 1620,1734 1617,1779 1595,1778 1545,1778 1495,1778 1445,1778 1395,1779 1345,1779 1295,1780 1245,1781 1221,1782"/>
          <TextEquiv>
            <Unicode>vereemende</Unicode>
          </TextEquiv>
        </Word>
        <Word id="word_e30fca60-ece5-4b7f-85e0-1cd9027e4d31">
          <Coords points="1662,1737 1699,1741 1746,1743 1795,1743 1844,1742 1895,1742 1946,1743 1995,1743 2046,1744 2094,1743 2148,1747 2177,1750 2172,1795 2144,1792 2095,1788 2045,1789 1995,1788 1945,1788 1895,1787 1845,1787 1795,1788 1745,1788 1694,1786 1657,1782"/>
          <TextEquiv>
            <Unicode>Oost-Jndische</Unicode>
          </TextEquiv>
        </Word>
        <Word id="word_999ffc8d-4902-42ba-84a7-634c5cebe60a">
          <Coords points="2213,1754 2245,1754 2294,1752 2346,1753 2398,1757 2445,1757 2445,1756 2453,1801 2445,1802 2394,1802 2345,1798 2295,1797 2245,1799 2213,1799"/>
          <TextEquiv>
            <Unicode>Comp=e</Unicode>
          </TextEquiv>
        </Word>
        <TextEquiv conf="0.9224939678657447">
          <Unicode>de Generale vereemende Oost-Jndische Comp=e</Unicode>
        </TextEquiv>
        <TextStyle xHeight="50"/>
      </TextLine>
      <TextLine id="d200d946-56a8-4d47-a010-391bb705b0e6">
        <Coords points="732,1782 978,1778 1036,1831 1094,1778 1218,1778 1274,1822 1361,1805 1425,1866 1452,1858 1501,1818 1513,1826 1533,1809 1601,1809 1613,1821 1629,1821 1689,1877 1890,1878 1909,1862 1929,1862 1945,1846 1961,1853 2011,1854 2041,1837 2299,1842 2316,1826 2348,1825 2368,1833 2424,1881 2576,1886 2678,1882 2689,1873 2703,1883 2720,1877 2725,1983 2713,1974 2670,2010 2456,2010 2440,2026 2308,2017 2097,2018 2049,2066 2020,2041 1994,2030 1975,2038 1945,2037 1878,1975 1847,1998 1819,1994 1809,1984 1777,1984 1764,1974 1733,1974 1709,1987 1633,1974 1565,1978 1557,1970 1525,1970 1505,1950 1485,1950 1458,1974 1437,1979 1329,1978 1321,1970 1265,1970 1253,1958 1202,1958 1170,1978 1162,1970 1126,1970 1106,1954 1046,1946 1034,1947 971,1998 937,1988 918,1999 846,1958 790,1970 766,1958 732,1924"/>
        <Baseline points="781,1921 831,1917 881,1914 931,1914 981,1914 1031,1914 1081,1914 1131,1915 1181,1919 1231,1918 1281,1919 1331,1920 1381,1922 1431,1923 1481,1926 1531,1930 1581,1930 1631,1931 1681,1932 1731,1933 1781,1934 1831,1934 1881,1932 1931,1932 1981,1933 2031,1934 2081,1934 2131,1934 2181,1935 2231,1936 2281,1937 2331,1937 2381,1940 2431,1941 2481,1941 2531,1945 2581,1949 2631,1954 2677,1959"/>
        <Word id="word_25d32b0f-99aa-4541-82da-c39b0d5ca59e">
          <Coords points="778,1886 828,1882 835,1882 838,1927 832,1927 782,1931"/>
          <TextEquiv>
            <Unicode>ij</Unicode>
          </TextEquiv>
        </Word>
        <Word id="word_d241f8d2-300c-4996-8fd9-938080e71d19">
          <Coords points="864,1880 879,1879 931,1879 981,1879 1031,1879 1081,1879 1132,1880 1152,1882 1148,1926 1131,1925 1081,1924 1031,1924 981,1924 931,1924 882,1924 866,1925"/>
          <TextEquiv>
            <Unicode>geschrifte</Unicode>
          </TextEquiv>
        </Word>
        <Word id="word_df95abbe-98ec-44d4-b775-6047b53d5f1f">
          <Coords points="1180,1884 1184,1884 1230,1883 1282,1884 1332,1885 1382,1887 1432,1888 1483,1891 1534,1895 1545,1895 1545,1940 1530,1940 1480,1936 1431,1933 1381,1932 1331,1930 1281,1929 1231,1928 1180,1929 1176,1929"/>
          <TextEquiv>
            <Unicode>protesteeren,</Unicode>
          </TextEquiv>
        </Word>
        <Word id="word_baa9ca90-7179-4706-a403-51504baa624e">
          <Coords points="1573,1895 1581,1895 1632,1896 1659,1897 1658,1942 1631,1941 1581,1940 1573,1940"/>
          <TextEquiv>
            <Unicode>van</Unicode>
          </TextEquiv>
        </Word>
        <Word id="word_9cd01cc9-4fd9-40d2-9e98-28137a71d73d">
          <Coords points="1687,1897 1732,1898 1782,1899 1800,1899 1800,1944 1781,1944 1731,1943 1686,1942"/>
          <TextEquiv>
            <Unicode>alle</Unicode>
          </TextEquiv>
        </Word>
        <Word id="word_660357a4-4620-4cb6-a1fe-c9e1817d9afd">
          <Coords points="1828,1899 1831,1899 1880,1897 1931,1897 1982,1898 1999,1898 1998,1943 1981,1943 1931,1942 1881,1942 1831,1944 1828,1944"/>
          <TextEquiv>
            <Unicode>costen</Unicode>
          </TextEquiv>
        </Word>
        <Word id="word_df940fe5-28df-465a-8664-0cad04b7b851">
          <Coords points="2027,1899 2032,1899 2081,1899 2131,1899 2182,1900 2225,1901 2225,1946 2181,1945 2131,1944 2081,1944 2031,1944 2026,1944"/>
          <TextEquiv>
            <Unicode>schaden</Unicode>
          </TextEquiv>
        </Word>
        <Word id="word_da2acb86-e1e2-40ee-b875-b0e5902bf237">
          <Coords points="2254,1901 2282,1902 2331,1902 2368,1904 2366,1949 2331,1947 2281,1947 2253,1946"/>
          <TextEquiv>
            <Unicode>ende</Unicode>
          </TextEquiv>
        </Word>
        <Word id="word_74603c90-614f-44e9-a22b-7575f3218465">
          <Coords points="2395,1906 2431,1906 2481,1906 2534,1910 2584,1914 2634,1919 2681,1924 2676,1969 2630,1964 2580,1959 2530,1955 2481,1951 2431,1951 2395,1951"/>
          <TextEquiv>
            <Unicode>intcressen</Unicode>
          </TextEquiv>
        </Word>
        <TextEquiv conf="0.9092085571048137">
          <Unicode>ij geschrifte protesteeren, van alle costen schaden ende intcressen</Unicode>
        </TextEquiv>
        <TextStyle xHeight="58"/>
      </TextLine>
      <TextLine id="d0a23770-76d2-4f6a-8f77-b75a41dbd576">
        <Coords points="731,1922 769,1960 788,1969 837,1960 869,1964 885,1980 1088,1976 1100,1985 1121,1968 1161,1968 1181,1977 1201,1960 1313,1968 1329,1980 1437,1981 1457,1973 1489,1941 1595,1940 1609,1952 1641,1952 1653,1960 1725,1960 1745,1979 1803,1984 1816,1993 1848,1993 1877,1972 1941,2036 1993,2032 2001,2040 2017,2040 2048,2065 2101,2020 2662,2020 2662,2120 2521,2130 2513,2138 2477,2138 2461,2125 2445,2125 2393,2150 2190,2157 2157,2125 2132,2117 2037,2122 2019,2138 1973,2133 1934,2094 1909,2110 1873,2110 1793,2106 1765,2093 1685,2093 1653,2122 1497,2113 1489,2105 1197,2109 1186,2118 1137,2122 1025,2122 1005,2121 993,2109 817,2109 797,2093 773,2094 756,2106 731,2093"/>
        <Baseline points="780,2057 830,2060 880,2061 930,2059 980,2060 1030,2060 1080,2059 1130,2061 1180,2061 1230,2062 1280,2064 1330,2065 1380,2066 1430,2068 1480,2069 1530,2069 1580,2070 1630,2070 1680,2071 1730,2074 1780,2078 1830,2081 1880,2082 1930,2084 1980,2086 2030,2088 2080,2091 2130,2091 2180,2091 2230,2092 2280,2092 2330,2093 2380,2094 2430,2096 2480,2095 2530,2097 2580,2098 2614,2096"/>
        <Word id="word_65addd78-6b1e-4965-b8c6-a3ded29bffc5">
          <Coords points="782,2022 832,2025 874,2026 873,2071 829,2070 779,2067"/>
          <TextEquiv>
            <Unicode>die</Unicode>
          </TextEquiv>
        </Word>
        <Word id="word_b94abb42-fec6-4862-9ab0-04712a59b9ea">
          <Coords points="901,2027 927,2024 967,2025 966,2070 931,2069 905,2071"/>
          <TextEquiv>
            <Unicode>de</Unicode>
          </TextEquiv>
        </Word>
        <Word id="word_39f5e1d2-c29f-4e3e-b159-b5b4649b8f33">
          <Coords points="997,2025 1030,2025 1079,2024 1131,2026 1153,2026 1153,2071 1130,2071 1080,2069 1030,2070 998,2070"/>
          <TextEquiv>
            <Unicode>selve</Unicode>
          </TextEquiv>
        </Word>
        <Word id="word_476fdbd2-8587-4172-8531-7a60b3894952">
          <Coords points="1185,2026 1231,2027 1281,2029 1309,2030 1308,2075 1280,2074 1230,2072 1184,2071"/>
          <TextEquiv>
            <Unicode>hier</Unicode>
          </TextEquiv>
        </Word>
        <Word id="word_77f8debe-dafb-4627-a9bf-f0d79f5323a2">
          <Coords points="1340,2030 1381,2031 1431,2033 1465,2034 1464,2079 1430,2078 1380,2076 1339,2075"/>
          <TextEquiv>
            <Unicode>door</Unicode>
          </TextEquiv>
        </Word>
        <Word id="word_41decf04-ee1b-403b-b672-7363aa88b5f0">
          <Coords points="1495,2034 1530,2034 1581,2035 1630,2035 1681,2036 1684,2036 1681,2081 1680,2081 1630,2080 1580,2080 1530,2079 1495,2079"/>
          <TextEquiv>
            <Unicode>souden</Unicode>
          </TextEquiv>
        </Word>
        <Word id="word_2103c253-5201-45ea-ad46-af29a48f3335">
          <Coords points="1715,2038 1732,2039 1783,2043 1832,2046 1881,2047 1900,2048 1899,2093 1880,2092 1829,2091 1779,2088 1729,2084 1712,2083"/>
          <TextEquiv>
            <Unicode>mogen,</Unicode>
          </TextEquiv>
        </Word>
        <Word id="word_92ccb36d-91b5-450a-8bec-284d14fce4e2">
          <Coords points="1931,2049 1931,2049 1981,2051 2031,2053 2082,2056 2130,2056 2179,2056 2179,2101 2130,2101 2079,2101 2030,2098 1980,2096 1930,2094 1930,2094"/>
          <TextEquiv>
            <Unicode>toecomen</Unicode>
          </TextEquiv>
        </Word>
        <Word id="word_b7c49485-8bcd-45b8-811c-3f3bc041957d">
          <Coords points="2211,2056 2232,2057 2280,2057 2331,2058 2335,2058 2334,2103 2330,2103 2280,2102 2230,2102 2209,2101"/>
          <TextEquiv>
            <Unicode>ende</Unicode>
          </TextEquiv>
        </Word>
        <Word id="word_aeba2b91-0d88-40ba-a91e-95613aac374e">
          <Coords points="2366,2059 2381,2059 2431,2061 2479,2060 2491,2060 2489,2105 2480,2105 2430,2106 2380,2104 2365,2104"/>
          <TextEquiv>
            <Unicode>sulx</Unicode>
          </TextEquiv>
        </Word>
        <Word id="word_8280727d-2354-4865-9951-2ded87e31878">
          <Coords points="2522,2062 2531,2062 2581,2063 2612,2061 2614,2106 2580,2108 2530,2107 2520,2107"/>
          <TextEquiv>
            <Unicode>aan</Unicode>
          </TextEquiv>
        </Word>
        <TextEquiv conf="0.9184219931396675">
          <Unicode>die de selve hier door souden mogen, toecomen ende sulx aan</Unicode>
        </TextEquiv>
        <TextStyle xHeight="48"/>
      </TextLine>
      <TextLine id="c8fb0751-319c-4dcd-b2b1-0f6e8b2f23c5">
        <Coords points="739,2103 760,2120 773,2112 997,2112 1005,2120 1025,2121 1137,2121 1188,2117 1197,2108 1489,2104 1497,2112 1581,2112 1593,2124 1653,2125 1685,2096 1780,2096 1792,2105 1911,2109 1933,2093 1976,2136 2019,2137 2036,2121 2076,2117 2150,2121 2200,2168 2637,2178 2637,2278 2624,2286 2368,2289 2353,2301 2324,2301 2284,2317 2096,2316 2032,2253 1892,2262 1876,2249 1808,2249 1792,2262 1732,2262 1720,2253 1649,2253 1626,2234 1405,2234 1305,2226 969,2234 902,2301 886,2297 818,2360 739,2289"/>
        <Baseline points="788,2201 838,2203 888,2202 938,2201 988,2203 1038,2205 1088,2204 1138,2204 1188,2204 1238,2203 1288,2203 1338,2205 1388,2205 1438,2206 1488,2207 1538,2211 1588,2216 1638,2219 1688,2222 1738,2225 1788,2228 1838,2227 1888,2228 1938,2230 1988,2233 2038,2236 2088,2237 2138,2238 2188,2239 2238,2240 2288,2241 2338,2243 2388,2247 2438,2250 2488,2250 2538,2253 2588,2254 2589,2254"/>
        <Word id="word_69d041fc-90da-41a0-8c38-1dfcbb5870fe">
          <Coords points="789,2166 839,2168 887,2167 937,2166 966,2167 964,2212 938,2211 888,2212 838,2213 788,2211"/>
          <TextEquiv>
            <Unicode>Oonse</Unicode>
          </TextEquiv>
        </Word>
        <Word id="word_c3f56723-10f7-4e1e-baac-98b742cc644a">
          <Coords points="1001,2169 1039,2170 1087,2169 1138,2169 1188,2169 1211,2169 1212,2214 1188,2214 1138,2214 1088,2214 1038,2215 1000,2213"/>
          <TextEquiv>
            <Unicode>Heeren</Unicode>
          </TextEquiv>
        </Word>
        <Word id="word_f86a7320-ce1d-47e8-a6ed-b8ed776bc057">
          <Coords points="1248,2168 1288,2168 1339,2170 1388,2170 1439,2171 1489,2172 1533,2175 1529,2220 1488,2217 1438,2216 1388,2215 1338,2215 1288,2213 1247,2213"/>
          <TextEquiv>
            <Unicode>meesters</Unicode>
          </TextEquiv>
        </Word>
        <Word id="word_9966f693-9a67-40a5-922c-2f10a74882b4">
          <Coords points="1569,2178 1592,2181 1640,2184 1673,2186 1670,2231 1637,2229 1587,2226 1564,2223"/>
          <TextEquiv>
            <Unicode>tot</Unicode>
          </TextEquiv>
        </Word>
        <Word id="word_794e820f-a6f1-457c-a668-d012570a3ce6">
          <Coords points="1708,2188 1740,2190 1790,2193 1811,2193 1812,2238 1787,2238 1737,2235 1706,2233"/>
          <TextEquiv>
            <Unicode>uE.</Unicode>
          </TextEquiv>
        </Word>
        <Word id="word_1eeaa4f0-f18e-41b6-a0fc-609cf43d6004">
          <Coords points="1848,2192 1889,2193 1939,2195 1990,2198 2040,2201 2089,2202 2139,2203 2189,2204 2237,2205 2236,2250 2188,2249 2138,2248 2088,2247 2037,2246 1987,2243 1938,2240 1888,2238 1847,2237"/>
          <TextEquiv>
            <Unicode>ontlastingh</Unicode>
          </TextEquiv>
        </Word>
        <Word id="word_693f57fc-eb0b-45c8-afd2-f16bb5486958">
          <Coords points="2272,2206 2289,2206 2339,2208 2391,2212 2440,2215 2488,2215 2540,2218 2589,2219 2589,2219 2589,2264 2588,2264 2537,2263 2488,2260 2437,2260 2387,2257 2338,2253 2288,2251 2271,2251"/>
          <TextEquiv>
            <Unicode>verthonen</Unicode>
          </TextEquiv>
        </Word>
        <TextEquiv conf="0.8829908625037171">
          <Unicode>Oonse Heeren meesters tot uE. ontlastingh verthonen</Unicode>
        </TextEquiv>
        <TextStyle xHeight="51"/>
      </TextLine>
      <TextLine id="line_38c3c85b-dc96-40ee-bc61-a1c62d20a79a">
        <Coords points="722,2274 816,2363 876,2307 900,2307 928,2282 992,2287 1024,2258 1095,2258 1107,2270 1135,2270 1183,2315 1343,2315 1359,2306 1419,2323 1459,2323 1475,2315 1643,2315 1711,2254 1793,2259 1806,2246 1870,2246 1886,2259 1934,2259 1943,2250 2034,2254 2102,2319 2585,2326 2625,2358 2650,2361 2650,2462 2493,2459 2473,2472 2174,2471 2114,2495 2098,2511 2066,2519 2052,2510 1950,2506 1882,2494 1667,2495 1623,2499 1611,2507 1495,2502 1399,2417 1347,2417 1338,2424 1320,2417 1290,2440 1275,2427 1247,2428 1235,2440 1201,2427 1139,2428 1098,2468 1079,2468 1071,2476 964,2476 936,2480 928,2488 722,2488"/>
        <Baseline points="771,2399 821,2400 871,2399 921,2397 971,2396 1021,2395 1071,2396 1121,2397 1171,2399 1221,2400 1271,2401 1321,2402 1371,2405 1421,2406 1471,2407 1521,2411 1571,2412 1621,2412 1671,2414 1721,2416 1771,2418 1821,2419 1871,2420 1921,2421 1971,2423 2021,2423 2071,2424 2121,2426 2171,2428 2221,2430 2271,2432 2321,2434 2371,2435 2421,2437 2471,2437 2521,2439 2571,2440 2602,2438"/>
        <Word id="word_2f3afd57-32ba-44be-a9f8-5e38b1c199d6">
          <Coords points="772,2364 822,2365 865,2364 866,2409 821,2410 771,2409"/>
          <TextEquiv>
            <Unicode>Soo</Unicode>
          </TextEquiv>
        </Word>
        <Word id="word_f9d64ef8-5d50-48c1-aaf2-2c1d0325a93e">
          <Coords points="895,2364 919,2362 970,2361 1020,2360 1056,2361 1055,2406 1021,2405 971,2406 922,2407 898,2408"/>
          <TextEquiv>
            <Unicode>haart</Unicode>
          </TextEquiv>
        </Word>
        <Word id="word_171e90fa-1558-42ea-a43b-f9d64678ccba">
          <Coords points="1087,2361 1122,2362 1151,2363 1150,2408 1121,2407 1087,2406"/>
          <TextEquiv>
            <Unicode>de</Unicode>
          </TextEquiv>
        </Word>
        <Word id="word_3db935d9-4d22-4407-b9d3-fbe60eeeba64">
          <Coords points="1182,2364 1222,2365 1272,2366 1322,2367 1341,2368 1339,2413 1321,2412 1271,2411 1221,2410 1181,2409"/>
          <TextEquiv>
            <Unicode>viste</Unicode>
          </TextEquiv>
        </Word>
        <Word id="word_683bce8f-3b46-4ebe-8df8-75d1e046be65">
          <Coords points="1373,2370 1373,2370 1422,2371 1472,2372 1500,2374 1496,2419 1471,2417 1421,2416 1370,2415 1370,2415"/>
          <TextEquiv>
            <Unicode>ende</Unicode>
          </TextEquiv>
        </Word>
        <Word id="word_7f65e7ce-9b76-415d-b111-1e1f858d9aa5">
          <Coords points="1529,2377 1571,2377 1621,2377 1672,2379 1722,2381 1772,2383 1822,2384 1845,2384 1844,2429 1821,2429 1771,2428 1721,2426 1671,2424 1621,2422 1571,2422 1529,2422"/>
          <TextEquiv>
            <Unicode>monstering</Unicode>
          </TextEquiv>
        </Word>
        <Word id="word_b14bf09a-06ed-4ea3-bd2c-f92a5a9847f7">
          <Coords points="1877,2385 1922,2386 1972,2388 2021,2388 2066,2389 2065,2434 2021,2433 1971,2433 1921,2431 1876,2430"/>
          <TextEquiv>
            <Unicode>gedaan</Unicode>
          </TextEquiv>
        </Word>
        <Word id="word_7c98485f-4215-4b3b-8e8d-d4d8bd75573b">
          <Coords points="2099,2390 2123,2391 2172,2393 2222,2395 2256,2396 2254,2441 2221,2440 2171,2438 2120,2436 2096,2435"/>
          <TextEquiv>
            <Unicode>zijn,</Unicode>
          </TextEquiv>
        </Word>
        <Word id="word_8b503d8e-13cc-406c-ac7a-d840417e9ff6">
          <Coords points="2288,2398 2322,2399 2372,2400 2382,2400 2381,2445 2371,2445 2321,2444 2286,2443"/>
          <TextEquiv>
            <Unicode>zal</Unicode>
          </TextEquiv>
        </Word>
        <Word id="word_9a24cdb5-8614-44ec-b1a9-18ebece45713">
          <Coords points="2414,2402 2422,2402 2471,2402 2522,2404 2572,2405 2600,2403 2603,2448 2571,2450 2521,2449 2471,2447 2421,2447 2412,2447"/>
          <TextEquiv>
            <Unicode>voorde</Unicode>
          </TextEquiv>
        </Word>
        <TextEquiv conf="0.8951938270623576">
          <Unicode>Soo haart de viste ende monstering gedaan zijn, zal voorde</Unicode>
        </TextEquiv>
        <TextStyle xHeight="61"/>
      </TextLine>
      <TextLine id="line_4241575a-1df7-4214-9ddd-82df83fd07bf">
        <Coords points="741,2486 927,2486 935,2478 1154,2474 1166,2462 1266,2459 1323,2411 1339,2411 1394,2415 1494,2501 1610,2506 1626,2498 1878,2493 1886,2501 1938,2501 1958,2509 2049,2509 2058,2518 2105,2505 2217,2501 2249,2501 2257,2509 2378,2509 2378,2609 2325,2609 2285,2648 2270,2644 2245,2619 2169,2621 2148,2641 2133,2640 2114,2621 2083,2636 2077,2630 2025,2630 2009,2620 1954,2620 1926,2637 1862,2632 1847,2644 1670,2648 1650,2664 1627,2644 1607,2656 1594,2655 1567,2633 1547,2628 1298,2633 1287,2644 1194,2648 1181,2660 1095,2647 947,2648 931,2636 859,2644 847,2632 741,2628"/>
        <Baseline points="790,2557 840,2557 890,2557 940,2555 990,2556 1040,2556 1090,2555 1140,2555 1190,2555 1240,2555 1290,2556 1340,2558 1390,2562 1440,2562 1490,2564 1540,2565 1590,2568 1640,2569 1690,2567 1740,2572 1790,2574 1840,2575 1890,2576 1940,2580 1990,2582 2040,2583 2090,2583 2140,2584 2190,2586 2240,2585 2290,2585 2330,2585"/>
        <Word id="word_02b051c1-457e-427c-a1f8-01832bf21649">
          <Coords points="790,2522 840,2522 890,2522 931,2520 933,2565 890,2567 840,2567 790,2567"/>
          <TextEquiv>
            <Unicode>vloot</Unicode>
          </TextEquiv>
        </Word>
        <Word id="word_9377bb5c-2d45-459f-a132-cf6b071a9e93">
          <Coords points="963,2519 992,2521 1040,2521 1046,2521 1047,2566 1040,2566 989,2566 961,2564"/>
          <TextEquiv>
            <Unicode>een</Unicode>
          </TextEquiv>
        </Word>
        <Word id="word_7be7278d-7bae-4aba-907a-4d123b7b6f7f">
          <Coords points="1075,2520 1089,2520 1140,2520 1190,2520 1240,2520 1291,2521 1341,2523 1363,2525 1360,2570 1340,2568 1290,2566 1240,2565 1190,2565 1140,2565 1090,2565 1075,2565"/>
          <TextEquiv>
            <Unicode>behoorlijk</Unicode>
          </TextEquiv>
        </Word>
        <Word id="word_c1d3bcd8-8478-457c-9482-56179a8e9d01">
          <Coords points="1392,2527 1393,2527 1440,2527 1491,2529 1541,2530 1562,2531 1559,2576 1540,2575 1490,2574 1440,2572 1389,2572 1388,2572"/>
          <TextEquiv>
            <Unicode>seijn-</Unicode>
          </TextEquiv>
        </Word>
        <Word id="word_04789fdb-61fa-400d-a1b0-1703e8c386a2">
          <Coords points="1591,2533 1592,2533 1641,2534 1689,2532 1734,2536 1730,2581 1690,2577 1640,2579 1589,2578 1588,2578"/>
          <TextEquiv>
            <Unicode>brief</Unicode>
          </TextEquiv>
        </Word>
        <Word id="word_f36d682a-def0-43f1-a3ba-9bbc2dc292ed">
          <Coords points="1759,2539 1790,2539 1841,2540 1891,2541 1933,2544 1930,2589 1890,2586 1840,2585 1790,2584 1759,2584"/>
          <TextEquiv>
            <Unicode>dienen</Unicode>
          </TextEquiv>
        </Word>
        <Word id="word_41322ff2-32a5-4338-96bd-75fe9a4a0a3d">
          <Coords points="1959,2547 1991,2547 2041,2548 2090,2548 2141,2549 2191,2551 2239,2550 2290,2550 2330,2550 2330,2595 2290,2595 2240,2595 2190,2596 2140,2594 2090,2593 2040,2593 1990,2592 1959,2592"/>
          <TextEquiv>
            <Unicode>geconcipieert</Unicode>
          </TextEquiv>
        </Word>
        <TextEquiv conf="0.9094973898325588">
          <Unicode>vloot een behoorlijk seijn- brief dienen geconcipieert</Unicode>
        </TextEquiv>
        <TextStyle xHeight="53"/>
      </TextLine>
      <TextLine id="line_26801da0-7708-4b47-88de-4abdc5b06ada">
        <Coords points="737,2629 843,2629 879,2642 931,2637 947,2650 1099,2649 1179,2662 1195,2649 1286,2646 1314,2630 1542,2625 1563,2630 1594,2654 1629,2645 1651,2665 1670,2650 1702,2645 1846,2646 1864,2633 1926,2638 1958,2617 2002,2617 2038,2645 2070,2645 2082,2654 2098,2638 2150,2638 2168,2622 2245,2617 2281,2650 2309,2626 2341,2625 2393,2677 2618,2662 2618,2762 2533,2762 2517,2777 2501,2777 2473,2804 2421,2804 2413,2812 2189,2812 2169,2832 2110,2832 2090,2840 2038,2819 1938,2819 1822,2807 1714,2812 1698,2799 1586,2799 1566,2816 1434,2816 1402,2795 1366,2788 1203,2788 1167,2760 737,2760"/>
        <Baseline points="786,2714 836,2712 886,2711 936,2709 986,2708 1036,2705 1086,2706 1136,2706 1186,2706 1236,2706 1286,2707 1336,2707 1386,2707 1436,2707 1486,2704 1536,2703 1586,2703 1636,2704 1686,2707 1736,2710 1786,2713 1836,2714 1886,2716 1936,2721 1986,2722 2036,2723 2086,2725 2136,2729 2186,2731 2236,2733 2286,2735 2336,2734 2386,2734 2436,2734 2486,2733 2536,2735 2570,2738"/>
        <Word id="word_dcc91e38-0740-4399-a747-42e6928afb61">
          <Coords points="785,2679 835,2677 885,2676 900,2675 902,2720 886,2721 836,2722 786,2724"/>
          <TextEquiv>
            <Unicode>ende</Unicode>
          </TextEquiv>
        </Word>
        <Word id="word_2857bba9-bbe8-48cd-8071-1ee7a4af0292">
          <Coords points="929,2674 935,2674 985,2673 1014,2671 1017,2716 986,2718 936,2719 930,2719"/>
          <TextEquiv>
            <Unicode>aan</Unicode>
          </TextEquiv>
        </Word>
        <Word id="word_85d69da4-6c43-47bc-a5f4-90d1ae662d7f">
          <Coords points="1046,2669 1087,2671 1131,2671 1131,2716 1086,2716 1045,2714"/>
          <TextEquiv>
            <Unicode>ele</Unicode>
          </TextEquiv>
        </Word>
        <Word id="word_9e5fdfa7-f073-4a74-8b13-55802766fbb4">
          <Coords points="1160,2671 1186,2671 1236,2671 1287,2672 1304,2672 1304,2717 1286,2717 1236,2716 1186,2716 1160,2716"/>
          <TextEquiv>
            <Unicode>schip</Unicode>
          </TextEquiv>
        </Word>
        <Word id="word_1e454a26-746c-4205-bc65-60e6692ad4e9">
          <Coords points="1333,2672 1336,2672 1386,2672 1436,2672 1484,2669 1535,2668 1586,2668 1637,2669 1680,2672 1678,2717 1636,2714 1586,2713 1536,2713 1487,2714 1436,2717 1386,2717 1336,2717 1333,2717"/>
          <TextEquiv>
            <Unicode>overhandicht</Unicode>
          </TextEquiv>
        </Word>
        <Word id="word_2735adb6-4d42-416e-abb3-273eb0755056">
          <Coords points="1709,2673 1738,2675 1767,2677 1764,2722 1735,2720 1706,2718"/>
          <TextEquiv>
            <Unicode>om</Unicode>
          </TextEquiv>
        </Word>
        <Word id="word_ceb2a752-698d-4f75-bfe0-2724b8573e07">
          <Coords points="1794,2678 1836,2679 1852,2680 1850,2725 1836,2724 1793,2723"/>
          <TextEquiv>
            <Unicode>in</Unicode>
          </TextEquiv>
        </Word>
        <Word id="word_574a01a5-a8e7-4495-a6a2-ac3f7fcd1fcb">
          <Coords points="1881,2681 1887,2681 1939,2686 1987,2687 2024,2688 2023,2733 1986,2732 1935,2731 1886,2726 1879,2726"/>
          <TextEquiv>
            <Unicode>goede</Unicode>
          </TextEquiv>
        </Word>
        <Word id="word_5d5ad5ef-5bc1-4008-97ab-9544d0edc949">
          <Coords points="2054,2688 2088,2690 2139,2694 2168,2695 2167,2740 2135,2739 2086,2735 2052,2733"/>
          <TextEquiv>
            <Unicode>orde</Unicode>
          </TextEquiv>
        </Word>
        <Word id="word_fb50934a-0c78-41c7-bbe0-cc461c32fcf6">
          <Coords points="2197,2696 2237,2698 2287,2700 2310,2700 2311,2744 2286,2745 2236,2743 2195,2741"/>
          <TextEquiv>
            <Unicode>ende</Unicode>
          </TextEquiv>
        </Word>
        <Word id="word_bf13bc39-f4f9-440a-9d7f-21214b3f3f79">
          <Coords points="2340,2699 2386,2699 2436,2699 2485,2698 2537,2700 2573,2703 2569,2748 2536,2745 2486,2743 2436,2744 2386,2744 2340,2744"/>
          <TextEquiv>
            <Unicode>eernieg„</Unicode>
          </TextEquiv>
        </Word>
        <TextEquiv conf="0.833769401089801">
          <Unicode>ende aan ele schip overhandicht om in goede orde ende eernieg„</Unicode>
        </TextEquiv>
        <TextStyle xHeight="55"/>
      </TextLine>
      <TextLine id="f5fb87b4-27a4-4012-bfcd-b3f753d022e7">
        <Coords points="741,2762 1171,2762 1203,2790 1379,2790 1411,2798 1431,2814 1483,2818 1559,2818 1603,2778 1780,2783 1780,2883 1675,2885 1627,2925 1555,2925 1510,2966 1499,2960 1271,2956 1247,2952 1235,2940 1059,2940 1031,2928 807,2928 767,2888 755,2888 741,2876"/>
        <Baseline points="790,2861 840,2861 890,2860 940,2859 990,2859 1040,2859 1090,2860 1140,2862 1190,2863 1240,2862 1290,2860 1340,2860 1390,2861 1440,2861 1490,2860 1540,2859 1590,2860 1640,2860 1690,2860 1732,2859"/>
        <Word id="word_7d0d92c0-cb0c-4b07-9cf6-fe0abb0264be">
          <Coords points="790,2826 840,2826 871,2825 872,2870 840,2871 790,2871"/>
          <TextEquiv>
            <Unicode>te</Unicode>
          </TextEquiv>
        </Word>
        <Word id="word_456c99d7-f88f-421e-86fa-0d2f44870203">
          <Coords points="912,2825 939,2824 990,2824 1040,2824 1091,2825 1141,2827 1159,2827 1158,2872 1140,2872 1090,2870 1040,2869 990,2869 940,2869 913,2870"/>
          <TextEquiv>
            <Unicode>varen:</Unicode>
          </TextEquiv>
        </Word>
        <Word id="word_d4359761-20e3-4c60-a827-7b07e5e3f3c5">
          <Coords points="1199,2828 1239,2827 1289,2825 1322,2825 1322,2870 1290,2870 1240,2872 1200,2873"/>
          <TextEquiv>
            <Unicode>Dat</Unicode>
          </TextEquiv>
        </Word>
        <Word id="word_cc4a971a-05fa-4b9e-ab56-891d9c6913a5">
          <Coords points="1365,2825 1391,2826 1440,2826 1486,2825 1486,2870 1440,2871 1390,2871 1363,2870"/>
          <TextEquiv>
            <Unicode>God</Unicode>
          </TextEquiv>
        </Word>
        <Word id="word_2407b7a4-ac8d-43b4-8924-b1f913e1bba7">
          <Coords points="1526,2824 1539,2824 1591,2825 1640,2825 1690,2825 1731,2824 1732,2869 1690,2870 1640,2870 1590,2870 1540,2869 1527,2869"/>
          <TextEquiv>
            <Unicode>gunne</Unicode>
          </TextEquiv>
        </Word>
        <TextEquiv conf="0.9235629023734973">
          <Unicode>te varen: Dat God gunne</Unicode>
        </TextEquiv>
        <TextStyle xHeight="53"/>
      </TextLine>
    </TextRegion>
    <TextRegion id="region_244bb1fb-da17-4133-9c60-15af9e26d9a9_1" custom="structure {type:paragraph;}">
      <Coords points="783,3003 770,3086 786,3119 790,3162 770,3238 773,3291 763,3330 763,3383 770,3406 770,3436 757,3495 753,3611 727,3717 730,3723 727,3786 740,3856 737,3908 760,3988 766,4034 766,4090 776,4196 773,4206 780,4229 783,4288 799,4311 813,4318 862,4318 909,4308 1054,4302 1153,4311 1298,4311 1424,4325 1619,4325 1685,4335 1814,4335 1847,4341 1919,4344 2104,4344 2131,4351 2184,4351 2217,4344 2342,4341 2359,4335 2389,4335 2474,4321 2567,4325 2626,4298 2633,4275 2630,4100 2623,4031 2617,4011 2613,3938 2603,3905 2610,3875 2610,3846 2590,3770 2587,3687 2590,3654 2587,3426 2597,3251 2593,3201 2584,3191 2580,3175 2567,3155 2600,3089 2600,3076 2587,3053 2570,3049 2544,3066 2524,3066 2511,3059 2468,3059 2435,3039 2395,3026 2359,3030 2339,3026 2256,3036 2091,3036 1906,3023 1857,3026 1738,3020 1566,3020 1424,3030 1295,3030 1173,3010 1117,3010 1070,3003 978,3003 925,3010 875,3010 833,3000"/>
      <TextLine id="a3907ab9-f415-4d62-8347-005c0d837958">
        <Coords points="726,2864 756,2888 768,2888 824,2943 995,2948 1040,2936 1235,2939 1247,2951 1271,2955 1371,2959 1387,2975 1423,2979 1467,3020 1483,3008 1531,3004 1599,2940 1651,2936 1878,2939 1899,2955 1951,2955 1968,2972 2050,2967 2098,3015 2173,3016 2242,2952 2266,2956 2294,2929 2314,2928 2330,2943 2354,2943 2406,2995 2418,2995 2467,3037 2467,3136 2458,3144 2262,3148 2182,3176 2094,3176 2057,3211 1991,3210 1908,3140 1871,3135 1844,3113 1830,3121 1659,3116 1623,3148 1613,3145 1602,3156 1571,3155 1547,3135 1483,3139 1391,3127 1315,3127 1259,3136 868,3135 840,3160 820,3164 788,3147 772,3160 756,3147 726,3147"/>
        <Baseline points="775,3101 825,3102 875,3100 925,3101 975,3099 1025,3097 1075,3096 1125,3095 1175,3095 1225,3095 1275,3097 1325,3099 1375,3099 1425,3100 1475,3100 1525,3100 1575,3100 1625,3100 1675,3101 1725,3102 1775,3103 1825,3105 1875,3107 1925,3107 1975,3110 2025,3111 2075,3112 2125,3111 2175,3111 2225,3109 2275,3107 2325,3108 2375,3109 2419,3112"/>
        <Word id="word_29a1ecd8-d53b-4596-bf17-73ea943751b4">
          <Coords points="776,3066 826,3067 870,3065 872,3110 825,3112 775,3111"/>
          <TextEquiv>
            <Unicode>Sij</Unicode>
          </TextEquiv>
        </Word>
        <Word id="word_ca67d1e7-03e3-4280-b427-7fa6e22444fb">
          <Coords points="907,3064 929,3066 974,3064 1024,3062 1074,3061 1124,3060 1162,3060 1162,3105 1125,3105 1075,3106 1025,3107 975,3109 924,3111 903,3109"/>
          <TextEquiv>
            <Unicode>belasten</Unicode>
          </TextEquiv>
        </Word>
        <Word id="word_3abd4759-38b9-4a3d-8fcf-9374685429d9">
          <Coords points="1194,3060 1225,3060 1276,3062 1292,3063 1290,3108 1275,3107 1225,3105 1194,3105"/>
          <TextEquiv>
            <Unicode>ooc</Unicode>
          </TextEquiv>
        </Word>
        <Word id="word_ca4e311e-04ed-4fbe-a726-bc6d48de2b82">
          <Coords points="1324,3064 1326,3064 1355,3064 1355,3109 1325,3109 1322,3109"/>
          <TextEquiv>
            <Unicode>u</Unicode>
          </TextEquiv>
        </Word>
        <Word id="word_1b607c17-5664-436f-8036-86c7930c978f">
          <Coords points="1388,3064 1426,3065 1452,3065 1452,3110 1425,3110 1387,3109"/>
          <TextEquiv>
            <Unicode>E.</Unicode>
          </TextEquiv>
        </Word>
        <Word id="word_54de4626-cec7-4f31-8650-966f3ad3258f">
          <Coords points="1484,3065 1525,3065 1575,3065 1613,3065 1613,3110 1575,3110 1525,3110 1484,3110"/>
          <TextEquiv>
            <Unicode>ende</Unicode>
          </TextEquiv>
        </Word>
        <Word id="word_d6d012bd-f300-4345-a5d5-e0a7ad0dc62e">
          <Coords points="1647,3065 1676,3066 1711,3067 1710,3112 1675,3111 1645,3110"/>
          <TextEquiv>
            <Unicode>de</Unicode>
          </TextEquiv>
        </Word>
        <Word id="word_597e84ee-14da-4186-b948-50f1f78051f4">
          <Coords points="1743,3067 1776,3068 1826,3070 1876,3072 1925,3072 1970,3075 1967,3120 1925,3117 1875,3117 1825,3115 1775,3113 1742,3112"/>
          <TextEquiv>
            <Unicode>vordere</Unicode>
          </TextEquiv>
        </Word>
        <Word id="word_b5dd3281-38be-48e7-a971-12c7fbb171e3">
          <Coords points="1999,3076 2024,3076 2076,3077 2124,3076 2175,3076 2224,3074 2274,3072 2326,3073 2376,3074 2421,3077 2418,3122 2375,3119 2325,3118 2275,3117 2225,3119 2175,3121 2125,3121 2075,3122 2025,3121 2000,3121"/>
          <TextEquiv>
            <Unicode>Opperhooffden</Unicode>
          </TextEquiv>
        </Word>
        <TextEquiv conf="0.906355594768378">
          <Unicode>Sij belasten ooc u E. ende de vordere Opperhooffden</Unicode>
        </TextEquiv>
        <TextStyle xHeight="61"/>
      </TextLine>
      <TextLine id="b42e6ba1-3bc3-494d-9fe1-5d76d2866fd7">
        <Coords points="600,3200 654,3205 698,3161 750,3161 762,3172 789,3148 801,3148 815,3161 834,3161 878,3120 1177,3125 1385,3112 1441,3112 1465,3124 1533,3124 1565,3148 1604,3149 1617,3136 1901,3136 1992,3212 2060,3212 2096,3177 2204,3172 2225,3181 2256,3212 2364,3212 2391,3204 2556,3212 2583,3197 2620,3196 2620,3296 2547,3296 2539,3290 2418,3282 2208,3287 2184,3311 2164,3311 2156,3319 1952,3322 1928,3306 1904,3315 1577,3315 1564,3323 1508,3282 1453,3323 1085,3326 1047,3335 1028,3322 981,3339 961,3322 600,3323"/>
        <Baseline points="649,3271 699,3263 749,3258 799,3256 849,3254 899,3253 949,3253 999,3253 1049,3254 1099,3254 1149,3254 1199,3256 1249,3255 1299,3254 1349,3255 1399,3256 1449,3257 1499,3259 1549,3261 1599,3260 1649,3259 1699,3260 1749,3261 1799,3261 1849,3261 1899,3263 1949,3266 1999,3266 2049,3266 2099,3266 2149,3269 2199,3269 2249,3270 2299,3270 2349,3270 2399,3272 2449,3273 2499,3271 2549,3273 2572,3272"/>
        <Word id="word_fb88e80a-1445-439e-b7f3-c624e47f31eb">
          <Coords points="643,3236 693,3228 746,3223 782,3222 784,3267 750,3268 701,3273 651,3281"/>
          <TextEquiv>
            <Unicode>deer</Unicode>
          </TextEquiv>
        </Word>
        <Word id="word_a0ea7f4c-e535-46ad-871e-3d62ec23f772">
          <Coords points="815,3220 848,3219 898,3218 949,3218 952,3218 952,3263 949,3263 899,3263 849,3264 817,3265"/>
          <TextEquiv>
            <Unicode>vlt,</Unicode>
          </TextEquiv>
        </Word>
        <Word id="word_5cdf981c-0724-4cc8-94ed-015b353e29fe">
          <Coords points="986,3218 999,3218 1050,3219 1087,3219 1087,3264 1049,3264 999,3263 986,3263"/>
          <TextEquiv>
            <Unicode>wel</Unicode>
          </TextEquiv>
        </Word>
        <Word id="word_1f6fccbf-3b9e-4bf3-9128-adbc4f8d5ff8">
          <Coords points="1121,3219 1149,3219 1200,3221 1248,3220 1298,3219 1350,3220 1400,3221 1450,3222 1493,3224 1492,3269 1449,3267 1399,3266 1349,3265 1299,3264 1249,3265 1199,3266 1149,3264 1121,3264"/>
          <TextEquiv>
            <Unicode>erxpeselik,</Unicode>
          </TextEquiv>
        </Word>
        <Word id="word_24b64622-d4fd-4e09-b145-674331f4af8c">
          <Coords points="1527,3225 1550,3226 1598,3225 1626,3224 1627,3269 1599,3270 1549,3271 1525,3270"/>
          <TextEquiv>
            <Unicode>dat</Unicode>
          </TextEquiv>
        </Word>
        <Word id="word_33c5ef60-4847-422e-910d-8a8ccd95fd8f">
          <Coords points="1662,3224 1700,3225 1750,3226 1796,3226 1796,3271 1749,3271 1699,3270 1660,3269"/>
          <TextEquiv>
            <Unicode>alle</Unicode>
          </TextEquiv>
        </Word>
        <Word id="word_155b6d9f-bd3c-44ec-b07f-9b1ef74c6422">
          <Coords points="1830,3226 1849,3226 1898,3228 1897,3273 1849,3271 1830,3271"/>
          <TextEquiv>
            <Unicode>de</Unicode>
          </TextEquiv>
        </Word>
        <Word id="word_43eca10c-1d07-4e56-8a50-d622f3e0ec61">
          <Coords points="1934,3229 1952,3231 1999,3231 2049,3231 2099,3231 2102,3231 2099,3276 2099,3276 2049,3276 1999,3276 1948,3276 1930,3274"/>
          <TextEquiv>
            <Unicode>geene</Unicode>
          </TextEquiv>
        </Word>
        <Word id="word_217655cd-9054-4f40-8a13-8c231a2e37fb">
          <Coords points="2135,3233 2151,3234 2199,3234 2235,3235 2234,3280 2199,3279 2148,3279 2133,3278"/>
          <TextEquiv>
            <Unicode>die</Unicode>
          </TextEquiv>
        </Word>
        <Word id="word_cbc17773-6cb6-40ac-8b42-d2712f3da1cc">
          <Coords points="2268,3235 2299,3235 2349,3235 2400,3237 2404,3237 2403,3282 2399,3282 2349,3280 2299,3280 2268,3280"/>
          <TextEquiv>
            <Unicode>naar</Unicode>
          </TextEquiv>
        </Word>
        <Word id="word_d471f2e2-7035-4649-8a12-8a0f3b2f832a">
          <Coords points="2438,3238 2450,3238 2498,3236 2506,3236 2504,3281 2499,3281 2449,3283 2437,3283"/>
          <TextEquiv>
            <Unicode>de</Unicode>
          </TextEquiv>
        </Word>
        <Word id="word_a46907a6-fb81-40d8-a605-ad930d1aca3f">
          <Coords points="2540,3238 2550,3238 2570,3237 2572,3282 2549,3283 2538,3283"/>
          <TextEquiv>
            <Unicode>—</Unicode>
          </TextEquiv>
        </Word>
        <TextEquiv conf="0.7774360357340395">
          <Unicode>deer vlt, wel erxpeselik, dat alle de geene die naar de —</Unicode>
        </TextEquiv>
        <TextStyle xHeight="63"/>
      </TextLine>
      <TextLine id="b15f3cdc-d932-43ea-a422-b85951505b31">
        <Coords points="722,3322 979,3321 988,3330 1016,3330 1032,3321 1047,3334 1072,3334 1088,3325 1452,3322 1505,3282 1528,3301 1556,3301 1588,3322 1879,3318 1935,3305 1951,3321 2155,3321 2167,3330 2375,3325 2383,3333 2423,3334 2579,3329 2595,3341 2652,3342 2652,3442 2615,3442 2607,3434 2539,3435 2471,3439 2455,3451 2367,3450 2359,3442 2343,3442 2296,3486 2103,3485 1991,3474 1767,3474 1743,3454 1684,3454 1659,3430 1429,3416 1332,3416 1281,3462 1140,3462 1100,3458 1089,3447 820,3450 784,3483 740,3486 722,3478"/>
        <Baseline points="771,3402 821,3401 871,3399 921,3398 971,3398 1021,3399 1071,3399 1121,3400 1171,3403 1221,3404 1271,3405 1321,3407 1371,3408 1421,3408 1471,3409 1521,3410 1571,3411 1621,3411 1671,3411 1721,3412 1771,3412 1821,3412 1871,3412 1921,3413 1971,3414 2021,3414 2071,3414 2121,3413 2171,3414 2221,3416 2271,3418 2321,3419 2371,3421 2421,3422 2471,3423 2521,3421 2571,3420 2604,3418"/>
        <Word id="word_c3748a4d-f4cc-4211-8a68-b01144db59ae">
          <Coords points="770,3367 820,3366 870,3364 920,3363 948,3363 948,3408 921,3408 871,3409 821,3411 771,3412"/>
          <TextEquiv>
            <Unicode>gedane</Unicode>
          </TextEquiv>
        </Word>
        <Word id="word_ff48f72d-8cbf-4031-a31f-4a56c136c6f3">
          <Coords points="979,3363 1022,3364 1071,3364 1122,3365 1157,3367 1155,3412 1121,3410 1071,3409 1021,3409 978,3408"/>
          <TextEquiv>
            <Unicode>visite</Unicode>
          </TextEquiv>
        </Word>
        <Word id="word_7d0ab8d9-db49-43fe-947b-0d4e4cf0edef">
          <Coords points="1185,3369 1221,3369 1272,3370 1322,3372 1333,3372 1332,3417 1321,3417 1271,3415 1221,3414 1185,3414"/>
          <TextEquiv>
            <Unicode>onser</Unicode>
          </TextEquiv>
        </Word>
        <Word id="word_326c0863-0f85-494e-b409-6dd28267c584">
          <Coords points="1363,3373 1372,3373 1421,3373 1472,3374 1522,3375 1572,3376 1621,3376 1671,3376 1722,3377 1771,3377 1821,3377 1835,3377 1835,3422 1821,3422 1771,3422 1721,3422 1671,3421 1621,3421 1571,3421 1521,3420 1471,3419 1421,3418 1371,3418 1362,3418"/>
          <TextEquiv>
            <Unicode>gecommitteerdens</Unicode>
          </TextEquiv>
        </Word>
        <Word id="word_3a8c5668-ddc7-4b44-bc58-44c923b979a1">
          <Coords points="1865,3377 1871,3377 1922,3378 1972,3379 2021,3379 2071,3379 2101,3378 2102,3423 2071,3424 2021,3424 1971,3424 1921,3423 1871,3422 1865,3422"/>
          <TextEquiv>
            <Unicode>bevonden</Unicode>
          </TextEquiv>
        </Word>
        <Word id="word_a808bcde-1774-4127-a889-6c2d14816899">
          <Coords points="2132,3378 2172,3379 2222,3381 2272,3383 2309,3384 2308,3429 2271,3428 2221,3426 2171,3424 2131,3423"/>
          <TextEquiv>
            <Unicode>worden</Unicode>
          </TextEquiv>
        </Word>
        <Word id="word_b2c8cfa9-a636-46a0-883f-5f8d7eb80f20">
          <Coords points="2340,3384 2373,3386 2422,3387 2427,3387 2426,3432 2421,3432 2370,3431 2337,3429"/>
          <TextEquiv>
            <Unicode>hun</Unicode>
          </TextEquiv>
        </Word>
        <Word id="word_24d8a95d-a3a7-4dcc-ac86-65a1987ec4ab">
          <Coords points="2457,3388 2472,3388 2514,3386 2516,3431 2471,3433 2456,3433"/>
          <TextEquiv>
            <Unicode>op</Unicode>
          </TextEquiv>
        </Word>
        <Word id="word_c73fc041-df01-416e-bf54-db044cbee031">
          <Coords points="2545,3385 2571,3385 2602,3383 2605,3428 2571,3430 2545,3430"/>
          <TextEquiv>
            <Unicode>de</Unicode>
          </TextEquiv>
        </Word>
        <TextEquiv conf="0.9288260840511674">
          <Unicode>gedane visite onser gecommitteerdens bevonden worden hun op de</Unicode>
        </TextEquiv>
        <TextStyle xHeight="49"/>
      </TextLine>
      <TextLine id="line_2a5290f4-3d02-4380-8894-0d54774026e9">
        <Coords points="684,3493 718,3480 782,3481 814,3452 1087,3449 1094,3456 1138,3461 1390,3460 1422,3485 1447,3485 1470,3472 1602,3477 1654,3453 1746,3452 1770,3476 2078,3476 2102,3484 2296,3485 2309,3497 2402,3496 2418,3505 2594,3505 2655,3498 2655,3598 2282,3597 2066,3606 1906,3601 1870,3618 1750,3618 1742,3626 1698,3625 1666,3605 1614,3622 1418,3626 1066,3621 1042,3601 890,3602 846,3614 684,3613"/>
        <Baseline points="733,3547 783,3545 833,3543 883,3543 933,3541 983,3542 1033,3544 1083,3544 1133,3545 1183,3546 1233,3548 1283,3549 1333,3550 1383,3552 1433,3554 1483,3556 1533,3556 1583,3556 1633,3557 1683,3557 1733,3561 1783,3562 1833,3560 1883,3561 1933,3562 1983,3563 2033,3563 2083,3564 2133,3564 2183,3566 2233,3567 2283,3568 2333,3570 2383,3570 2433,3570 2483,3571 2533,3571 2583,3572 2607,3574"/>
        <Word id="word_d91cb60c-93fc-468c-8f1e-b70e31111012">
          <Coords points="732,3512 782,3510 832,3508 883,3508 932,3506 960,3507 959,3552 933,3551 883,3553 833,3553 783,3555 733,3557"/>
          <TextEquiv>
            <Unicode>schepen</Unicode>
          </TextEquiv>
        </Word>
        <Word id="word_8f30e52a-cae2-45a2-b01c-f235b4dcb49c">
          <Coords points="993,3507 1035,3509 1083,3509 1134,3510 1184,3511 1234,3513 1284,3514 1334,3515 1348,3516 1347,3561 1333,3560 1283,3559 1233,3558 1183,3556 1133,3555 1083,3554 1033,3554 991,3552"/>
          <TextEquiv>
            <Unicode>versteerken</Unicode>
          </TextEquiv>
        </Word>
        <Word id="word_fe3a79ed-66c5-4eda-bfcc-bc7fb49a4e4e">
          <Coords points="1381,3517 1384,3517 1434,3519 1445,3519 1443,3564 1433,3564 1383,3562 1379,3562"/>
          <TextEquiv>
            <Unicode>te</Unicode>
          </TextEquiv>
        </Word>
        <Word id="word_572e43bf-c853-44ba-87e6-9fb7068890a2">
          <Coords points="1478,3521 1484,3521 1533,3521 1583,3521 1634,3522 1683,3522 1705,3524 1702,3569 1683,3567 1633,3567 1583,3566 1533,3566 1483,3566 1476,3566"/>
          <TextEquiv>
            <Unicode>hebben,</Unicode>
          </TextEquiv>
        </Word>
        <Word id="word_e9d91489-0913-4cb0-bc0b-07985a025ab2">
          <Coords points="1735,3526 1784,3527 1798,3526 1800,3571 1783,3572 1734,3571"/>
          <TextEquiv>
            <Unicode>'t</Unicode>
          </TextEquiv>
        </Word>
        <Word id="word_590cb2e1-b4dd-408b-bd6e-f38885a3ff38">
          <Coords points="1830,3525 1832,3525 1884,3526 1929,3527 1928,3572 1883,3571 1833,3570 1832,3570"/>
          <TextEquiv>
            <Unicode>zij</Unicode>
          </TextEquiv>
        </Word>
        <Word id="word_2b17786f-e22c-456e-8ce3-775389b2fb1d">
          <Coords points="1961,3528 1984,3528 2033,3528 2084,3529 2133,3529 2184,3531 2234,3532 2284,3533 2318,3534 2316,3579 2283,3578 2233,3577 2183,3576 2133,3574 2083,3574 2033,3573 1983,3573 1961,3573"/>
          <TextEquiv>
            <Unicode>officieren,</Unicode>
          </TextEquiv>
        </Word>
        <Word id="word_0660ec59-93be-4601-ab7a-acb6661b9caf">
          <Coords points="2348,3536 2382,3535 2433,3535 2484,3536 2533,3536 2584,3537 2610,3539 2606,3584 2583,3582 2533,3581 2483,3581 2433,3580 2383,3580 2349,3581"/>
          <TextEquiv>
            <Unicode>Soldaten</Unicode>
          </TextEquiv>
        </Word>
        <TextEquiv conf="0.9130520690721414">
          <Unicode>schepen versteerken te hebben, 't zij officieren, Soldaten</Unicode>
        </TextEquiv>
        <TextStyle xHeight="51"/>
      </TextLine>
      <TextLine id="line_5437ada3-2ca2-4398-a0f2-5b623d2e352c">
        <Coords points="729,3614 843,3615 887,3603 1043,3602 1062,3618 1326,3618 1354,3627 1418,3627 1610,3623 1657,3602 1701,3626 1741,3627 1749,3619 1865,3619 1930,3614 1937,3607 2293,3606 2420,3610 2452,3639 2641,3642 2641,3742 2568,3753 2380,3749 2364,3765 2348,3765 2340,3773 2277,3777 2209,3777 2189,3760 1917,3760 1896,3745 1885,3756 1872,3746 1849,3757 1789,3757 1765,3777 1470,3777 1154,3788 1114,3748 1070,3748 1046,3725 968,3741 939,3737 915,3745 863,3745 843,3765 827,3769 751,3769 729,3760"/>
        <Baseline points="778,3704 828,3702 878,3700 928,3702 978,3706 1028,3705 1078,3706 1128,3704 1178,3706 1228,3707 1278,3706 1328,3709 1378,3709 1428,3710 1478,3710 1528,3710 1578,3710 1628,3709 1678,3710 1728,3709 1778,3707 1828,3707 1878,3709 1928,3708 1978,3707 2028,3709 2078,3709 2128,3710 2178,3711 2228,3711 2278,3711 2328,3712 2378,3713 2428,3714 2478,3716 2528,3717 2578,3716 2593,3718"/>
        <Word id="word_400ba3c0-4560-4784-9026-0e664d0ebc8b">
          <Coords points="777,3669 827,3667 877,3665 929,3667 981,3671 1027,3670 1076,3671 1075,3716 1028,3715 977,3716 928,3712 878,3710 828,3712 778,3714"/>
          <TextEquiv>
            <Unicode>Matroosen</Unicode>
          </TextEquiv>
        </Word>
        <Word id="word_a9c2228e-0720-4663-98d0-6010425411d2">
          <Coords points="1103,3672 1124,3669 1179,3671 1229,3672 1239,3672 1240,3717 1228,3717 1178,3716 1129,3714 1109,3717"/>
          <TextEquiv>
            <Unicode>ofte</Unicode>
          </TextEquiv>
        </Word>
        <Word id="word_7c13011a-0e39-4be0-bc24-c8f34df5a9b5">
          <Coords points="1272,3671 1277,3671 1330,3674 1378,3674 1429,3675 1478,3675 1504,3675 1504,3720 1478,3720 1428,3720 1378,3719 1327,3719 1278,3716 1273,3716"/>
          <TextEquiv>
            <Unicode>jongens</Unicode>
          </TextEquiv>
        </Word>
        <Word id="word_b41e94c7-e4e2-4e56-8eb1-1a7cefbc2bc3">
          <Coords points="1537,3675 1578,3675 1627,3674 1679,3675 1701,3675 1702,3720 1678,3720 1628,3719 1578,3720 1537,3720"/>
          <TextEquiv>
            <Unicode>geene</Unicode>
          </TextEquiv>
        </Word>
        <Word id="word_a8fb6af1-010f-45a5-b5c4-a415d8bdd864">
          <Coords points="1733,3674 1776,3672 1828,3672 1879,3674 1927,3673 1977,3672 2029,3674 2078,3674 2129,3675 2165,3676 2164,3721 2128,3720 2078,3719 2028,3719 1978,3717 1928,3718 1878,3719 1828,3717 1778,3717 1735,3719"/>
          <TextEquiv>
            <Unicode>uyjtgesondert</Unicode>
          </TextEquiv>
        </Word>
        <Word id="word_75cc6bc5-d56b-4057-b6e5-f9a696a61e23">
          <Coords points="2196,3676 2228,3676 2278,3676 2329,3677 2330,3677 2329,3722 2328,3722 2278,3721 2228,3721 2197,3721"/>
          <TextEquiv>
            <Unicode>niet</Unicode>
          </TextEquiv>
        </Word>
        <Word id="word_32f12a79-f42f-45c6-a2e1-0622c6ede9d9">
          <Coords points="2363,3678 2379,3678 2429,3679 2428,3724 2378,3723 2362,3723"/>
          <TextEquiv>
            <Unicode>te</Unicode>
          </TextEquiv>
        </Word>
        <Word id="word_7a694b19-31ce-4061-8d7c-8b84b9dbf4f1">
          <Coords points="2464,3680 2481,3681 2529,3682 2577,3681 2597,3683 2592,3728 2578,3726 2528,3727 2477,3726 2460,3725"/>
          <TextEquiv>
            <Unicode>boec</Unicode>
          </TextEquiv>
        </Word>
        <TextEquiv conf="0.9051810971965202">
          <Unicode>Matroosen ofte jongens geene uyjtgesondert niet te boec</Unicode>
        </TextEquiv>
        <TextStyle xHeight="53"/>
      </TextLine>
      <TextLine id="a3656f6a-a88b-4aeb-93af-f533dec36619">
        <Coords points="727,3757 753,3770 821,3770 849,3758 913,3762 937,3758 977,3734 1019,3734 1040,3726 1068,3749 1116,3749 1156,3789 1264,3790 1292,3782 1759,3778 1787,3758 1843,3758 1869,3749 1885,3754 1899,3745 1962,3796 2007,3757 2183,3757 2207,3774 2339,3774 2347,3766 2390,3757 2418,3778 2674,3777 2690,3793 2703,3789 2703,3889 2674,3900 2664,3892 2474,3900 1528,3895 1500,3900 1472,3924 1448,3932 1204,3932 1168,3907 1116,3920 1053,3920 1005,3883 727,3879"/>
        <Baseline points="776,3854 826,3856 876,3855 926,3856 976,3858 1026,3860 1076,3862 1126,3864 1176,3865 1226,3864 1276,3865 1326,3866 1376,3866 1426,3866 1476,3866 1526,3866 1576,3866 1626,3865 1676,3865 1726,3865 1776,3865 1826,3865 1876,3865 1926,3864 1976,3864 2026,3865 2076,3867 2126,3869 2176,3870 2226,3869 2276,3869 2326,3869 2376,3868 2426,3868 2476,3868 2526,3867 2576,3868 2626,3867 2655,3865"/>
        <Word id="word_198d0f2c-82b0-43e4-9d3f-10c7bff1a894">
          <Coords points="777,3819 827,3821 875,3820 927,3821 972,3823 970,3868 926,3866 876,3865 826,3866 776,3864"/>
          <TextEquiv>
            <Unicode>zullen</Unicode>
          </TextEquiv>
        </Word>
        <Word id="word_d1263594-d205-4f33-8f0f-4388811b1b9f">
          <Coords points="1004,3824 1027,3825 1077,3827 1127,3829 1177,3830 1225,3829 1230,3829 1229,3874 1226,3874 1176,3875 1126,3874 1076,3872 1026,3870 1002,3869"/>
          <TextEquiv>
            <Unicode>stellen</Unicode>
          </TextEquiv>
        </Word>
        <Word id="word_e515f474-4883-4841-9ac4-eba82fcaaa19">
          <Coords points="1263,3830 1277,3830 1327,3831 1376,3831 1391,3831 1391,3876 1376,3876 1326,3876 1276,3875 1262,3875"/>
          <TextEquiv>
            <Unicode>maar</Unicode>
          </TextEquiv>
        </Word>
        <Word id="word_8052e3f9-0eaa-458d-b247-647756b02fb1">
          <Coords points="1424,3831 1426,3831 1476,3831 1526,3831 1576,3831 1625,3830 1651,3830 1651,3875 1626,3875 1576,3876 1526,3876 1476,3876 1426,3876 1424,3876"/>
          <TextEquiv>
            <Unicode>volgens</Unicode>
          </TextEquiv>
        </Word>
        <Word id="word_33230126-74c2-4632-96ae-9bc991afcbd4">
          <Coords points="1683,3830 1726,3830 1748,3830 1748,3875 1726,3875 1683,3875"/>
          <TextEquiv>
            <Unicode>'t</Unicode>
          </TextEquiv>
        </Word>
        <Word id="word_dcac02fa-a9b3-4b78-825f-5aa91c2070df">
          <Coords points="1780,3830 1826,3830 1876,3830 1925,3829 1942,3829 1942,3874 1926,3874 1876,3875 1826,3875 1780,3875"/>
          <TextEquiv>
            <Unicode>bevel</Unicode>
          </TextEquiv>
        </Word>
        <Word id="word_e8393159-6f77-4038-ba05-4c2d35388d30">
          <Coords points="1975,3829 1976,3829 2027,3830 2077,3832 2127,3834 2137,3834 2136,3879 2126,3879 2076,3877 2026,3875 1976,3874 1975,3874"/>
          <TextEquiv>
            <Unicode>onser</Unicode>
          </TextEquiv>
        </Word>
        <Word id="word_fc628d42-33e6-41b9-ab31-425f6f0b270e">
          <Coords points="2170,3835 2177,3835 2225,3834 2276,3834 2326,3834 2363,3833 2364,3878 2326,3879 2276,3879 2226,3879 2176,3880 2169,3880"/>
          <TextEquiv>
            <Unicode>Heeren</Unicode>
          </TextEquiv>
        </Word>
        <Word id="word_8e1681f2-2abb-427d-af58-4164877669f6">
          <Coords points="2396,3833 2426,3833 2476,3833 2525,3832 2577,3833 2625,3832 2653,3830 2656,3875 2626,3877 2576,3878 2526,3877 2476,3878 2426,3878 2396,3878"/>
          <TextEquiv>
            <Unicode>Meesters</Unicode>
          </TextEquiv>
        </Word>
        <TextEquiv conf="0.9111547925664403">
          <Unicode>zullen stellen maar volgens 't bevel onser Heeren Meesters</Unicode>
        </TextEquiv>
        <TextStyle xHeight="49"/>
      </TextLine>
      <TextLine id="line_9228196f-ce28-4741-b5f1-a9fdcbef9c2c">
        <Coords points="727,3882 1001,3882 1056,3923 1180,3910 1204,3931 1448,3931 1488,3911 1648,3910 1660,3918 1784,3918 1807,3935 2566,3934 2582,3949 2631,3949 2631,4049 2322,4057 2287,4085 2226,4093 1156,4072 1120,4040 1092,4041 1052,4069 997,4069 957,4036 853,4032 783,4097 727,4097"/>
        <Baseline points="776,4009 826,4007 876,4007 926,4007 976,4009 1026,4010 1076,4011 1126,4011 1176,4014 1226,4017 1276,4017 1326,4017 1376,4017 1426,4018 1476,4016 1526,4016 1576,4016 1626,4017 1676,4018 1726,4019 1776,4020 1826,4020 1876,4020 1926,4020 1976,4020 2026,4021 2076,4024 2126,4026 2176,4026 2226,4025 2276,4024 2326,4024 2376,4025 2426,4025 2476,4026 2526,4026 2576,4027 2583,4025"/>
        <Word id="word_f298dba7-df81-4b3f-9e85-339fd13adfce">
          <Coords points="775,3974 825,3972 876,3972 926,3972 977,3974 989,3974 988,4019 976,4019 926,4017 876,4017 826,4017 776,4019"/>
          <TextEquiv>
            <Unicode>sonder</Unicode>
          </TextEquiv>
        </Word>
        <Word id="word_70f56d8d-0c27-4c0c-be74-e2a6e600f03e">
          <Coords points="1025,3975 1027,3975 1077,3976 1126,3976 1178,3979 1203,3981 1201,4025 1175,4024 1126,4021 1076,4021 1026,4020 1024,4020"/>
          <TextEquiv>
            <Unicode>Gagie</Unicode>
          </TextEquiv>
        </Word>
        <Word id="word_3c4c5327-824e-4b7d-8c0b-7a562ac40932">
          <Coords points="1236,3983 1275,3982 1326,3982 1376,3982 1414,3983 1414,4028 1376,4027 1326,4027 1276,4027 1237,4028"/>
          <TextEquiv>
            <Unicode>laten</Unicode>
          </TextEquiv>
        </Word>
        <Word id="word_c06c68de-120c-489b-9ec2-545d44ae360b">
          <Coords points="1446,3984 1473,3981 1526,3981 1576,3981 1627,3982 1677,3983 1727,3984 1777,3985 1804,3985 1804,4030 1776,4030 1726,4029 1676,4028 1626,4027 1576,4026 1526,4026 1477,4026 1450,4028"/>
          <TextEquiv>
            <Unicode>overvaren;</Unicode>
          </TextEquiv>
        </Word>
        <Word id="word_589a59eb-42d1-4a60-8f49-75def8c72390">
          <Coords points="1839,3985 1876,3985 1926,3985 1945,3985 1945,4030 1926,4030 1876,4030 1839,4030"/>
          <TextEquiv>
            <Unicode>ten</Unicode>
          </TextEquiv>
        </Word>
        <Word id="word_6c200229-78b1-452b-a218-82987520e9a8">
          <Coords points="1982,3985 2027,3986 2078,3989 2127,3991 2158,3991 2158,4036 2126,4036 2075,4034 2026,4031 1981,4030"/>
          <TextEquiv>
            <Unicode>waare</Unicode>
          </TextEquiv>
        </Word>
        <Word id="word_cc50e36f-2e31-4b62-a74e-c485b87c8817">
          <Coords points="2192,3991 2225,3990 2275,3989 2300,3989 2300,4034 2276,4034 2226,4035 2194,4036"/>
          <TextEquiv>
            <Unicode>aan</Unicode>
          </TextEquiv>
        </Word>
        <Word id="word_9de3de64-c917-478c-bf4d-d5164f709f7f">
          <Coords points="2336,3989 2377,3990 2426,3990 2477,3991 2477,3991 2477,4036 2476,4036 2426,4035 2376,4035 2335,4034"/>
          <TextEquiv>
            <Unicode>Cabo</Unicode>
          </TextEquiv>
        </Word>
        <Word id="word_16e8d210-d890-4b8a-924a-86efc4e18408">
          <Coords points="2512,3991 2526,3991 2573,3991 2577,3992 2586,4035 2576,4037 2526,4036 2512,4036"/>
          <TextEquiv>
            <Unicode>de</Unicode>
          </TextEquiv>
        </Word>
        <TextEquiv conf="0.9744406810547965">
          <Unicode>sonder Gagie laten overvaren; ten waare aan Cabo de</Unicode>
        </TextEquiv>
        <TextStyle xHeight="53"/>
      </TextLine>
      <TextLine id="line_9133e8bd-94d3-46ef-a2e0-c21c479192a6">
        <Coords points="715,4096 785,4096 849,4032 897,4031 957,4035 993,4068 1049,4068 1089,4044 1125,4043 1153,4071 2025,4087 2045,4095 2181,4095 2205,4116 2233,4107 2305,4107 2329,4131 2345,4132 2389,4108 2622,4108 2622,4208 2209,4213 2149,4204 2021,4204 1997,4217 1801,4217 1777,4233 715,4220"/>
        <Baseline points="764,4166 814,4163 864,4162 914,4164 964,4164 1014,4161 1064,4160 1114,4160 1164,4159 1214,4158 1264,4157 1314,4156 1364,4160 1414,4165 1464,4167 1514,4169 1564,4169 1614,4169 1664,4170 1714,4170 1764,4170 1814,4170 1864,4170 1914,4170 1964,4171 2014,4172 2064,4173 2114,4175 2164,4177 2214,4178 2264,4178 2314,4176 2364,4177 2414,4179 2464,4182 2514,4184 2564,4185 2574,4184"/>
        <Word id="word_6058641c-8664-4225-95b8-233af2aae6dc">
          <Coords points="762,4131 812,4128 863,4127 902,4128 900,4173 864,4172 815,4173 765,4176"/>
          <TextEquiv>
            <Unicode>boor</Unicode>
          </TextEquiv>
        </Word>
        <Word id="word_9f3d6b04-a649-43b2-99f0-089c2b7a436c">
          <Coords points="934,4130 963,4129 1012,4126 1036,4126 1037,4171 1015,4171 964,4174 935,4175"/>
          <TextEquiv>
            <Unicode>Ell</Unicode>
          </TextEquiv>
        </Word>
        <Word id="word_9c3ab997-7dd3-4e45-b049-7902f57f6205">
          <Coords points="1071,4125 1114,4125 1163,4124 1213,4123 1263,4122 1313,4121 1367,4125 1382,4127 1378,4171 1363,4170 1314,4166 1264,4167 1214,4168 1164,4169 1114,4170 1071,4170"/>
          <TextEquiv>
            <Unicode>Esperance</Unicode>
          </TextEquiv>
        </Word>
        <Word id="word_2f382738-f8e0-4400-8093-2332a252a2f6">
          <Coords points="1416,4130 1417,4130 1465,4132 1515,4134 1564,4134 1614,4134 1652,4135 1651,4180 1614,4179 1564,4179 1514,4179 1464,4177 1413,4175 1412,4175"/>
          <TextEquiv>
            <Unicode>schepen</Unicode>
          </TextEquiv>
        </Word>
        <Word id="word_52c0ae60-7fe4-4d3e-adf4-30f8464824e6">
          <Coords points="1685,4135 1713,4135 1754,4135 1754,4180 1714,4180 1686,4180"/>
          <TextEquiv>
            <Unicode>na</Unicode>
          </TextEquiv>
        </Word>
        <Word id="word_0dd31509-ce03-478d-9b24-e7716601c475">
          <Coords points="1788,4135 1814,4135 1864,4135 1914,4135 1960,4136 1959,4181 1914,4180 1864,4180 1814,4180 1788,4180"/>
          <TextEquiv>
            <Unicode>Jndia</Unicode>
          </TextEquiv>
        </Word>
        <Word id="word_da4f7778-bbf0-4f82-9282-1c92cd92dccf">
          <Coords points="1994,4137 2015,4137 2065,4138 2115,4140 2165,4142 2215,4143 2264,4143 2313,4141 2365,4142 2405,4144 2403,4189 2364,4187 2314,4186 2264,4188 2214,4188 2164,4187 2114,4185 2064,4183 2014,4182 1993,4182"/>
          <TextEquiv>
            <Unicode>gedestineert</Unicode>
          </TextEquiv>
        </Word>
        <Word id="word_b60d1f3b-ec5f-4d6a-b776-dc2b11c806d7">
          <Coords points="2440,4145 2467,4147 2515,4149 2565,4150 2570,4149 2575,4194 2564,4195 2514,4194 2463,4192 2437,4190"/>
          <TextEquiv>
            <Unicode>res„</Unicode>
          </TextEquiv>
        </Word>
        <TextEquiv conf="0.8704847033807125">
          <Unicode>boor Ell Esperance schepen na Jndia gedestineert res„</Unicode>
        </TextEquiv>
        <TextStyle xHeight="49"/>
      </TextLine>
      <TextLine id="e74b8895-a5da-492c-95ff-a6c37aebdc5d">
        <Coords points="718,4218 1096,4226 1164,4235 1652,4226 1664,4235 2649,4238 2649,4338 2372,4332 2236,4337 2196,4369 2152,4385 2044,4385 2035,4376 1900,4376 1820,4368 1544,4369 1400,4381 920,4385 868,4385 840,4372 718,4373"/>
        <Baseline points="767,4312 817,4306 867,4304 917,4301 967,4300 1017,4299 1067,4299 1117,4300 1167,4301 1217,4302 1267,4302 1317,4302 1367,4302 1417,4302 1467,4302 1517,4304 1567,4306 1617,4308 1667,4310 1717,4311 1767,4312 1817,4312 1867,4312 1917,4313 1967,4313 2017,4314 2067,4313 2117,4312 2167,4313 2217,4314 2267,4314 2317,4313 2367,4314 2417,4315 2467,4315 2517,4315 2567,4314 2601,4314"/>
        <Word id="word_5755fb48-61cc-4e7a-a7cb-16c47324ab16">
          <Coords points="763,4277 813,4271 866,4269 915,4266 966,4265 1016,4264 1067,4264 1118,4265 1168,4266 1208,4267 1207,4312 1167,4311 1117,4310 1067,4309 1017,4309 967,4310 918,4311 867,4314 818,4316 768,4322"/>
          <TextEquiv>
            <Unicode>contreerden,</Unicode>
          </TextEquiv>
        </Word>
        <Word id="word_04e84034-1ea2-4353-95e3-eded73fd70a5">
          <Coords points="1243,4268 1266,4267 1317,4267 1367,4267 1390,4267 1390,4312 1367,4312 1317,4312 1267,4312 1244,4313"/>
          <TextEquiv>
            <Unicode>daar</Unicode>
          </TextEquiv>
        </Word>
        <Word id="word_c29b5c0c-6b8f-4efe-9b25-76ed907e541e">
          <Coords points="1427,4267 1467,4267 1518,4269 1568,4271 1575,4271 1573,4316 1567,4316 1517,4314 1467,4312 1427,4312"/>
          <TextEquiv>
            <Unicode>mede</Unicode>
          </TextEquiv>
        </Word>
        <Word id="word_c2755d9d-0c5f-4afc-8676-aa7171b4875a">
          <Coords points="1612,4273 1618,4273 1668,4275 1684,4275 1683,4320 1667,4320 1617,4318 1610,4318"/>
          <TextEquiv>
            <Unicode>de</Unicode>
          </TextEquiv>
        </Word>
        <Word id="word_720def73-74fd-426d-8e24-3b60de5ad4cd">
          <Coords points="1721,4276 1768,4277 1817,4277 1867,4277 1918,4278 1967,4278 2015,4279 2014,4324 1967,4323 1917,4323 1867,4322 1817,4322 1767,4322 1720,4321"/>
          <TextEquiv>
            <Unicode>zodanige</Unicode>
          </TextEquiv>
        </Word>
        <Word id="word_7d9343d3-5604-4f2b-82ae-2ee8e9bc630e">
          <Coords points="2047,4280 2063,4278 2116,4277 2168,4278 2218,4279 2234,4279 2234,4324 2217,4324 2167,4323 2117,4322 2068,4323 2052,4325"/>
          <TextEquiv>
            <Unicode>weder</Unicode>
          </TextEquiv>
        </Word>
        <Word id="word_75bf50c2-4f42-4230-87c9-5f531c2d8be5">
          <Coords points="2270,4279 2316,4278 2368,4279 2418,4280 2467,4280 2517,4280 2566,4279 2601,4279 2601,4324 2567,4324 2517,4325 2467,4325 2417,4325 2367,4324 2317,4323 2271,4324"/>
          <TextEquiv>
            <Unicode>herwaarts</Unicode>
          </TextEquiv>
        </Word>
        <TextEquiv conf="0.9406320716617145">
          <Unicode>contreerden, daar mede de zodanige weder herwaarts</Unicode>
        </TextEquiv>
        <TextStyle xHeight="52"/>
      </TextLine>
    </TextRegion>
    <TextRegion id="region_fef5a23c-6bde-4668-966e-25babdd3e675_3" custom="structure {type:catch-word;}">
      <Coords points="2243,4440 2243,4444 2247,4447 2247,4450 2250,4454 2250,4457 2266,4473 2270,4473 2273,4477 2276,4477 2280,4480 2289,4480 2293,4483 2299,4483 2303,4487 2323,4487 2326,4483 2362,4483 2365,4487 2398,4487 2402,4490 2415,4490 2418,4493 2471,4493 2474,4490 2488,4490 2491,4487 2501,4487 2504,4483 2521,4483 2524,4480 2534,4480 2537,4477 2541,4477 2554,4463 2554,4460 2557,4457 2557,4444 2560,4440 2560,4420 2557,4417 2557,4414 2554,4411 2554,4407 2550,4404 2550,4401 2544,4394 2544,4391 2541,4391 2537,4387 2534,4387 2531,4384 2498,4384 2494,4381 2484,4381 2481,4378 2468,4378 2465,4374 2445,4374 2441,4371 2375,4371 2372,4368 2346,4368 2342,4364 2313,4364 2309,4368 2303,4368 2299,4371 2293,4371 2289,4374 2286,4374 2283,4378 2280,4378 2276,4381 2273,4381 2263,4391 2260,4391 2260,4394 2253,4401 2253,4404 2250,4407 2250,4414 2247,4417 2247,4437"/>
      <TextLine id="line_40c7bf7c-c9e8-4b92-929b-9c63860a75e9">
        <Coords points="2230,4387 2540,4388 2546,4382 2607,4382 2607,4482 2503,4482 2427,4527 2335,4538 2327,4546 2230,4546"/>
        <Baseline points="2279,4459 2329,4460 2379,4459 2429,4458 2479,4457 2529,4457 2559,4458"/>
        <Word id="word_944ab1ef-9db6-4b6e-94e5-8c49a33c463c">
          <Coords points="2280,4424 2330,4425 2378,4424 2428,4423 2478,4422 2529,4422 2560,4423 2559,4468 2529,4467 2479,4467 2429,4468 2379,4469 2329,4470 2279,4469"/>
          <TextEquiv>
            <Unicode>zenden</Unicode>
          </TextEquiv>
        </Word>
        <TextEquiv conf="0.9746572016365398">
          <Unicode>zenden</Unicode>
        </TextEquiv>
        <TextStyle xHeight="43"/>
      </TextLine>
    </TextRegion>
    <TextRegion id="region_6828f9e1-7226-43b9-8796-7aa1986c0e67">
      <Coords points="118,1200 212,1200 212,1217 118,1217"/>
      <TextLine id="b030fc57-8f0c-4347-9569-61beb6f843bd">
        <Coords points="73,1099 206,1096 215,1088 259,1132 259,1233 210,1233 178,1252 131,1252 103,1280 73,1284"/>
        <Baseline points="122,1207 172,1208 211,1209"/>
        <Word id="word_53d35f91-9471-4f2d-884a-f074810ea4dc">
          <Coords points="123,1172 173,1173 212,1174 211,1219 172,1218 122,1217"/>
          <TextEquiv>
            <Unicode>ndergen</Unicode>
          </TextEquiv>
        </Word>
        <TextEquiv conf="0.5040381686887841">
          <Unicode>ndergen</Unicode>
        </TextEquiv>
        <TextStyle xHeight="53"/>
      </TextLine>
    </TextRegion>
    <TextRegion id="region_8074d5d1-fdcd-4428-9351-057a6120c920">
      <Coords points="131,2078 192,2078 192,2096 131,2096"/>
      <TextLine id="line_78dbc63b-2021-4141-a053-8f9898edd648">
        <Coords points="85,2022 139,2022 151,2034 196,2034 208,2041 239,2009 239,2110 200,2149 85,2154"/>
        <Baseline points="134,2083 184,2087 191,2085"/>
        <Word id="word_cd54ac72-1485-49ce-b8ba-161f6ab77014">
          <Coords points="137,2048 181,2051 187,2052 194,2095 183,2097 133,2093"/>
          <TextEquiv>
            <Unicode>ven</Unicode>
          </TextEquiv>
        </Word>
        <TextEquiv conf="0.7103323874516804">
          <Unicode>ven</Unicode>
        </TextEquiv>
        <TextStyle xHeight="37"/>
      </TextLine>
    </TextRegion>
  </Page>
</PcGts>
