3553 4917
360 375 703 448 September
738 374 816 422 ao
851 364 1081 417 1646/.

2338 412 2424 460 In
2466 412 3019 480 Nangasachij/.

2790 333 2979 388 646

953 610 1230 658 ontfangen
1261 611 1384 656 waer
1413 610 1537 656 over
1567 611 1629 657 de
1659 611 1875 657 tolcken
1905 611 2151 658 geroepen
2181 611 2305 659 ende
2335 615 2460 663 naer
2488 620 2612 668 veel
2641 625 2826 673 zeggen
2856 625 2979 671 over

950 721 1068 767 ende
1096 720 1244 766 weder
1272 720 1392 766 niet
1420 721 1657 771 connende
1685 727 2009 778 accorderen,
2038 731 2215 778 hebben
2244 731 2480 779 geseijde
2509 733 2686 782 Cooper
2715 737 2774 783 't
2803 736 2921 785 ont„

936 829 1143 888 fangen
1175 828 1575 879 geexcuseert,

935 958 1089 1005 ditto
1120 959 1368 1007 verhaald
1396 962 1492 1009 den
1521 965 1584 1012 E:
1613 967 1892 1016 verstegen
1922 970 2016 1017 hoe
2046 972 2293 1019 ophoeden
2323 974 2416 1023 met
2443 974 2663 1023 heecker
2693 974 2974 1029 Japander,

939 1074 1040 1123 als
1072 1073 1239 1120 vande
1270 1075 1405 1122 noch
1437 1078 1571 1126 hier
1603 1083 1804 1131 sijnde
1835 1088 2167 1138 wankinders
2199 1091 2334 1138 uijt
2364 1091 2632 1139 gemaect,
2664 1092 2731 1137 in
2764 1090 3033 1140 gespreek

935 1191 1003 1238 is
1036 1189 1272 1235 geweest
1305 1190 1541 1241 buijten
1573 1198 1843 1248 kennisse
1875 1204 2044 1251 vande
2077 1206 2346 1255 tolcken,
2379 1206 2480 1252 hoe
2513 1208 2647 1255 niet
2681 1210 2983 1256 ongenegen

952 1309 1226 1358 schrijnen
1255 1312 1467 1359 naedien
1496 1316 1617 1362 haer
1647 1318 1767 1364 voor
1797 1319 1919 1366 taen
1948 1320 2099 1367 Japan
2128 1321 2190 1368 te
2219 1323 2611 1372 frequenteiken
2641 1327 2882 1375 onteeijt
2909 1327 3004 1375 is,

951 1431 1051 1478 met
1083 1430 1152 1477 de
1181 1431 1585 1483 Nederlanders
1617 1438 1684 1484 in
1717 1437 2218 1488 Correspondentie
2251 1443 2318 1489 te
2351 1442 2519 1488 Comen
2551 1444 2652 1490 dat
2684 1443 2884 1491 geheel
2918 1443 3018 1489 met

941 1555 1070 1602 mijn
1100 1556 1355 1604 voorstal
1386 1558 1515 1604 ende
1546 1558 1674 1604 oogh
1705 1559 1801 1604 wit
1831 1558 1992 1603 soude
2023 1559 2311 1611 quaderen,
2341 1566 2564 1614 gelijck
2595 1567 2755 1614 huler
2787 1566 2883 1613 des
2912 1566 2978 1612 E:

942 1677 1246 1724 verstegen
1279 1676 1752 1722 gecommuniceert
1786 1677 1921 1726 ende
1954 1681 2158 1730 vorder
2191 1685 2530 1734 discoursen
2561 1688 2697 1736 dien
2730 1681 2934 1732 handel

945 1800 1337 1851 Betreffende
1373 1801 1622 1849 'tsamen
1656 1803 1942 1849 gehouden
1975 1802 2191 1848 hebben
2226 1802 2475 1848 dewijle
2509 1800 2582 1847 de
2616 1799 2974 1846 nankinders

942 1915 1036 1964 den
1065 1916 1251 1968 handel
1281 1924 1374 1970 van
1404 1924 1558 1971 Japan
1589 1926 1866 1975 gesloten,
1896 1929 2020 1975 hier
2049 1926 2236 1974 vooren
2264 1926 2389 1973 dato
2419 1926 2574 1975 27:en
2602 1922 2758 1972 Julij
2788 1917 3005 1967 passado

941 2035 1224 2083 verhaald,
1254 2037 1318 2083 de
1349 2037 1538 2085 Comp:e
1568 2041 1662 2086 als
1693 2042 1756 2087 nu
1787 2043 2006 2090 aparent
2037 2045 2444 2096 gelegentheijt
2475 2047 2695 2094 Becomen
2725 2044 2789 2091 't
2820 2039 2977 2088 geene

950 2159 1086 2207 door
1116 2156 1322 2204 Icquan
1354 2159 1726 2211 wederhouden
1758 2167 1825 2212 in
1859 2167 2061 2214 nankin
2094 2170 2364 2216 wellicht
2396 2169 2667 2217 gewerden
2699 2172 2903 2219 mochte
2935 2175 3027 2221 /.

936 2250 998 2296 de

597 2327 749 2376 Adoij
777 2325 870 2371 28:
899 2320 1081 2368 ditto.
1109 2317 1263 2364 desen
1292 2318 1415 2364 dach
1443 2321 1565 2368 zijn
1594 2322 1778 2369 alhier
1806 2325 1958 2375 vijff
1988 2329 2260 2375 versoonen
2290 2329 2411 2375 dacr
2441 2329 2593 2375 onder
2622 2327 2714 2373 een
2743 2325 2835 2371 man
2864 2324 2967 2374 end

937 2440 1067 2487 vier
1098 2437 1325 2486 vrouwen
1357 2436 1487 2483 voor
1518 2436 1649 2483 dato
1680 2439 1939 2491 christen
1970 2445 2326 2491 gerenegeckt
2359 2441 2585 2490 wederom
2615 2425 3010 2485 Beschuldicht

951 2556 1075 2603 ende
1106 2557 1168 2602 nu
1198 2556 1322 2602 over
1353 2556 1415 2602 't
1446 2555 1570 2601 Iaer
1601 2554 1663 2600 in
1694 2552 2097 2599 gevanckenisse
2126 2554 2344 2600 geseten
2371 2548 2622 2600 hebbende
2651 2545 2715 2592 om
2745 2540 2993 2590 gebracht

944 2675 1043 2723 met
1075 2673 1273 2719 welcke
1305 2670 1600 2718 sententie
1633 2670 1732 2717 den
1763 2672 2092 2721 Gouverneur
2124 2677 2419 2725 Gabrosetj
2452 2677 2583 2724 mond
2614 2673 2747 2722 onne
2778 2671 2845 2717 nu
2876 2667 3074 2716 Jongol

948 2795 1275 2847 affgecomen
1307 2793 1437 2839 was,
1468 2791 1568 2838 nae
1599 2790 1665 2835 de
1697 2790 1925 2838 tolcken
1957 2793 2250 2844 verhaalen
2282 2799 2510 2847 Blijven
2542 2799 2672 2846 noch
2705 2796 2835 2844 over
2865 2789 2933 2839 de

956 2916 1184 2969 hondert
1215 2912 1538 2960 gevangenen
1569 2912 1698 2958 hier
1730 2913 1794 2959 in
1826 2914 2180 2967 Nangasackij
2212 2921 2341 2967 alle
2372 2918 2469 2966 mes
2501 2911 2887 2963 Cristerheijt
2918 2909 3031 2956 Be„

951 3036 1297 3088 schuldicht,
1328 3032 1454 3080 niet
1485 3029 1864 3077 tegenstaande
1893 3034 2115 3083 opleden
2145 3040 2428 3089 feestdach
2459 3041 2680 3088 zijnde,
2710 3039 2836 3085 ende
2867 3038 2962 3085 van

940 3158 1128 3208 andere
1158 3156 1375 3202 zaacken
1406 3157 1655 3205 vareren,
1684 3156 1748 3203 zo
1778 3155 1842 3202 is
1870 3157 2089 3205 evenwel
2119 3160 2432 3212 direcutien
2460 3167 2554 3213 van
2585 3167 2896 3213 chrisbenen
2927 3168 2991 3216 om

944 3280 1009 3327 te
1040 3277 1266 3324 brengen
1297 3274 1458 3321 voort
1489 3273 1714 3320 gegaen,
1746 3274 1842 3319 die
1874 3274 2101 3319 vermits
2130 3276 2196 3324 de
2224 3279 2804 3331 verachtelijckheijt
2836 3286 2966 3333 voor

950 3396 1071 3443 geen
1100 3395 1339 3442 menschen
1369 3396 1429 3442 en
1458 3394 1668 3441 kennen,
1697 3395 1848 3443 zulcx
1877 3396 2117 3443 gelsdunk
2146 3398 2266 3446 haer
2296 3400 2356 3446 zo
2385 3399 2505 3445 seek
2535 3399 2625 3444 ter
2654 3400 2834 3447 harten
2863 3400 3014 3448 gaar,

951 3513 1050 3560 als
1082 3514 1148 3560 de
1180 3513 1641 3564 voortplantinge
1673 3512 1772 3563 der
1804 3516 2200 3570 Cristenheijt
2232 3523 2298 3569 te
2330 3522 2528 3570 weeren
2560 3523 2692 3569 ende
2725 3523 2792 3571 't
2824 3527 2979 3578 ver:

938 3637 1134 3688 delgen
1166 3644 1264 3689 der
1296 3643 1491 3689 zelver
1523 3642 1589 3687 te
1615 3638 1949 3687 Bevorderen

796 3816 957 3866 Ditto
985 3813 1149 3859 hebbe
1180 3815 1565 3864 verscheijden
1596 3819 1854 3869 partijen
1884 3826 1982 3872 van
2013 3827 2077 3873 't
2109 3828 2365 3877 velegste
2397 3832 2590 3880 Cooper
2621 3832 2750 3878 elck
2782 3831 3039 3879 Bedonder

934 3927 1061 3976 doen
1092 3927 1314 3974 smelten
1344 3930 1470 3977 ende
1502 3932 1565 3978 op
1596 3933 1787 3983 eenige
1816 3939 1880 3986 8:
1910 3941 1976 3988 en
2004 3944 2069 3990 9:
2099 3943 2195 3989 ten
2226 3943 2448 3991 hondert
2478 3947 2699 3995 verlies
2729 3948 2986 4000 bevonden

947 4048 1016 4093 op
1050 4047 1222 4094 ander
1256 4047 1497 4095 wederom
1529 4050 1737 4096 gansch
1769 4050 2045 4106 weijuch,
2079 4061 2183 4108 als
2214 4063 2319 4111 nae
2353 4066 2491 4112 twee
2525 4065 2662 4112 ofte
2697 4066 2868 4111 drie,
2902 4065 3006 4111 wes

966 4166 1067 4215 nae
1100 4170 1467 4218 Bevindinghe
1498 4170 1600 4218 met
1633 4170 1701 4216 de
1733 4171 2068 4226 vercoopers
2099 4182 2201 4230 den
2233 4187 2400 4234 prijs
2432 4188 2566 4235 naer
2599 4188 2866 4236 adverand
2892 4186 2966 4235 de

2393 4405 3031 4472 deucht/

135 2552 182 2598 mits
