3703 4828
1383 532 1781 582 licentie:)
1818 535 2058 581 aendes
2097 536 2376 584 Conincx
2410 533 2614 584 schip
2653 530 2813 578 geen
2852 531 2972 578 pas
3011 534 3090 579 op
3130 532 3412 581 atchijn

1377 639 1745 686 geweygert
1786 641 2031 688 werde,
2072 642 2235 688 want
2276 641 2358 687 't
2398 641 2685 688 gemeene
2726 641 3216 691 spreeckwoort
3256 646 3505 695 seijdt

1380 751 1502 799 een
1542 748 1743 795 bonte
1783 747 2025 793 kraeij
2063 748 2144 794 en
2184 748 2466 796 cangeen
2506 750 2707 796 coude
2745 747 2989 795 winter
3028 750 3351 800 maecken,
3390 756 3516 810 soo

1386 854 1465 901 en
1503 852 1620 898 can
1658 852 1813 899 oock
1851 853 1968 899 dit
2007 853 2201 900 schip
2239 854 2317 900 om
2355 854 2433 900 de
2471 853 2627 899 twee
2665 853 2898 901 Jaeren
2936 857 3093 905 eens
3130 862 3208 907 s'
3245 857 3480 909 Comp=s

1371 966 1653 1018 negotie
1692 966 1974 1012 aendien
2013 965 2174 1011 kant
2214 965 2535 1013 weijnich
2575 968 2816 1017 hinder
2856 972 2976 1019 bij
3016 974 3337 1022 brengen,
3377 975 3505 1027 als

1368 1085 1535 1133 maer
1576 1084 1659 1130 de
1699 1083 1950 1130 andere
1991 1081 2406 1128 handelaers
2447 1082 2572 1130 van
2613 1085 2780 1132 daer
2821 1088 3071 1138 connen
3111 1095 3446 1145 gehouden

1333 1193 1564 1245 werden
1602 1193 1679 1239 't
1717 1194 1909 1240 welck
1946 1192 2446 1239 gepractiseert
2484 1194 2714 1242 dient,
2752 1197 2905 1246 ende
2943 1200 3060 1246 ons
3097 1202 3250 1248 hier
3289 1203 3443 1249 niet

1382 1307 1666 1359 obsteren
1701 1307 1806 1352 sal
1840 1305 2087 1351 connen,
2122 1305 2227 1351 als
2262 1306 2403 1352 sijn
2437 1308 2720 1355 Maijgist
2753 1312 2894 1359 ende
2929 1315 3456 1366 consequentelijk

1381 1419 1503 1466 den
1544 1420 1952 1466 gouverneur
1992 1418 2115 1464 ons
2155 1416 2400 1464 daerin
2441 1419 2604 1465 geen
2645 1417 2930 1464 partije
2971 1418 3134 1466 sijn
3175 1421 3464 1473 'twelck

1378 1531 1462 1577 't
1498 1530 1908 1579 aenstaende
1947 1532 2110 1579 Jaer
2150 1532 2232 1577 te
2272 1531 2679 1582 verwachten
2719 1537 3003 1585 hebben,
3044 1540 3166 1586 bij
3206 1540 3450 1587 aldien

1363 1660 1404 1709 u
1438 1652 1620 1702 Ed=ts
1651 1644 1944 1692 gelieven
1980 1644 2052 1689 te
2088 1644 2558 1693 persisteeren,
2593 1649 2702 1695 bij
2738 1650 2990 1700 d'ordre
3026 1655 3497 1710 diesaengaende

1383 1766 1536 1812 inde
1573 1761 1918 1810 generaele
1956 1759 2223 1806 missive
2261 1759 2491 1804 vanden
2528 1760 2720 1808 8=en.
2757 1762 3102 1814 September
3139 1770 3330 1817 1644:
3368 1770 3484 1818 aen

1372 1881 1540 1931 mijn
1580 1876 2084 1927 aentecesseur
2125 1871 2460 1919 gegeven.
2501 1867 2586 1916 /.

1218 2027 1311 2074 In
1353 2025 1817 2073 Compangnie
1863 2028 2001 2073 van
2045 2027 2554 2075 voorgemelte
2599 2028 2923 2075 Masseij
2969 2025 3061 2072 is
3106 2023 3292 2070 noch
3337 2024 3480 2071 een

1377 2137 1588 2187 ander
1629 2138 1839 2184 schip
1881 2135 2509 2183 (:toebehoorende
2550 2133 2970 2183 asaboora:)
3012 2134 3138 2179 van
3179 2128 3473 2179 Malacca

1375 2242 1741 2299 herwaerts
1781 2241 1902 2286 aen
1941 2240 2023 2286 't
2062 2240 2265 2288 seijl
2304 2240 2547 2286 gegaen
2587 2239 2870 2285 twelcke
2909 2240 3112 2286 (naer
3151 2237 3273 2285 dat
3310 2234 3437 2281 can

1384 2350 1811 2403 vernemen:)
1853 2350 2066 2398 eerst
2109 2353 2279 2400 naer
2322 2355 2535 2401 mocha
2574 2355 2790 2402 soude
2831 2352 3173 2400 geloopen
3215 2346 3471 2397 wesen,

1373 2464 1627 2518 sulcken
1663 2463 1915 2509 sijnde,
1951 2464 2059 2509 sal
2095 2464 2203 2511 den
2237 2465 2419 2511 marck
2454 2467 2527 2512 in
2562 2468 2670 2514 het
2704 2468 2851 2514 thin
2886 2469 3030 2515 ende
3066 2468 3245 2515 peper
3281 2468 3497 2514 aldaer

1365 2579 1527 2636 niet
1565 2573 1882 2622 weijnich
1922 2573 2278 2621 verderven
2317 2576 2476 2622 ende
2515 2578 2594 2623 de
2634 2577 2831 2623 Compe
2871 2578 3188 2625 daermede
3227 2574 3465 2625 groote

1366 2694 1589 2740 schade
1627 2694 1813 2739 doen,
1850 2692 1962 2739 het
1996 2689 2223 2736 welcke
2260 2691 2334 2737 de
2372 2692 2670 2741 vruchten
2707 2696 2857 2742 sijn
2893 2698 3005 2744 die
3042 2699 3266 2746 overal
3302 2699 3489 2745 vande

1362 2816 1601 2868 moorsz
1639 2816 1953 2863 scheepen
1992 2815 2071 2861 te
2109 2813 2502 2860 verwachten
2540 2814 2816 2863 hebben,
2855 2819 3012 2867 ende
3050 2821 3208 2868 niet
3247 2819 3486 2866 sonder

1381 2934 1611 2980 reeden
1649 2935 1918 2982 doleert
1955 2937 2070 2985 den
2108 2939 2606 2986 provisionelen
2644 2940 3028 2988 gouverneur
3064 2942 3490 2989 Oudtschoorn

1372 3063 1494 3112 dat
1534 3061 1616 3107 de
1655 3058 1939 3105 negotie
1979 3057 2060 3103 in
2100 3056 2383 3102 malacca
2423 3055 2585 3102 end'
2625 3057 3030 3103 omleggende
3070 3054 3474 3102 quartieren

1371 3186 1530 3236 door
1569 3183 1766 3231 ditos
1806 3178 2122 3228 bedorven
2160 3177 2398 3224 werdt,
2436 3177 2595 3223 dies
2634 3177 2792 3223 niet
2832 3178 3305 3226 tegenstaende
3344 3180 3430 3228 in

1367 3304 1614 3359 plaets
1654 3303 1777 3348 van
1817 3301 2102 3348 haerden
2142 3301 2306 3347 lust
2346 3300 2428 3347 om
2467 3300 2672 3346 weder
2712 3302 2795 3348 te
2834 3304 3078 3351 keeren
3118 3303 3200 3350 te
3241 3298 3485 3348 benemn

1372 3432 1485 3478 soo
1522 3428 1711 3476 heeft
1747 3426 1900 3473 sijn
1936 3425 2013 3471 E:
2049 3423 2163 3470 den
2201 3422 2465 3468 nachoda
2501 3421 2615 3467 van
2653 3421 2955 3469 geseijde
2992 3423 3181 3469 schip
3218 3424 3294 3470 op
3331 3424 3489 3472 sijn

1380 3543 1693 3591 versouck
1730 3544 1847 3590 met
1886 3543 2003 3589 een
2042 3538 2353 3587 hollants
2392 3537 2743 3583 stierman,
2781 3537 2937 3584 ende
2975 3538 3132 3583 twee
3171 3535 3490 3583 matrose

1355 3653 1980 3707 geaccommodeert,
2020 3652 2188 3698 niet
2229 3652 2395 3698 eens
2437 3653 2770 3699 verdacht
2811 3651 3102 3698 sijnde,
3141 3648 3269 3696 dat
3309 3646 3435 3693 het

1363 3769 1491 3821 aen
1533 3766 1702 3814 dese
1743 3763 1912 3810 kant
1954 3762 2081 3808 een
2121 3760 2333 3807 quade
2375 3756 2881 3804 concequentie
2923 3756 3477 3805 veroorsaecken

1362 3887 1514 3937 kan,
1552 3884 1702 3932 ende
1739 3884 1890 3930 daer
1926 3883 2077 3930 door
2115 3885 2227 3930 den
2265 3883 2603 3930 gouvern=r
2639 3884 2790 3932 sijn
2828 3887 3128 3934 versouck
3165 3887 3316 3933 (:om
3353 3887 3435 3935 op

1354 4004 1723 4059 s'Conincx
1763 4005 2091 4051 scheepen
2130 3999 2377 4050 eenige
2417 3999 2745 4050 Hollants
2785 4006 3112 4054 matrosen
3152 4008 3235 4054 te
3276 4005 3483 4053 leene

1366 4120 1665 4171 voortaen
1701 4119 1888 4168 geljk
1925 4121 2038 4167 tot
2075 4122 2224 4167 noch
2261 4121 2373 4167 toe
2411 4120 2709 4167 geschiet
2746 4118 2821 4164 is
2858 4118 2933 4163 :)
2970 4117 3082 4162 met
3119 4116 3269 4162 geen
3305 4110 3456 4160 goet

1362 4232 1666 4283 fatsoen
1709 4231 2056 4279 weygeren
2099 4234 2404 4282 connen,
2445 4238 2707 4285 daerom
2749 4241 2923 4289 segg
2965 4241 3400 4289 andermael,

3140 4372 3312 4420 dat
