3567 4883
1371 641 1575 714 El

1481 753 1877 804 Gemelde
1931 752 2497 801 qualiteijt
2551 752 2722 799 van
2779 752 3286 800 schrijver

1302 870 1927 926 aengenomen,
1982 873 2211 919 ende
2265 873 2437 919 een
2493 867 3061 918 belooningh
3117 865 3288 912 van

1286 1000 1756 1061 veerthien
1805 990 2172 1042 guldens
2223 992 2379 1038 ter
2426 992 2743 1045 maendt
2795 991 3368 1046 toegeleijdt

1285 1161 1510 1226 Inne
1563 1144 1891 1203 gaende
1945 1136 2055 1187 d'
2108 1123 2817 1179 verbeteringhe
2872 1120 3035 1168 van
3080 1107 3362 1165 gagie

1284 1285 1496 1339 ende
1548 1273 1968 1328 'tnieuwe
2019 1269 2439 1321 verbandt
2490 1258 2649 1312 dat
2700 1254 2858 1300 als
2908 1250 3226 1299 vooren

1074 1527 1452 1590 Michuel,
1495 1524 1821 1576 snijder
1865 1521 2053 1569 uijt
2097 1516 2238 1566 ten
2285 1512 2610 1562 blesien
2655 1510 2748 1557 in
2795 1508 3027 1556 jndia
3073 1505 3399 1554 gekomen

1264 1662 1360 1711 ao
1401 1648 1595 1707 1627
1639 1638 1783 1691 met
1830 1634 2066 1681 jacht
2113 1631 2491 1679 wierinck
2538 1631 2727 1678 voor
2772 1616 3104 1674 soldaet
3150 1615 3198 1660 a
3242 1613 3294 1660 ƒ
3338 1615 3388 1661 9

1270 1789 1376 1841 p.
1423 1779 1478 1829 r
1527 1766 1836 1823 maendt
1886 1757 2144 1810 nader
2194 1750 2400 1802 hant
2449 1740 2914 1794 gevordert
2957 1732 3170 1789 (tot
3215 1727 3323 1774 de

1265 1913 1750 1983 qualiteijt
1797 1905 1943 1955 van
1990 1888 2425 1948 adelborst
2471 1882 2618 1932 met
2665 1876 2907 1925 gagie
2954 1876 3101 1923 van
3148 1874 3246 1920 12
3292 1867 3391 1917 gl

1272 2056 1481 2106 wert
1532 2052 1638 2100 op
1687 2039 1899 2096 sijn
1948 2017 2368 2078 vertoogh
2416 2006 2629 2058 ende
2680 1992 3307 2047 bequaemheijt

1271 2174 1480 2226 ende
1529 2166 1892 2220 vermits
1944 2152 2357 2211 omtrendt
2405 2146 2512 2196 d'
2562 2139 2667 2190 12
2716 2127 3028 2180 jaeren
3076 2117 3390 2173 sonder

3221 2229 3362 2285 ne

1270 2319 1569 2373 eenige
1598 2298 2213 2361 verbeteringe
2261 2292 2411 2342 van
2456 2281 2708 2336 gagie
2752 2278 2857 2326 d'
2902 2273 2956 2321 E
3002 2269 3254 2317 Compe

1265 2454 1647 2522 jverich
1699 2441 1916 2495 ende
1969 2433 2131 2483 tot
2185 2413 2887 2478 contentenent,
2940 2408 3103 2457 van
3152 2393 3383 2450 sijn

1263 2592 1797 2663 overicheijt
1843 2581 2183 2634 gedient
2229 2575 2521 2625 heeft,
2568 2571 2714 2623 Bij
2745 2556 3003 2612 desen
3050 2553 3147 2599 d'
3192 2551 3390 2601 novs

1264 2748 1475 2802 voor
1526 2741 1787 2792 drije
1839 2734 2099 2785 naest
2150 2721 2567 2779 volgende
2618 2716 2931 2764 jaeren
2981 2702 3399 2759 aengenom

1259 2902 1472 2955 ende
1520 2885 1733 2942 inde
1784 2876 2047 2928 selve
2099 2870 2626 2920 qualiteijt
2674 2865 2834 2919 van
2886 2844 3359 2909 adelborst

1346 3018 2131 3083 Geconfirmeert
2181 3011 2372 3062 met
2431 3004 2613 3054 een
2672 2992 3276 3047 Belooningh

1260 3175 1410 3222 van
1460 3166 1912 3219 veerthien
1961 3157 2262 3209 gulden
2312 3156 2463 3203 p=o
2512 3147 2863 3197 maendt,
2913 3147 3013 3195 d.
3063 3149 3114 3194 o
3163 3147 3364 3193 ver„

1245 3338 1782 3401 „beteringe
1833 3331 1996 3382 van
2049 3320 2317 3372 gagie
2371 3312 2585 3363 ende
2629 3297 3014 3357 tnieuwe
3067 3298 3389 3346 verban

1314 3487 1536 3541 p=mo
1591 3477 1977 3532 october
2029 3460 2252 3522 1645
2304 3456 2472 3505 aen
2527 3447 2803 3501 vancq
2856 3440 3244 3489 nemende
3298 3442 3354 3488 —

1305 3450 1428 3500 mo

1236 3671 1677 3749 Harman
1748 3652 2403 3713 Barentsen
2474 3646 2693 3696 van
2765 3640 3129 3693 Groll
3201 3634 3357 3687 in

1232 3806 1429 3860 India
1463 3798 1664 3850 gecom
1702 3796 1781 3844 ao
1820 3792 1977 3840 1642
2007 3783 2132 3838 met
2171 3777 2367 3826 schip
2404 3765 2796 3822 maestricht
2835 3761 2992 3809 voor
3030 3748 3383 3805 bootsges:

1234 3944 1282 3989 a
1308 3942 1473 3991 ƒ11
1515 3928 1714 3986 wert
1761 3924 1858 3971 op
1905 3912 2098 3971 sijn
2144 3903 2531 3956 vertoogh
2565 3894 2771 3946 ende
2818 3882 3399 3937 bequaemheijt

1231 4066 1494 4115 midts
1545 4066 2018 4119 experatie
2069 4060 2385 4108 sijnes
2437 4055 2857 4106 verbants
2908 4045 3067 4098 Bij
3117 4034 3383 4086 desen

1253 4204 1545 4252 d'novo
1592 4199 1785 4247 voor
1833 4195 2075 4243 drije
2122 4187 2412 4239 achter
2460 4182 2605 4230 een
2649 4176 3041 4227 volgende
3081 4176 3379 4232 jneren

3060 4429 3157 4476 in
