3642 4828
1175 565 1355 615 maij
1396 561 1581 609 1646

1359 730 1452 783 200
1480 726 1569 773 str
1599 725 1893 772 alcatijpen

1358 820 1439 870 400
1461 814 1542 864 stx
1567 806 1904 858 gecatoeneerde
1929 800 2137 850 deeckens

1363 906 1463 956 400
1495 897 1660 948 oncen
1690 883 1891 941 Muscus

1371 995 1485 1045 40.0
1509 989 1597 1038 do.
1623 979 1795 1033 Ambere
1821 970 1965 1023 grijs

1361 1090 1465 1142 1200
1487 1084 1566 1133 do.
1588 1070 1923 1127 besaersteenen

1401 1157 1481 1211 150
1503 1153 1555 1200 d.
1579 1152 1630 1199 o.
1652 1152 1801 1200 Cleene
1825 1143 2122 1197 landspeerlen

1654 1296 1805 1355 Volgen
1828 1288 2072 1340 diveersche
2096 1285 2242 1332 slovos
2266 1283 2558 1330 Nlamentlijck
2581 1282 2679 1328 uijt
2704 1278 2995 1328 vranckrijck,
3018 1270 3266 1323 lotteringe

1644 1375 1959 1438 Vlaenderen,
1985 1365 2271 1419 Engelandt,
2298 1363 2498 1410 parijs,
2526 1362 2867 1408 Cattaloguio,
2895 1362 2952 1408 en
2980 1354 3123 1406 Malta

1379 1562 1482 1622 Den
1512 1553 1672 1603 Heere
1703 1542 1927 1596 Hartoch
1958 1537 2055 1586 van
2086 1534 2310 1582 anguien
2341 1531 2437 1578 som
2468 1526 2660 1575 vanden
2692 1524 2884 1570 prince
2916 1522 3011 1569 van
3042 1513 3205 1566 Conde

1372 1656 1473 1709 ende
1496 1648 1692 1700 generael
1716 1642 1839 1692 vande
1862 1634 2058 1686 fransche
2082 1629 2254 1678 Armade)
2277 1626 2400 1674 heeft
2423 1624 2498 1670 tot
2521 1619 2668 1668 aliter
2691 1615 2790 1664 ende
2815 1611 2986 1660 gansch,
3010 1610 3059 1656 In
3081 1604 3206 1654 houte
3228 1597 3426 1649 geslagen

1367 1757 1416 1805 't
1437 1749 1556 1801 leger
1577 1742 1695 1792 onder
1717 1738 1789 1786 den
1809 1733 1975 1781 Hartoch
1996 1728 2068 1776 van
2091 1724 2301 1772 Beijeren,
2323 1721 2394 1768 nae
2416 1718 2534 1765 drije
2556 1714 2674 1762 dagen
2696 1707 2884 1758 Vechtens
2904 1700 3093 1751 geseyden
3116 1689 3351 1744 beyervorst

1370 1846 1500 1897 heeft
1524 1831 1885 1889 d'Neutraliteyt
1909 1828 1988 1875 met
2011 1825 2039 1871 d
2063 1819 2219 1869 Croone
2244 1817 2322 1863 Van
2346 1812 2630 1861 Vranckrijck
2655 1802 2888 1856 versoght,
2910 1796 2990 1845 dat
3014 1793 3093 1840 hem
3117 1781 3349 1837 geweygere
3373 1778 3433 1826 Is

1368 1985 1464 2035 den
1492 1977 1682 2029 pfaets
1712 1975 1776 2021 &s
1805 1967 1993 2019 geheel
2023 1963 2180 2012 onder
2212 1962 2274 2008 d'
2305 1957 2461 2006 Crone
2490 1954 2586 2002 van
2617 1940 2960 1999 Vranckrijck
2991 1930 3212 1984 gestelt

1373 2076 1478 2124 ende
1504 2072 1635 2120 heeft
1660 2069 1765 2116 sijn
1790 2064 1974 2114 maijst.
1998 2061 2078 2108 van
2103 2052 2391 2105 vrancgrijck
2416 2050 2495 2096 met
2521 2047 2626 2094 sijn
2650 2039 2808 2091 armade
2832 2038 2860 2084 s
2885 2027 3095 2081 Volgende
3119 2020 3277 2071 steden

1369 2164 1524 2212 langhs
1547 2157 1652 2207 ende
1677 2156 1730 2202 op
1754 2151 1833 2200 den
1857 2146 1962 2195 zijn
1986 2144 2219 2191 Ingenomen
2245 2144 2296 2189 t'
2322 2142 2451 2189 weten
2477 2140 2657 2187 philips
2682 2138 2838 2185 Burgh,
2864 2122 3199 2183 franckendael,
3222 2114 3389 2166 worms,

1364 2269 1500 2325 spier
1524 2261 1633 2312 ende
1657 2255 1792 2305 ments
1819 2251 1979 2300 hebben
2004 2248 2086 2294 den
2112 2239 2486 2293 keijserlijcken
2512 2237 2620 2283 gurl
2645 2227 2940 2281 soand'weert
2965 2218 3207 2271 gedwongen
3231 2213 3286 2261 te

1341 2481 1667 2548 Lamottels
1703 2472 1846 2525 door
1880 2468 2167 2516 monsieur
2202 2466 2274 2513 de
2309 2456 2631 2511 villeroij
2666 2449 2916 2501 wederom
2950 2430 3273 2493 Ingenomen

1347 2593 1395 2638 d.
1416 2591 1443 2638 o
1465 2586 1656 2635 vileroij
1678 2583 1751 2630 was
1774 2578 2012 2627 gouverneur
2034 2576 2107 2622 van
2129 2572 2226 2620 kons
2248 2568 2345 2616 ende
2368 2565 2559 2613 gesonden
2581 2560 2677 2609 omme
2700 2559 2748 2605 d'
2771 2552 3034 2603 belegeringe
3055 2548 3105 2596 te
3126 2536 3414 2591 Continueren,

1369 2683 1595 2736 vermiets
1621 2680 1708 2728 den
1734 2673 1961 2725 generael
1989 2669 2159 2718 Magalo
2187 2668 2272 2715 sij
2298 2660 2610 2712 smaechschap
2638 2656 2807 2704 vanden
2835 2649 3090 2701 Cardinael
3116 2635 3375 2693 Masarinij

1367 2789 1444 2835 int
1467 2781 1648 2833 beleghn
1673 2776 1903 2825 overleden
1927 2773 2031 2820 was,
2055 2772 2159 2818 sine
2182 2770 2312 2818 mags.
2335 2768 2464 2816 heeft
2489 2768 2541 2813 d.
2565 2766 2592 2812 o
2617 2764 2771 2810 plaets
2794 2758 2924 2808 laten
2948 2749 3256 2802 demanteleren

1381 2890 1511 2945 ende
1541 2877 1825 2934 sleghten,

1357 2361 1632 2421 retireren

1300 3056 1405 3114 Syn
1434 3043 1607 3098 heere
1638 3037 1741 3086 den
1774 3031 2046 3082 Hertoogh
2078 3026 2181 3075 van
2213 3020 2451 3069 orecans
2484 3016 2723 3064 Broeder
2754 3017 2857 3063 Van
2890 3016 3026 3062 sijn
3059 3005 3263 3060 mags=r

1370 3150 1574 3204 saliger)
1598 3143 1726 3194 heeft
1750 3136 1954 3187 Borburen
1979 3134 2030 3180 en
2055 3128 2284 3178 mardijck.
2309 3125 2411 3173 (opt
2435 3122 2689 3169 schuertgen
2715 3122 2867 3169 leggen
2892 3118 3045 3166 beijde
3068 3117 3120 3162 de
3144 3107 3451 3162 principaelst

1369 3248 1644 3307 fortressen
1669 3233 2135 3291 voorduijnckercken
2161 3231 2381 3277 gelegen,
2408 3225 2682 3275 Ingenomen,
2707 3219 2819 3269 ende
2846 3212 3038 3263 naerdat
3062 3210 3146 3255 den
3173 3207 3311 3255 grave

1376 3352 1708 3416 picolominij
1735 3344 1887 3394 Cgure
1915 3340 2006 3388 des
2036 3338 2275 3385 Conincxs
2303 3335 2394 3383 Van
2423 3329 2663 3379 espanien
2693 3327 2813 3374 Inde
2841 3320 3172 3373 Nederlanden
3200 3318 3321 3366 Inde

1377 3464 1549 3518 vlught
1575 3452 1833 3507 geslaegen
1860 3446 2032 3496 hadde)
2060 3441 2203 3490 heeft
2231 3440 2288 3485 d.
2316 3438 2345 3484 o
2372 3434 2516 3482 stadt
2543 3431 2715 3479 stercq
2743 3424 2949 3474 belegen

1361 3610 1490 3663 den
1531 3595 1660 3651 EH.
1695 3581 1744 3633 r
1779 3569 2040 3627 Prince
2080 3584 2209 3631 van
2251 3575 2591 3628 orangien
2633 3574 2761 3620 was
2800 3569 2889 3619 te
2930 3562 3101 3612 dier
3143 3558 3272 3606 tyt
3312 3555 3401 3602 te

1781 3602 1841 3659 So.

1380 3701 1521 3749 velde
1547 3696 1661 3746 ende
1687 3693 1829 3741 werdt
1856 3690 2082 3738 voorvast
2109 3686 2335 3734 gehouden
2362 3685 2447 3730 dat
2475 3682 2644 3730 Brugge
2671 3675 2925 3726 belegeren
2950 3670 3037 3719 sal

1365 3833 1629 3891 d'Novos
1665 3826 1817 3877 uijt
1854 3818 2194 3870 Engelandt
2230 3812 2459 3863 melden
2496 3811 2609 3856 dat
2645 3806 2760 3856 den
2794 3793 3062 3850 Coninck
3095 3774 3401 3837 d'laetse

1350 3939 1539 3999 Batalie
1564 3932 1776 3982 verloren
1800 3925 1960 3976 hadde,
1984 3920 2065 3968 dat
2090 3917 2197 3964 uijt
2222 3916 2276 3962 't
2301 3912 2434 3960 veldt
2460 3907 2698 3957 geslaegen
2722 3903 2830 3952 ende
2854 3900 2909 3947 In
2933 3891 3120 3943 seecker
3143 3886 3251 3934 fort

1376 4031 1603 4087 omtrendt
1631 4029 1688 4075 d'
1715 4026 1801 4073 see
1828 4022 2027 4071 gelegen
2055 4018 2282 4066 geplugh,
2309 4017 2338 4062 t
2367 4016 2452 4062 was
2479 4011 2819 4060 verwachtende
2846 4001 3188 4056 oresistentie
3212 3988 3358 4044 vande

1383 4134 1710 4201 Coninginne
1740 4128 1873 4178 sijn
1905 4126 2198 4173 gemalinne
2231 4126 2329 4172 die
2360 4124 2426 4170 In
2459 4115 2817 4169 vranckrijck
2847 4112 2947 4160 was

1188 3072 1243 3119 N
