3567 4801
2732 564 2884 616 841

851 660 1279 710 Vrijdach
1330 664 1547 713 adij
1594 671 1812 717 2„en
1864 670 2348 737 september

732 876 1142 944 Naerlangh
1187 876 1368 923 ende
1411 880 1502 928 Te
1546 884 1997 936 vergeelles
2041 891 2403 945 uijtsien
2446 901 2941 955 Genoechsaam

864 1014 1197 1066 Buijten
1244 1004 1720 1057 Expectatie
1767 1001 2291 1052 eijndelijck
2337 1007 2530 1056 uijt
2575 1009 2862 1060 persia

870 1134 956 1185 op
998 1130 1123 1177 19'
1163 1123 1373 1173 deser
1413 1118 1665 1168 tschip
1702 1118 1790 1165 d'
1830 1118 2081 1167 Vreede
2121 1121 2247 1169 met
2289 1124 2331 1169 4
2372 1125 2498 1173 stx
2537 1116 2831 1168 paerden

871 1250 1160 1311 eenighe
1199 1245 1568 1294 fruijten,
1607 1243 1772 1293 ende
1812 1237 2057 1287 andere
2096 1235 2588 1282 cleenicheden
2628 1233 2751 1281 tot
2791 1227 2956 1276 onse

865 1369 1287 1428 proviesie
1332 1362 1660 1415 t'samen
1706 1360 1847 1407 ter
1891 1357 2221 1405 monture
2267 1356 2408 1403 van
2449 1339 2968 1403 ƒ2342//12/-

883 1499 1049 1551 over
1088 1494 1213 1542 P:r
1253 1488 1419 1539 Crus
1459 1487 1542 1532 d'
1582 1482 1789 1531 gaele
1828 1477 2077 1525 alhier
2117 1464 2652 1521 geparresseert
2693 1458 2982 1508 sijnde,

880 1615 1071 1673 ende
1116 1606 1399 1658 aldaer
1445 1601 1587 1649 Ter
1632 1586 1915 1644 rheede
1961 1585 2244 1637 tschip
2290 1587 2432 1637 1E:
2470 1572 2950 1631 Amsterdam.

877 1744 960 1790 en
1000 1729 1249 1787 tjacht
1290 1723 1373 1771 d'
1412 1708 1827 1766 waterhandt
1868 1702 2240 1752 (:conform
2281 1697 2447 1747 haer
2488 1696 2613 1742 Ed:
2653 1684 2984 1743 project)

860 1892 1003 1944 van
1049 1878 1383 1935 Batavia
1431 1866 1812 1923 bevonden
1859 1860 2050 1910 ende
2097 1846 2431 1904 d'selve
2476 1839 2574 1890 in
2620 1833 2908 1883 Corten

874 2012 1324 2070 herwaerdts
1365 2008 1458 2057 te
1502 2004 1952 2054 verwachten
1997 1995 2402 2049 hebbende,
2446 1994 2762 2041 draeght
2805 1996 2947 2049 den

856 2149 1318 2202 Gouverneur
1363 2145 1502 2194 den
1547 2136 1777 2189 raedt
1821 2132 2053 2181 voor,
2091 2126 2283 2177 ende
2328 2122 2559 2170 geeft
2604 2116 2788 2168 haer
2831 2112 2930 2159 E:

873 2291 958 2342 in
996 2280 1409 2334 bedencken,
1447 2269 1819 2325 aengesien
1859 2264 2024 2313 daer
2058 2259 2228 2308 mede
2269 2258 2351 2306 en
2390 2257 2474 2305 t'
2511 2253 2638 2301 als
2678 2250 2843 2297 noch
2880 2242 2966 2294 te

844 2427 1342 2496 verwachten
1383 2408 1737 2469 laetste
1785 2395 2082 2450 retour
2131 2384 2379 2439 schip
2428 2379 2577 2425 van
2625 2378 2975 2426 Batavia

866 2595 993 2647 Bij
1032 2573 1365 2637 Behouden
1405 2560 1654 2616 vaeren
1692 2553 1820 2604 ons
1861 2544 1986 2597 den
2026 2531 2441 2588 overvloede
2482 2526 2607 2574 van
2648 2525 2940 2574 scheeps

820 2732 1201 2791 ruijmte
1255 2715 1905 2774 geprovideert
1956 2702 2448 2759 Bevinden,
2501 2697 2882 2750 offemen

841 2879 1181 2943 Gemelte
1227 2863 1468 2922 Schip
1517 2860 1613 2909 d'
1660 2847 1950 2904 Vreede
1996 2842 2143 2892 soo
2191 2836 2384 2886 drae
2432 2829 2915 2880 mogelijck—

919 2829 997 2875 ve

874 3022 1100 3070 naer
1154 2998 1776 3065 Masslipadam
1829 2984 2057 3041 omme
2113 2977 2283 3026 van
2337 2966 2564 3018 daer
2619 2960 2789 3010 met
2845 2959 2961 3009 d'

820 3180 913 3234 In
955 3161 1354 3223 voorraedt
1397 3143 1751 3204 liggende
1791 3128 2103 3184 Cleeden
2146 3126 2280 3173 als
2323 3116 2589 3170 andere
2633 3111 2988 3161 Coopman„

855 3310 1252 3375 schappen
1289 3296 1499 3353 naer
1546 3277 1943 3341 Batavia,
1987 3265 2190 3319 ende
2238 3261 2536 3309 Tjacht
2579 3253 2782 3307 Lis,
2831 3247 2981 3298 ome

836 3476 1115 3535 Tselve
1159 3463 1439 3519 alhier
1485 3452 1671 3507 niet
1713 3438 2228 3496 Vruchteloos
2272 3435 2367 3486 op
2410 3423 2507 3475 te
2545 3411 2877 3472 houden,

764 3645 1096 3713 wesende
1133 3615 1524 3689 Tsuijder
1569 3589 1951 3656 maessont
1996 3586 2094 3634 nu
2141 3580 2284 3630 Bij
2328 3574 2427 3624 na
2475 3574 2618 3620 ten
2664 3567 2999 3616 eijnde,

860 3780 1046 3836 ende
1090 3773 1181 3820 d'
1224 3762 1546 3816 verdere
1588 3743 2001 3805 verwachte
2045 3728 2410 3785 scheepen
2452 3725 2546 3774 op
2586 3705 2910 3767 Comende

791 3924 1020 3983 wegh,
1060 3904 1244 3964 doch
1284 3893 1695 3947 desselffs
1734 3876 2233 3946 arrivemendt
2277 3872 2368 3921 op
2411 3863 2547 3914 een
2592 3856 2773 3908 dagh
2817 3844 3006 3898 twee

837 4081 886 4130 a
929 4065 1154 4122 drije
1195 4042 1558 4109 vermidts
1597 4028 1692 4085 de
1734 4019 2052 4070 lvinden
2095 4011 2187 4062 nu
2229 4003 2455 4054 reede
2499 3996 2680 4047 veel
2724 3989 2906 4040 uijt

842 4200 1548 4280 d'noordelijcke
1597 4187 1849 4245 handt
1895 4160 2301 4229 beginnen
2348 4150 2452 4203 te
2500 4147 2961 4197 Schieten,

859 4360 1076 4420 ende
1128 4351 1235 4402 d'
1285 4336 1714 4392 stroomen
1764 4328 1873 4377 om
1923 4322 2033 4370 d'
2081 4307 2352 4365 Suijt
2404 4297 2511 4349 Te
2563 4282 2937 4341 loopen,

2572 4491 2867 4546 miedt
