3553 4917
405 306 632 364 dn

2819 266 2987 321 637.

253 405 500 471 Junius
536 397 622 447 ao
660 387 904 439 1646/.

2327 381 2404 431 In
2441 378 2849 426 Nangasachij
2884 378 2960 427 /.

671 782 831 837 Adij

2413 4247 2568 4304 454:
2603 4239 2874 4289 diverse
2909 4234 2989 4282 /.

927 629 1182 680 Oncosten
1214 629 1309 674 als
1341 629 1595 677 Bedongen
1626 632 1754 678 daer
1785 632 1880 679 aen
1912 631 2103 679 gedaen
2134 626 2294 675 hadde

874 775 959 822 8:e
986 774 1208 821 vertrock
1236 774 1320 820 een
1347 775 1430 821 der
1457 775 1541 820 ses
1569 771 1791 820 nankinse
1819 769 1986 816 Jomken
2012 771 2069 817 't
2094 769 2374 817 voorleeden
2401 769 2513 815 Iaer
2539 764 2707 812 alhier
2734 758 3040 811 aengecomen,

933 890 1164 942 alvooren
1191 886 1449 935 meermalen
1477 886 1562 931 tot
1590 885 1819 931 vertreck
1847 885 1961 931 door
1990 886 2076 932 den
2101 884 2389 932 Gouverneur
2416 875 2731 928 aengemaand,
2757 872 2816 919 en
2844 870 3017 918 altijt

930 1002 1017 1051 tot
1045 1002 1160 1048 dato
1187 1003 1386 1049 vermits
1414 1002 1500 1047 den
1527 1000 1727 1047 oorloch
1754 1002 1926 1049 vanden
1953 1004 2124 1050 tartar
2151 999 2237 1049 die
2265 997 2322 1043 't
2350 995 2464 1042 land
2491 993 2606 1040 over
2633 990 2691 1037 al
2718 977 3032 1034 verwoestede

933 1114 1240 1163 geexcuseert
1267 1114 1379 1160 drie
1407 1114 1658 1161 derselver
1686 1116 1825 1161 staen
1853 1116 2021 1162 binnen
2048 1117 2271 1167 weijnich
2299 1120 2439 1167 dagen
2465 1117 2523 1164 te
2550 1111 2746 1162 volgen,
2771 1108 2857 1155 wae
2883 1104 2972 1153 men

925 1232 1006 1279 ons
1031 1229 1193 1277 berigt
1218 1228 1405 1273 blijven
1432 1228 1486 1273 de
1512 1229 1860 1278 principaelste
1885 1234 2178 1285 coopluijden
2205 1240 2285 1285 met
2311 1240 2365 1285 't
2389 1235 2551 1285 meeste
2577 1232 2685 1279 geld
2709 1227 2817 1275 hier
2842 1223 2977 1272 over,

931 1344 1173 1394 betalende
1200 1344 1360 1391 'tsien
1386 1345 1468 1391 ten
1494 1346 1682 1394 hondert
1707 1348 1843 1394 aende
1869 1350 2190 1398 vertreckende
2217 1353 2271 1398 om
2298 1353 2351 1398 te
2378 1348 2592 1398 vernimen
2619 1348 2672 1393 de
2697 1342 3054 1393 gelegentheijt

927 1468 1015 1515 des
1044 1467 1190 1515 lants
1218 1468 1305 1513 van
1334 1468 1538 1514 wankijn
1565 1470 1624 1516 en
1652 1469 1827 1515 alsdan
1856 1469 2003 1516 weder
2029 1473 2291 1521 herwaerts
2320 1476 2378 1521 te
2407 1469 2610 1521 kelken,
2637 1461 2842 1512 sommige
2868 1458 2987 1504 sijn

931 1591 1018 1639 van
1047 1589 1277 1636 gevoelen
1304 1586 1420 1634 niet
1449 1586 1535 1631 nae
1564 1586 1794 1633 nankijn,
1822 1589 1938 1635 maer
1965 1591 2024 1638 na
2049 1591 2339 1640 Chricheuw,
2367 1589 2655 1638 hockschiv,
2682 1585 2798 1633 oete
2826 1579 2999 1629 andere

936 1707 1122 1753 chinese
1148 1706 1361 1753 plaatsen
1386 1706 1546 1757 sullen
1572 1709 1679 1756 gaen

688 1863 827 1916 adij,
851 1852 990 1906 10:en
1017 1850 1153 1897 ditto
1180 1850 1262 1896 met
1288 1848 1371 1894 den
1397 1847 1615 1894 Iapander
1642 1848 1697 1894 om
1724 1847 1779 1893 't
1806 1847 1942 1894 boven
1969 1849 2215 1895 verhaelde
2241 1851 2432 1898 geschid
2459 1853 2514 1899 op
2540 1853 2596 1898 te
2622 1851 2786 1900 vissen
2811 1849 2867 1896 de
2893 1847 3004 1894 novo

940 1953 1277 2002 geaccordeert,
1303 1956 1407 2002 ende
1432 1957 1536 2003 voor
1561 1957 1691 2004 ijder
1716 1958 1848 2004 stuck
1872 1960 1950 2006 20:
1976 1961 2105 2007 teijl
2131 1962 2338 2008 belooft,
2360 1960 2493 2008 sulcx
2519 1962 2700 2008 'tzelve
2725 1960 2804 2006 aen
2829 1958 3011 2006 inehmpt

933 2067 991 2114 te
1018 2066 1301 2113 hervatten,
1330 2067 1386 2113 op
1415 2067 1641 2114 conditie
1669 2069 1754 2114 dat
1781 2068 1840 2115 so
1866 2071 2008 2120 haest
2036 2075 2121 2121 een
2149 2076 2291 2124 stuck
2318 2078 2517 2124 Becomen
2545 2077 2687 2123 heeft
2714 2076 2946 2126 terstond

933 2179 990 2228 't
1018 2182 1270 2229 belooffde
1297 2182 1409 2227 geld
1436 2181 1549 2227 daer
1577 2182 1689 2227 voor
1717 2182 1774 2228 te
1799 2182 2060 2235 ontfangen

739 2326 853 2375 adij
880 2322 1021 2370 12:en
1049 2322 1218 2369 ditto,
1246 2322 1528 2370 vertrecken
1556 2325 1641 2371 van
1668 2327 1753 2372 hur
1780 2326 1895 2375 drie
1921 2331 2006 2377 der
2034 2331 2316 2382 voorscijde
2343 2335 2568 2386 Nankinse
2596 2341 2765 2388 Jonken
2793 2342 2935 2390 sulcx

944 2438 1072 2485 'twel
1097 2437 1174 2484 der
1198 2436 1351 2484 zelver
1377 2435 1454 2481 als
1478 2435 1580 2481 noch
1606 2435 1886 2487 overblijven

749 2586 861 2633 adij
888 2584 1000 2631 16:e
1027 2580 1195 2629 ditto,
1222 2579 1362 2626 tegen
1390 2581 1474 2627 den
1501 2582 1641 2628 avond
1669 2582 1753 2630 met
1780 2586 1893 2634 hand
1920 2589 2032 2638 welk
2059 2593 2116 2639 en
2143 2595 2199 2641 2.
2226 2597 2367 2646 weste
2394 2602 2508 2649 wind
2532 2607 2645 2653 sijn
2672 2608 2785 2656 hier
2811 2611 2868 2658 de
2895 2611 3008 2657 Baij

934 2694 995 2741 in
1026 2696 1180 2742 comen
1210 2698 1426 2746 seijlen
1456 2701 1487 2747 4
1517 2700 1763 2746 Nankinse
1793 2701 1979 2751 Jonken
2008 2707 2223 2755 achtede
2254 2710 2316 2756 de
2346 2710 2501 2758 zelve
2530 2713 2592 2759 de
2622 2714 2808 2764 Jongst
2837 2720 2961 2770 ver

944 2809 1188 2859 trockene
1218 2809 1279 2855 te
1308 2809 1429 2855 zijn

760 2957 879 3004 adij
908 2954 1028 3003 17:e
1055 2947 1235 2997 ditto,
1264 2943 1561 2991 verstonden
1590 2943 1650 2988 de
1679 2943 1918 2993 gisteren
1946 2947 2245 2998 aengecomen
2273 2953 2512 3000 nankinse
2541 2956 2720 3002 Iomken
2748 2956 2869 3003 drie
2896 2958 2986 3004 der

959 3064 1131 3111 zelver
1159 3060 1359 3108 onlangs
1387 3060 1473 3106 van
1502 3060 1616 3106 hier
1644 3061 1929 3111 vertrocken
1958 3065 2186 3112 hebbende
2214 3066 2329 3112 door
2357 3068 2614 3115 Contrarie
2642 3070 2757 3115 wind
2785 3067 2900 3116 haer

948 3177 1124 3225 reijse
1154 3175 1272 3222 niet
1301 3173 1477 3219 connen
1506 3173 1829 3221 Bevorderen,
1859 3175 1977 3221 ende
2005 3175 2066 3221 de
2093 3177 2271 3224 vierde
2299 3180 2358 3226 en
2388 3181 2476 3226 als
2505 3181 2565 3226 nu
2593 3180 2712 3227 uijt
2740 3179 2946 3226 narkijn

946 3286 1144 3334 gecomen
1172 3285 1228 3331 te
1256 3283 1369 3329 zijn
1396 3281 1509 3327 mede
1537 3279 1791 3326 brengende
1817 3280 1930 3329 voor
1958 3284 2213 3336 Cangasoen
2239 3292 2520 3342 naervoegen
2548 3297 2973 3351 Coopmanschappen
2997 3309 3069 3358 /.

964 3434 1184 3489 15000:
1219 3429 1437 3478 Cattij
1472 3424 1654 3474 witte
1689 3421 1870 3473 Rouwe
1906 3427 2087 3476 zijde

1082 3540 1184 3587 50:
1217 3537 1422 3584 Cattij
1455 3535 1660 3582 Boghij
1692 3532 1864 3580 zijde

1046 3649 1159 3701 750
1194 3647 1234 3692 p
1268 3642 1458 3692 witte
1494 3641 1794 3690 pelinghs

1038 3767 1163 3820 423
1202 3765 1244 3810 p
1284 3763 1448 3809 duwo
1486 3757 1777 3805 pangies

981 3884 1149 3939 3650
1189 3880 1233 3928 p
1273 3869 1611 3922 sabitaas

1050 4002 1173 4055 182
1212 3999 1254 4046 d
1291 3990 1494 4042 witte
1532 3988 1774 4036 Gilems

1060 4132 1198 4182 442
1243 4127 1290 4175 l
1332 4111 1699 4168 damassen

968 2902 1038 2952 en

126 3928 149 3973 n
