3553 4917
2785 345 2994 393 654

854 543 1197 597 suijckeren
1229 553 1503 608 kennippe
1535 564 1809 613 lijwaten
1842 568 1979 614 ende
2012 569 2183 615 rouwe
2216 569 2421 617 sijde,
2454 573 2796 622 mitsgaders
2827 571 2898 622 de

888 663 1240 713 persiaense
1275 668 1485 718 zijde,
1520 673 1835 722 monteeren
1869 676 2081 723 tsamen
2116 678 2363 729 ontrent
2396 686 2467 733 gl
2501 686 2747 735 250000:
2782 682 2888 731 die

894 776 1017 822 door
1047 777 1140 823 den
1171 778 1386 825 anderen
1416 780 1664 834 weijnich
1692 790 1816 837 ofte
1846 791 1970 837 geen
2000 792 2215 840 winsten
2246 794 2431 841 sullen
2461 796 2645 842 geven,
2676 797 2768 843 due
2799 798 2924 846 Con„

897 891 1290 939 sequintelijck
1319 895 1411 941 ooc
1440 897 1593 945 desen
1621 900 1773 947 Iaare
1802 902 1985 951 minder
2013 908 2316 959 profeijten
2345 914 2406 960 te
2436 915 2649 963 waegten
2677 919 2829 966 zijn,
2858 919 2919 965 so

892 1005 958 1050 is
990 1003 1089 1049 toc
1121 1003 1187 1049 de
1220 1003 1482 1050 tonkinse
1514 1005 1646 1054 znde
1678 1009 1777 1056 den
1809 1011 1940 1062 1„en
1972 1017 2203 1068 vercoop
2235 1023 2270 1070 G
2300 1026 2367 1072 54
2398 1027 2498 1073 per
2530 1026 2694 1073 sicol
2726 1025 2923 1073 minder

898 1113 990 1162 als
1019 1114 1080 1161 't
1110 1115 1351 1162 verleden
1381 1116 1503 1162 Jaer
1532 1117 1804 1166 vercocht,
1833 1122 1925 1167 dat
1954 1123 2015 1169 is
2044 1125 2076 1171 a
2105 1127 2286 1175 9271:,
2316 1130 2437 1176 doch
2465 1130 2528 1176 de
2557 1131 2619 1179 2.
2647 1135 2678 1181 e
2708 1134 2922 1182 vercoop

896 1233 1124 1280 wederom
1156 1232 1385 1279 gehaald
1416 1232 1580 1279 G287:
1612 1233 1743 1279 waer
1776 1233 1874 1279 van
1906 1234 2004 1280 als
2036 1235 2167 1281 alle
2199 1236 2395 1284 andere
2427 1233 2919 1281 Coopmanschappen

909 1351 1003 1399 bij
1033 1350 1219 1397 naeder
1250 1348 1652 1396 Gelegentheijt
1683 1350 1838 1396 uEd:e
1866 1348 2147 1397 pertinent
2178 1348 2394 1396 bericht
2424 1343 2611 1393 gedaen
2641 1341 2797 1387 word,
2827 1342 2953 1390 ins„

903 1462 1129 1516 gelijcx
1159 1460 1447 1508 sodanigen
1478 1463 1669 1511 eijsch
1701 1465 1797 1513 van
1827 1468 2305 1520 Coopmanschappen
2334 1468 2464 1516 voor
2495 1468 2559 1514 't
2590 1462 2915 1512 aenstaande

902 1576 1031 1625 Iaer
1062 1574 1127 1620 in
1157 1575 1221 1621 te
1253 1575 1508 1625 stellen,
1540 1580 1635 1626 als
1667 1581 1795 1631 naer
1826 1586 2018 1635 goeden
2049 1585 2304 1636 overlegh
2336 1582 2527 1630 Connen
2558 1574 2845 1626 Begrijpen
2877 1574 2979 1625 met

909 1693 1209 1740 prolleijt
1242 1692 1309 1738 te
1341 1692 1608 1740 verturen
1641 1695 1809 1745 wesen
1835 1695 1942 1746 zal

314 1893 683 1949 Belangende
719 1899 831 1946 den
867 1900 1163 1954 tonkinse
1197 1908 1421 1961 handel
1457 1916 1532 1961 is
1568 1916 1753 1962 desen
1790 1916 1975 1963 Jaare
2011 1919 2123 1966 met
2159 1922 2233 1969 ho
2269 1925 2602 1977 gewenscht
2638 1932 2749 1978 als
2786 1932 2934 1981 ver„

906 2023 1057 2070 hoopt
1085 2019 1447 2067 uijtgevallen
1476 2019 1537 2066 zo
1566 2020 1627 2066 om
1656 2018 1717 2064 de
1746 2017 1898 2069 laate
1926 2025 2227 2077 aenteeinge
2256 2033 2348 2082 der
2376 2036 2526 2083 zijde
2555 2035 2766 2081 wormen,
2795 2033 2886 2079 den

883 2132 1109 2183 grooten
1139 2134 1297 2180 debit
1328 2133 1520 2180 vanden
1550 2136 1742 2182 Comins
1772 2138 1868 2185 als
1898 2140 1962 2185 de
1993 2140 2406 2188 verhinderinge
2436 2144 2532 2190 der
2563 2144 2848 2196 Chinesen,

904 2249 1040 2295 waer
1074 2249 1176 2295 van
1210 2250 1313 2296 den
1346 2248 1755 2296 oppercoopman
1788 2246 2164 2293 Bronckhorst
2197 2244 2300 2292 bij
2333 2244 2505 2294 sijne
2537 2247 2776 2295 missive
2810 2246 2916 2293 aen

911 2369 1008 2417 C:o
1039 2365 1200 2412 hetke
1231 2366 1553 2414 Gouverneur
1583 2366 1875 2414 Francouis
1905 2368 2066 2414 Caron
2097 2367 2227 2412 uijt
2258 2365 2483 2411 tonkin,
2514 2362 2611 2410 als
2644 2361 2837 2408 uEd:le

901 2484 998 2529 van
1026 2480 1159 2529 hier
1190 2478 1577 2525 dueaengaande
1609 2478 1771 2524 largo
1801 2479 1995 2526 berugt
2027 2481 2189 2529 doet,
2220 2484 2317 2530 dat
2349 2482 2511 2530 alles
2541 2479 2639 2525 mes
2670 2473 2994 2524 tegenotaan

906 2596 968 2646 't
999 2601 1244 2647 verleden
1272 2599 1458 2647 handel
1489 2599 1643 2645 gesij
1673 2599 1734 2645 in
1763 2597 1949 2644 tonkin
1979 2597 2102 2645 niet
2132 2600 2194 2647 't
2224 2602 2470 2649 eenemael
2500 2602 2715 2647 gelijck
2744 2598 2963 2645 verhald

915 2717 984 2763 't
1017 2716 1288 2764 hoochste
1321 2716 1457 2764 oogh
1490 2713 1592 2759 wit
1626 2712 1930 2760 getroffen
1964 2712 2066 2760 is,
2097 2714 2167 2762 zo
2200 2715 2470 2763 bevinden
2503 2712 2707 2759 echtek
2737 2706 2842 2757 die

904 2832 1153 2888 negotie
1188 2830 1258 2876 de
1293 2824 1750 2874 principaalste
1783 2824 1997 2877 haruie
2030 2832 2171 2878 ende
2205 2829 2487 2877 stemisel
2522 2829 2628 2875 van
2662 2825 2878 2876 Japan,

904 2951 974 3000 in
1007 2949 1243 2995 gevolge
1276 2950 1444 2997 uEd:e
1477 2950 1679 2997 oocten
1711 2949 1948 2997 recgten
1981 2946 2384 2994 serieuselijk
2418 2944 2894 2998 recommandeeren

901 3069 1005 3117 die
1038 3066 1384 3116 importante
1417 3063 1625 3110 saacke
1659 3066 2038 3117 wijselijcke
2071 3069 2417 3116 Gedirigert
2451 3067 2589 3114 ende
2620 3064 2870 3112 Beleijt

902 3186 1099 3236 werde,
1130 3184 1424 3231 derhalven
1457 3186 1555 3232 tot
1586 3186 1979 3234 voldoenninge
2010 3190 2141 3237 uwer
2172 3192 2368 3238 Ed:len
2400 3186 2661 3238 Beveelen
2691 3184 2793 3232 bij
2822 3188 2954 3237 mis=

900 3304 1028 3351 sive
1060 3305 1157 3350 aen
1188 3305 1220 3351 d
1250 3303 1284 3349 E
1316 3299 1444 3347 heer
1475 3296 1635 3344 Caron
1667 3299 1733 3345 om
1763 3302 1988 3350 welfens
2019 3305 2115 3353 den
2147 3308 2212 3355 E:
2243 3307 2371 3356 over
2403 3307 2467 3352 't
2499 3306 2659 3352 water
2690 3302 2915 3350 volgens

908 3425 1074 3474 uEd:e
1105 3419 1305 3469 intent
1337 3417 1472 3464 daer
1504 3418 1570 3463 op
1603 3417 1835 3469 naerder
1868 3424 1968 3472 ten
2000 3428 2233 3476 meesten
2266 3431 2498 3480 dienste
2530 3435 2696 3481 vande
2729 3435 2930 3487 Comp:e

918 3541 984 3588 te
1014 3536 1212 3585 letten
1243 3534 1345 3580 ons
1374 3535 1604 3582 Guoelen
1637 3535 1865 3583 breeder
1897 3538 1963 3585 er
1995 3539 2291 3588 tendieken

359 3736 593 3793 tressen
626 3748 727 3797 der
759 3749 960 3798 pamado
992 3748 1059 3794 is
1089 3746 1159 3794 op
1191 3746 1326 3793 12:'
1359 3747 1660 3795 september
1692 3750 2126 3800 g'effectueert
2158 3752 2293 3798 ende
2325 3753 2627 3801 s'anderen
2659 3751 2862 3801 daechs

902 3870 969 3916 de
1000 3864 1368 3914 packhuijsen
1400 3861 1734 3911 ontsegeld,
1767 3862 2033 3910 geopent,
2066 3865 2199 3911 ende
2232 3866 2566 3916 preparatie
2598 3866 2699 3913 tot
2730 3863 2899 3910 begin

902 3978 1099 4026 vanden
1131 3975 1326 4022 handel
1358 3970 1619 4020 gemaact,
1651 3969 1815 4016 onder
1846 3972 1912 4020 't
1944 3975 2172 4022 maacken
2204 3976 2400 4024 vanden
2432 3979 2595 4025 prijs
2627 3979 2855 4028 toonden

898 4094 1009 4143 hun
1045 4096 1119 4144 de
1154 4094 1447 4142 hooffden
1483 4091 1593 4139 der
1628 4091 2031 4144 vijffsteden
2068 4097 2288 4144 gansch
2323 4098 2653 4146 miswecht,
2688 4098 2911 4145 seggen

914 4215 1051 4264 rond
1085 4214 1221 4260 uijt
1255 4213 1357 4259 met
1390 4211 1663 4258 voordaen
1695 4212 1731 4259 t
1763 4211 1867 4258 seo
1900 4214 2104 4262 cleene
2137 4217 2375 4266 partije
2409 4221 2581 4271 rouwe
2613 4225 2783 4272 zijde

2326 4376 2567 4429 aende
2611 4372 2950 4420 werck/.
