3567 4801
2791 554 2959 614 891

564 563 895 615 octobr.
935 555 1125 615 Anno
1170 550 1361 600 1645

977 775 1035 824 60
1060 767 1443 819 bhaerspiaulter
1470 766 1526 812 49
1552 767 1688 815 bhaer
1716 770 1798 815 pan
1824 771 1989 819 shinna
2015 775 2071 822 &.
2095 776 2125 823 a
2151 775 2451 825 onverkocht,
2479 776 2751 825 sijluijden
2778 777 2945 825 hadden

970 879 1020 924 om
1044 872 1246 923 hetouren
1270 871 1320 916 te
1345 869 1521 915 becomen
1545 869 1696 915 eenige
1720 870 2121 918 Ctoopmanschapven
2146 873 2247 919 been
2271 875 2421 921 leviel
2446 876 2796 923 uyjtgelevert,

861 1038 979 1088 Soo
1012 1028 1092 1080 d'
1129 1021 1282 1071 onse
1320 1017 1625 1065 vernamen
1663 1017 1777 1063 sal
1815 1016 1930 1062 den
1967 1017 2310 1064 deenschen
2348 1017 2729 1064 Commandeur
2766 1013 2996 1064 Willem

934 1126 1068 1174 veyel
1094 1124 1176 1171 met
1201 1123 1256 1169 't
1283 1121 1417 1168 schip
1443 1117 1712 1166 Cristiaens
1738 1116 1899 1162 haven,
1926 1116 2033 1161 ende
2060 1116 2141 1162 een
2168 1117 2597 1165 proverCargasoent
2623 1119 2704 1164 gen
2730 1116 2812 1164 Van

958 1227 1301 1279 Trangebaerein
1326 1226 1486 1273 Corten
1511 1224 1617 1270 naer
1643 1220 1880 1269 Maccassar
1906 1219 2171 1266 navijeren,
2196 1222 2302 1269 ende
2328 1223 2407 1268 den
2433 1223 2618 1268 Coopman
2643 1221 2802 1267 poulus
2828 1218 3019 1267 Nielsen

967 1348 1050 1396 met
1075 1345 1103 1390 8
1128 1336 1372 1390 duijtsche
1398 1331 1615 1380 soldaten
1641 1329 1750 1376 ende
1776 1327 1939 1374 eenige
1965 1325 2154 1372 swarten
2179 1323 2235 1370 in
2261 1320 2559 1367 Trangebouke
2585 1318 2694 1365 omme
2720 1316 2883 1365 'tfort
2908 1310 2964 1360 te

963 1449 1264 1508 bewaeren,
1297 1436 1664 1492 verblijven.

801 1630 847 1677 Ag
866 1627 892 1674 5
906 1614 980 1670 tot
999 1609 1069 1657 8d.
1090 1607 1114 1653 o
1134 1603 1226 1651 miet
1246 1598 1539 1647 remarcquabels
1561 1595 1830 1642 voorgevallen
1851 1594 1919 1640 den
1941 1592 2009 1638 vij
2030 1590 2120 1636 anet
2143 1589 2187 1635 ds
2210 1586 2367 1634 eelijck
2387 1585 2456 1631 toe
2477 1583 2679 1629 dwoersche
2702 1577 2836 1628 maelen

960 1705 1029 1756 met
1047 1695 1291 1748 vuerwercken
1312 1692 1465 1740 ontrent
1486 1685 1728 1737 palliacatta
1748 1682 1880 1730 doende
1902 1682 2077 1728 geweest,
2099 1683 2186 1729 doch
2208 1684 2252 1729 't
2273 1682 2340 1729 goe
2361 1681 2427 1727 sij
2448 1679 2536 1725 loff
2557 1676 2645 1723 geen
2666 1669 2820 1721 schaede
2841 1665 2973 1713 konnen

953 1795 1300 1856 uijtwercken

814 1946 863 1995 An
881 1942 909 1989 9
925 1933 977 1984 d.
996 1930 1022 1976 o
1040 1919 1158 1972 gaven
1180 1916 1249 1962 met
1270 1905 1545 1960 communicatie
1566 1903 1614 1950 en
1636 1897 1864 1948 goetvinden
1887 1896 1956 1942 van
1977 1893 2047 1941 den
2069 1890 2184 1937 Raedt
2206 1889 2252 1934 d'
2274 1883 2503 1934 ovdicheijt
2523 1879 2594 1928 van
2615 1876 2662 1923 's
2682 1867 2799 1920 Jacht
2821 1865 2868 1911 de

956 2018 1193 2080 waterhoudt
1216 2014 1310 2062 haer
1331 2005 1520 2058 afscheyt
1542 2001 1614 2049 met
1634 1995 1754 2044 ordre
1774 1990 1870 2040 ende
1893 1983 2198 2034 recommandatie
2221 1983 2291 2028 soo
2313 1981 2362 2028 't
2385 1980 2479 2026 weer
2501 1972 2760 2024 eenichsints
2780 1961 2946 2016 toelaet

951 2132 1022 2182 ter
1041 2121 1156 2175 rhede
1175 2116 1245 2165 soo
1266 2110 1379 2159 lange
1401 2106 1447 2154 te
1468 2095 1716 2149 verblijven,
1735 2090 1805 2139 tot
1826 2086 1895 2134 dat
1915 2084 2006 2130 omme
2029 2084 2074 2129 te
2095 2079 2321 2128 vertrecken
2342 2074 2500 2123 naerder
2520 2071 2634 2119 ordre
2655 2065 2836 2116 becomen,
2856 2060 2948 2110 ende

954 2228 1030 2276 dat
1052 2223 1130 2271 ten
1152 2211 1353 2266 Insichte
1377 2210 1452 2256 off
1475 2208 1527 2255 't
1551 2205 1726 2252 verwach
1750 2200 1801 2249 te
1824 2194 1950 2243 schip
1973 2190 2050 2239 van
2074 2188 2174 2235 Bat.
2197 2186 2224 2232 a
2247 2184 2323 2230 mid
2347 2177 2597 2228 delerwijle
2619 2170 2746 2221 quame
2769 2167 2827 2215 te

941 2318 1295 2376 parresseren

746 2474 781 2524 N
802 2462 860 2513 20
882 2452 967 2504 d.o
990 2445 1101 2494 miet
1127 2431 1478 2489 remarcquabels
1504 2429 1531 2475 d
1557 2420 1830 2474 orgevallen

743 2643 796 2694 An
819 2638 869 2685 10
888 2630 941 2680 d.
962 2626 990 2672 o
1013 2623 1063 2669 ds
1083 2617 1160 2666 met
1181 2610 1402 2661 resolutie
1425 2602 1572 2654 vanden
1595 2598 1718 2646 Raedt
1742 2597 1791 2642 't
1815 2595 1937 2642 Jacht
1958 2592 2010 2640 en
2033 2585 2301 2636 waterhoneds
2326 2581 2399 2630 van
2421 2579 2520 2625 deer
2543 2573 2666 2623 rhebe
2689 2564 2909 2617 adracture

953 2719 1057 2775 naer
1079 2708 1278 2763 BBatavia
1301 2695 1573 2752 Vertrocken,
1596 2690 1720 2739 synde
1743 2684 1917 2734 beladen
1940 2681 2015 2728 met
2039 2680 2113 2726 een
2137 2673 2384 2724 Cargasoent
2407 2672 2482 2717 gen
2506 2670 2703 2718 Monteren
2776 2672 3049 2719 13563191

952 2822 1175 2879 bestaende
1198 2818 1248 2866 In
1271 2813 1346 2862 339
1367 2802 1517 2856 packen
1538 2792 1785 2846 diweersche
1808 2784 2054 2837 soeteringe
2077 2783 2151 2829 van
2168 2777 2224 2829 1.
2246 2769 2395 2820 Cleden
2419 2768 2541 2814 44643
2564 2766 2614 2813 lb
2638 2758 2981 2810 gerasfineerden

931 2924 1141 2983 salpeser
1166 2919 1271 2968 9017
1294 2914 1349 2962 lb
1372 2905 1530 2958 Indigo
1556 2900 1685 2949 16199
1711 2898 1764 2945 lb
1789 2889 2023 2942 boscruijt
2048 2886 2153 2933 3900
2177 2883 2256 2930 stx
2281 2869 2593 2927 hochevellen,
2618 2867 2671 2913 en
2696 2865 2723 2910 6
2748 2862 2827 2910 str
2852 2857 3008 2906 slaven

947 3032 1042 3082 ende
1061 3017 1296 3075 slavinnen,
1316 3012 1388 3062 den
1410 3002 1643 3057 almogenden
1664 2995 1828 3047 gelieve
1848 2990 1989 3040 gemete
2012 2986 2128 3035 Jacht
2151 2984 2221 3031 met
2242 2981 2337 3028 sijn
2357 2976 2568 3026 Ingeladen
2590 2957 2892 3020 Cargasoentgen

931 3135 1058 3192 salvo
1079 3130 1131 3178 te
1152 3117 1376 3174 geleijden

722 3270 806 3322 Aen
827 3259 885 3310 12
907 3249 992 3301 do.
1015 3239 1153 3291 Weren
1178 3223 1663 3282 voorseeckerbericht
1689 3217 1878 3268 Chuamaa
1905 3216 2039 3262 Veder
2066 3215 2174 3261 Naer
2198 3211 2389 3260 sinkier
2415 3204 2577 3255 Commee
2602 3196 2819 3248 leijcken
2844 3192 2930 3240 tot

944 3337 1115 3389 d'langh
1137 3329 1357 3381 Voordesen
1381 3319 1769 3373 gecontroicteerde
1793 3315 1891 3363 ende
1914 3310 2109 3360 beloofde
2131 3307 2351 3354 penningen
2375 3303 2521 3351 Aenden
2544 3297 2715 3348 Coninck
2738 3296 2812 3341 van
2835 3293 3056 3340 Carnatica

933 3439 983 3486 te
1007 3433 1202 3483 bewegen)
1225 3425 1470 3477 vertrocken
1493 3423 1592 3470 was,
1615 3421 1713 3467 ende
1737 3417 1933 3466 bevorens
1956 3416 2054 3463 sijn
2078 3410 2274 3460 vertreck
2297 3407 2420 3454 aende
2443 3406 2566 3452 mags.
2589 3405 2615 3451 t
2638 3403 2760 3450 vaste
2784 3393 2955 3448 belofte

942 3543 1098 3597 gedaen
1122 3534 1276 3587 heeft,
1299 3530 1378 3579 bij
1403 3526 1557 3575 aldien
1582 3524 1659 3570 met
1684 3522 1736 3568 d'
1761 3518 2016 3567 hollanders
2042 3517 2093 3563 in
2117 3515 2195 3562 een
2218 3512 2322 3559 goet
2346 3506 2501 3557 accort
2524 3500 2654 3549 quame
2678 3497 2730 3544 te
2755 3488 2911 3541 treden

931 3651 1034 3707 sijn
1056 3640 1229 3694 gemelte
1253 3635 1376 3684 magh.
1400 3634 1498 3680 25O.
1522 3632 1620 3678 doch
1644 3629 1767 3677 sulcx
1792 3628 1890 3674 niet
1914 3623 2233 3673 geschiedende,
2256 3623 2355 3669 ende
2379 3620 2453 3667 tot
2476 3615 2576 3664 sijn
2599 3605 2820 3658 voornemen
2843 3602 2948 3649 door

941 3754 1119 3807 gewerdt
1142 3746 1296 3798 cunnen
1319 3740 1549 3790 geraecken
1572 3741 1649 3789 55@
1673 3740 1851 3788 pagoden
1874 3733 2103 3784 opbrengen
2128 3730 2255 3778 sall,
2279 3729 2330 3774 en
2354 3725 2482 3774 alsoo
2506 3723 2583 3770 met
2607 3722 2659 3768 d'
2683 3718 2810 3766 hulpe
2835 3711 2963 3763 godes

945 3866 1047 3918 noch
1067 3860 1145 3910 tot
1166 3857 1218 3904 't
1242 3854 1317 3901 een
1340 3850 1440 3898 noch
1462 3847 1514 3894 't
1537 3846 1661 3891 ander
1684 3844 1833 3890 eenige
1857 3840 2104 3889 apparentie
2127 3837 2227 3885 voor
2250 3834 2326 3882 hem
2349 3829 2547 3879 Chinanna
2570 3821 2843 3874 Voorhanden,
2867 3819 2916 3865 en

931 3980 1018 4030 bij
1043 3964 1354 4023 mancquement
1381 3960 1467 4008 van
1493 3957 1607 4003 dien
1635 3953 1973 4001 g'accordeert
1997 3952 2056 3999 Is
2084 3950 2282 3997 gemelte
2309 3951 2366 3998 55
2393 3949 2450 3995 Op
2476 3943 2646 3993 agoden
2673 3939 2730 3986 op
2757 3931 3011 3983 kengensal

938 4089 1085 4141 echter
1107 4085 1158 4133 te
1181 4074 1499 4129 contribueren,
1521 4071 1596 4118 soo
1620 4065 1840 4115 vertrouwe
1863 4062 2034 4110 eijnten
2058 4061 2156 4107 door
2180 4059 2254 4105 den
2277 4056 2426 4105 maijs.
2447 4059 2473 4105 t
2495 4045 2862 4103 geconstringeert
2885 4042 2959 4089 sal

935 4198 1115 4253 werden,
1136 4192 1190 4242 d'
1214 4185 1392 4236 geheele
1415 4178 1543 4229 somme
1567 4176 1619 4222 op
1643 4174 1695 4220 te
1719 4170 1921 4218 brengen,
1946 4169 1997 4215 't
2022 4166 2149 4213 welcq
2172 4164 2224 4211 in
2249 4156 2502 4209 diervougen
2526 4152 2628 4200 naer
2653 4149 2756 4196 alle

943 4290 1161 4348 aarentie
1187 4286 1296 4334 niet
1320 4281 1457 4330 langh
1483 4276 1646 4325 gaende
1672 4272 1834 4320 houden
1860 4269 1969 4317 kan,
1996 4270 2103 4316 maer
2130 4269 2211 4315 hem
2237 4260 2454 4313 theffens
2480 4258 2534 4304 in
2561 4256 2723 4303 Corten
2749 4254 2830 4300 tot
2856 4250 3019 4299 ruijne

926 4392 1183 4448 brengen
1217 4386 1328 4435 sal
