3560 4958
1278 785 1460 833 ende
1503 788 1958 837 destructie
1998 790 2139 839 van
2182 793 2410 840 haren
2454 795 2772 841 handel,
2808 795 3317 849 ondernomen,

1261 904 1431 950 waer
1473 899 1643 948 over
1685 896 1856 942 uEd:
1897 897 2238 945 gevalle,
2280 900 2451 951 ende
2490 906 2705 953 ordre
2745 902 3129 957 hoedanich
3170 900 3301 948 ons

1212 1018 1390 1074 hier
1430 1005 1739 1060 tegens,
1782 1005 1957 1051 ende
2000 1005 2219 1053 deser
2262 1006 2568 1053 vrunden
2611 1006 2874 1052 verder
2917 994 3310 1051 opgeraept

1263 1123 1437 1172 ende
1480 1113 1957 1168 g'usurpeert
2000 1111 2218 1157 recht
2260 1111 2391 1159 van
2433 1110 2826 1159 possessie
2867 1103 3042 1153 ende
3085 1100 3347 1148 Juris„

1257 1242 1595 1297 „dictie,
1636 1238 1849 1287 onder
1889 1235 2188 1283 pretece
2230 1233 2357 1279 van
2400 1232 2527 1278 hem
2569 1229 2738 1276 over
2779 1227 2992 1274 lange
3034 1227 3374 1276 resident

1260 1359 1350 1408 in
1392 1352 1482 1402 d'
1524 1346 1789 1395 Landen
1833 1346 1965 1392 van
2009 1346 2317 1394 madura,
2361 1348 2537 1395 daer
2580 1344 2713 1392 van
2755 1340 2888 1387 bij
2931 1335 3064 1385 den
3107 1329 3382 1379 mijnen

1243 1466 1351 1520 pr
1401 1451 1868 1506 heemstede
1919 1445 2645 1500 gementioneert,
2665 1440 2850 1489 met
2901 1428 3371 1484 verlangen

1240 1572 1374 1620 sal
1418 1562 1908 1615 affwachten,
1951 1562 2218 1610 sijnde
2261 1558 2530 1609 eenige
2573 1545 2841 1602 daegen
2884 1528 3285 1588 voorleden

1255 1685 1435 1731 vier
1480 1680 1886 1730 portugese
1930 1677 2472 1729 vaertuijghen
2516 1669 2831 1725 geladen
2873 1660 3011 1712 met
3054 1645 3372 1704 ontrent

1267 1797 1396 1850 200
1438 1793 1734 1841 bhaeren
1774 1795 1986 1844 peper
2027 1800 2196 1848 voor
2237 1803 2364 1851 St.
2399 1795 2658 1852 Thomee
2699 1781 3163 1839 aengelandt,
3203 1783 3379 1830 daer

1251 1914 1387 1965 van
1432 1912 1568 1959 wel
1612 1910 1974 1958 apparent
2018 1909 2244 1957 goede
2283 1898 2604 1953 partije
2648 1892 2829 1942 naer
2872 1879 3326 1937 Bengaelen,

1244 2030 1430 2087 omme
1474 2028 1748 2074 aldaer
1794 2028 1885 2073 te
1926 2014 2522 2073 benificeeren,
2565 2009 2840 2060 sullen
2885 1991 3341 2054 vervoeren,

1242 2147 1375 2198 des
1417 2143 1507 2191 te
1549 2137 1725 2186 meer
1768 2136 1900 2183 dan
1943 2134 2206 2181 nodigh
2249 2132 2512 2180 achte,
2554 2126 2687 2176 van
2726 2121 2862 2169 die
2904 2110 3167 2165 specie
3209 2101 3343 2154 tot

1254 2277 1334 2324 d'
1370 2267 1529 2320 hier
1567 2260 1764 2310 voren
1801 2249 2116 2303 g'eijste
2154 2236 2585 2294 quantiteijt
2624 2225 3094 2284 geprovideert
3133 2214 3370 2268 werden

1248 2395 1418 2451 omme
1458 2390 1585 2439 dan
1626 2389 1712 2434 d'
1753 2383 2047 2435 suijder
2088 2377 2508 2427 quartieren
2549 2373 2634 2421 jn
2675 2358 3095 2416 tansjouwer
3137 2353 3306 2404 ende

1255 2518 1540 2575 madure
1587 2513 1776 2561 naer
1822 2511 1918 2558 d'
1965 2500 2344 2556 presente
2390 2480 2912 2543 constitutie
2957 2471 3101 2523 van
3142 2459 3337 2514 onse

1250 2631 1469 2687 cacre
1511 2628 1599 2675 te
1634 2610 2118 2672 secoureren,
2161 2606 2336 2654 daer
2376 2602 2552 2653 door
2581 2588 3115 2645 d'resterende
3158 2576 3333 2632 ende

1225 2737 1611 2799 weijnigh
1658 2722 2091 2780 getrocken
2138 2705 2861 2767 Coopmanschappen
2908 2686 3343 2748 derwaerts

1262 2865 1603 2924 t'eerder
1640 2849 1898 2908 schoot
1938 2847 2025 2893 te
2065 2841 2236 2890 doen
2278 2833 2531 2884 nemen,
2574 2831 2743 2878 ende
2785 2827 2996 2876 alsoo
3035 2820 3165 2871 den

1219 2990 1506 3049 handel
1552 2977 1887 3034 buijten
1933 2954 2553 3020 verachteringe
2599 2953 2696 3000 te
2742 2948 3077 3000 houden,
3124 2942 3317 2992 sijn

1259 3117 1358 3171 te
1402 3110 1596 3161 rade
1642 3106 2024 3154 gewerden
2071 3097 2357 3149 tjacht
2404 3083 2976 3143 grijpskercke
3024 3074 3310 3127 nevens

1272 3242 1361 3289 d'
1397 3227 1713 3286 Chaloup
1755 3221 1978 3272 Cleen
2022 3215 2375 3266 pijpelij
2418 3199 2816 3259 andermael
2856 3195 3036 3243 naer
3079 3188 3346 3240 cartal

1248 3374 1339 3424 te
1380 3352 1824 3416 largeeren,
1867 3345 2044 3395 ende
2088 3338 2265 3389 daer
2307 3333 2485 3382 mede
2529 3332 2662 3382 p/a
2706 3329 2883 3380 9000
2925 3320 3103 3371 ende
3145 3307 3371 3362 reacl

1246 3506 1380 3561 van
1422 3496 1553 3547 d„r
1595 3487 1770 3540 2000
1812 3470 2204 3530 derwaerts
2246 3466 2334 3513 te
2375 3460 2769 3510 schicken,
2810 3435 3334 3504 dienvolgende

1243 3619 1377 3673 dan
1419 3613 1506 3660 op
1546 3604 1679 3656 van
1721 3595 1896 3647 dage
1933 3587 2113 3638 uijt
2154 3580 2329 3629 dees
2372 3578 2589 3624 reede
2633 3573 2850 3623 staet
2892 3571 2980 3617 te
3023 3558 3371 3614 vertreck

1248 3734 1394 3785 wat
1440 3724 1635 3777 daer
1681 3711 1973 3767 nevens
2020 3698 2407 3754 gemelten
2453 3685 2744 3741 vander
2789 3671 3083 3727 neijde
3124 3670 3322 3722 ende

1213 3842 1629 3909 Trackouw
1678 3835 1836 3887 tot
1884 3821 2145 3877 nader
2194 3813 2455 3865 ordre
2505 3806 2712 3858 ende
2739 3783 3281 3848 regulement

1245 3950 1756 4020 aenschrijve,
1796 3940 2095 3993 gelieve
2137 3937 2307 3985 wed:
2349 3933 2519 3982 uijt
2560 3928 2647 3977 d'
2683 3920 2816 3971 bij
2858 3904 3240 3965 gevoughde

3226 4021 3252 4067 „

1248 4077 1545 4137 copie
1603 4059 2198 4119 brieffkens
2255 4062 2374 4108 Te
2429 4034 2908 4107 Beooghen

1252 4205 1452 4258 daer
1478 4199 1651 4248 toe
1686 4194 1850 4242 mij
1889 4190 2149 4238 oock,
2196 4186 2447 4235 onder
2491 4185 2547 4231 t
2591 4179 2746 4230 wel
2795 4165 3196 4223 gevallen

1243 4337 1433 4397 van
1490 4329 1739 4379 uEd:
1800 4318 2294 4374 referere

558 298 793 366 Julio
838 293 977 340 ao.
1023 293 1208 341 1646

1838 470 2276 519 Jonckm

2879 473 3074 519 164
