3505 4801
2737 493 2964 563 1006

1035 623 1374 675 Nadick
1428 631 1711 685 china
1764 633 2048 680 heeft
2103 630 2609 682 voorleden
2661 629 2896 677 Iaer

966 731 1132 779 niet
1174 734 1340 780 meer
1381 736 1507 785 als
1547 741 1589 786 6
1630 738 1755 785 1/8
1795 733 1880 783 en
1920 730 2045 776 ind
2087 730 2170 775 27
2211 728 2336 775 p=r
2377 728 2585 777 cento
2626 722 2917 776 advance

954 840 1309 899 gegeven,
1353 838 1752 886 oorsaacke
1795 836 1885 882 jn
1926 833 2327 883 staijovan
2370 832 2504 882 tot
2546 832 2947 881 cijvuelen

964 952 1196 1003 prijs
1236 943 1705 997 ingecocht,
1751 942 1936 988 ende
1983 940 2168 987 hier
2214 940 2353 986 wel
2398 940 2492 988 75
2537 941 2677 987 ten
2722 931 3048 987 hondert

943 1060 1271 1113 dierder
1317 1045 1831 1101 gedebiteert
1877 1039 1971 1088 is

2867 1188 3021 1248 e

871 1240 1098 1294 Vande
1141 1240 1595 1287 Bevindinge
1639 1240 1776 1287 der
1822 1237 2365 1286 aengebrachte
2406 1240 3044 1292 Coopmanschapp.

941 1345 1176 1397 hebbe
1221 1342 1362 1390 Bij
1408 1339 1641 1387 mijne
1684 1332 2152 1384 voorgaende
2197 1333 2337 1378 ten
2380 1330 2616 1378 veele
2661 1331 3081 1386 gesproock

930 1448 1099 1496 ende
1141 1445 1310 1494 seer
1352 1443 1733 1490 gedoleert
1773 1440 1944 1486 over
1986 1441 2071 1487 d'
2111 1435 2577 1487 Bruijnheijt
2619 1435 2746 1482 der
2788 1435 3042 1481 folije

938 1541 1493 1604 slechticheijt
1534 1536 1664 1584 der
1706 1530 2005 1580 nooten,
2046 1532 2219 1580 ende
2259 1537 2515 1585 groote
2558 1533 3070 1587 vochticheijt

945 1660 1087 1713 der
1132 1643 1455 1702 Nagelen
1500 1639 1639 1687 als
1684 1635 1870 1684 mede
1915 1633 2054 1680 het
2100 1634 2377 1680 menich
2423 1633 2746 1679 vuldige
2789 1634 3025 1683 stoff

954 1748 1141 1798 ende
1187 1739 1468 1792 gruijs
1514 1736 1701 1783 daer
1748 1733 1982 1782 onder
2028 1731 2449 1778 vermenght
2494 1730 2776 1777 twelck
2822 1725 2965 1774 bij

942 1858 1167 1912 desen
1210 1844 1702 1900 repiteeren,
1746 1841 1836 1887 op
1878 1838 2015 1886 dat
2059 1835 2328 1884 ued=ts
2371 1835 2551 1882 daer
2594 1832 2685 1879 in
2727 1822 3043 1877 gelieve

923 1965 1018 2018 te
1045 1954 1344 2028 versien
1386 1948 1513 1998 soo
1554 1940 1724 1991 veel
1765 1934 2145 1984 mogelijck
2186 1933 2314 1979 is,
2353 1927 2566 1980 offte
2608 1924 2693 1971 te
2734 1923 3075 1973 gedulden

942 2071 1089 2123 dat
1131 2055 1476 2115 d'selve
1523 2053 1717 2099 daer
1763 2045 1959 2097 naer
2005 2038 2393 2088 vercocht
2428 2036 2683 2084 offte
2731 2025 2973 2081 stoff

936 2166 1131 2220 daer
1173 2158 1371 2209 uijt
1415 2150 1804 2203 gelaten,
1850 2141 2044 2194 ende
2091 2137 2237 2184 wel
2282 2131 2573 2183 droogh
2621 2117 3008 2174 gelevert

944 2266 1270 2319 werden,
1316 2265 1456 2311 dat
1502 2260 1642 2309 aen
1687 2255 1782 2304 d'
1828 2248 2015 2297 eene
2059 2246 2248 2294 kant
2293 2243 2526 2293 groot
2572 2238 3039 2286 onderwicht

947 2372 1032 2417 en
1073 2368 1203 2417 aen
1244 2365 1331 2412 d'
1371 2357 1586 2408 ander
1628 2346 1841 2401 sijde
1882 2346 2011 2392 een
2052 2337 2309 2390 laegen
2351 2333 2565 2382 prijs
2606 2332 3076 2380 veroorsaack

936 2478 1157 2527 sal

926 2652 1312 2716 Behalven
1359 2671 1697 2718 tgroodt
1745 2668 2227 2717 onderwicht
2275 2669 2420 2715 dat
2468 2668 2566 2715 d'
2607 2669 2901 2719 Comp=e

981 2753 1078 2804 op
1111 2749 1557 2804 d'nagelen
1604 2743 1844 2791 gehat
1892 2741 2132 2789 heeft
2173 2747 2322 2794 soo
2370 2732 2901 2792 verclarende

945 2830 1446 2893 Coopluijden,
1484 2830 1612 2877 dat
1653 2828 1737 2874 op
1777 2823 1946 2873 jder
1979 2819 2155 2867 sack
2195 2821 2320 2868 van
2361 2821 2487 2868 180
2528 2821 2655 2868 lb.
2687 2811 2736 2858 a
2776 2800 2913 2855 jnt

2867 2856 3050 2910 l

885 2941 1229 3012 Brengen
1273 2929 1472 2984 uijt
1517 2922 1618 2972 d'
1665 2914 1909 2967 logie
1957 2909 2152 2957 naer
2201 2908 2396 2955 haer
2443 2901 2690 2952 huijs
2715 2909 2783 2955 9
2830 2909 2979 2958 lb.

944 3037 1046 3085 in
1094 3023 1557 3082 gedrooght
1604 3008 1812 3065 sijn

937 3203 1119 3251 alle
1163 3198 1256 3246 de
1301 3199 1620 3245 tloosen
1665 3194 1938 3244 leggen
1983 3194 2120 3241 Bij
2165 3196 2348 3242 haer
2393 3195 2575 3242 noch
2619 3195 3075 3244 onvercocht

946 3299 1087 3346 dat
1133 3295 1463 3345 d'selve
1509 3292 1697 3338 niet
1744 3292 1979 3337 Beter
2026 3292 2167 3337 als
2214 3287 2449 3337 goede
2495 3277 2777 3331 rompen

933 3399 1155 3452 sijn.
1197 3393 1464 3443 sullen
1507 3391 1774 3440 uEd=ls
1816 3394 1951 3441 Bij
1993 3393 2083 3440 't
2126 3390 2393 3438 nevens
2436 3390 2704 3437 gaande
2744 3392 3057 3445 monster

929 3505 1224 3571 jndien
1271 3499 1419 3549 jnt
1466 3494 1955 3543 affschepen
2002 3496 2247 3545 ueds
2295 3497 2490 3546 niet
2538 3490 2880 3540 getoont

938 3617 1178 3672 sijn)
1223 3612 1650 3660 oordeelen
1697 3610 2029 3658 connen,
2074 3609 2312 3655 groot
2359 3606 2596 3653 geldt
2642 3598 2974 3651 staande

954 3712 1620 3769 contractanten
1670 3711 2080 3759 (:except
2130 3709 2235 3755 t'
2282 3706 2797 3757 onderwicht
2847 3698 3002 3750 dat

930 3819 1127 3865 door
1160 3813 1767 3864 tvermijteren
1814 3808 2161 3859 subject
2210 3807 2456 3855 sijn)
2505 3807 2703 3853 daer
2751 3802 2851 3852 op
2898 3794 3000 3844 te

900 3911 1473 3979 verliesen

852 4084 1356 4136 sandelhout
1406 4084 1506 4130 is
1555 4081 1656 4128 te
1674 4075 1905 4121 dun,
1955 4074 2155 4120 ende
2201 4071 2404 4118 oock
2448 4072 2605 4120 een
2650 4078 3003 4129 vreemde

942 4174 1240 4221 casta,
1290 4165 1886 4221 diergelijcke
1934 4163 2035 4209 jn
2084 4162 2582 4211 aenstaande
2629 4162 2979 4215 comende

930 4278 1096 4328 sal
1149 4271 1370 4322 geen
1415 4271 1534 4318 15
1587 4266 1753 4315 M=r
1807 4264 1918 4311 de
1972 4254 2467 4307 manhaalen
2518 4253 2851 4301 konnen

2474 4459 2764 4518 den

0 1012 249 1059 twelcq

18 1105 131 1152 16
167 1106 241 1153 lb

0 1532 209 1580 even

0 1598 183 1645 nto

0 2491 156 2541 rs

0 2799 171 2849 er

0 3281 235 3336 acht
