3505 4801
2711 466 2955 541 1003

937 622 1217 674 strandt
1255 623 1336 670 te
1373 623 1614 670 voeren
1652 614 2053 668 mitsgaders
2091 613 2371 660 gemelte
2408 614 2609 660 schip
2648 613 2809 659 daer
2847 611 3009 660 mede

926 734 998 783 (:
1028 725 1136 777 soo
1168 720 1343 768 haast
1378 718 1759 765 doenlijcq:)
1792 717 1897 763 als
1932 717 2001 762 te
2035 713 2209 761 laden
2243 710 2451 758 laeten
2484 708 2555 755 om
2588 704 2659 753 't
2693 700 2936 747 selffde
2969 695 3074 744 wat

924 818 1168 873 vroegh
1205 810 1409 862 sijne
1446 804 1771 855 dispache
1810 803 1891 848 te
1930 797 2132 847 mogen
2170 790 2413 840 geven,
2452 789 2533 834 te
2573 788 2734 834 meer
2774 789 2939 837 over

883 923 1206 987 Wingurla
1245 916 1448 967 heeft
1486 906 1890 960 geschieden
1930 899 2212 951 moeten,
2252 898 2333 944 om
2372 894 2494 942 den
2533 890 2614 938 E.
2654 883 2978 933 cornelis

919 1040 1040 1088 van
1078 1029 1321 1082 saanen
1360 1024 1521 1073 (:op
1561 1015 1722 1068 sijn
1761 1003 2124 1058 versoeck)
2163 998 2324 1047 daer
2364 994 2525 1042 mede
2564 980 3091 1038 t'accomoderen

929 1130 1124 1180 ende
1171 1127 1318 1174 van
1366 1122 1561 1173 daer
1608 1114 1804 1169 naer
1852 1101 2192 1158 Batavia
2239 1094 2338 1144 te
2385 1088 2680 1137 voeren

830 1281 950 1334 Wat
987 1276 1573 1325 Coopmanschappen
1612 1276 1807 1323 led„s
1845 1276 2001 1322 daer
2040 1276 2196 1321 mede
2235 1274 2665 1321 toegesonden
2702 1276 2955 1324 werden

938 1366 1015 1413 en
1050 1355 1281 1409 welcke
1318 1355 1547 1404 ued=ls
1584 1359 1699 1405 met
1736 1359 1812 1405 d'
1847 1345 2306 1404 vogelstruijs
2343 1346 2533 1393 (:die
2570 1343 2723 1391 alle
2760 1338 2989 1388 uijren

934 1453 1062 1502 met
1102 1436 1567 1496 arentsoogen
1607 1435 1694 1481 t'
1734 1431 1988 1481 gemoet
2029 1428 2241 1475 sien)
2283 1425 2367 1473 te
2407 1416 2830 1470 verwachten
2872 1416 3084 1464 staan

917 1551 1150 1605 sullen
1187 1541 1381 1594 ued=e
1418 1535 1574 1585 uijt
1611 1532 1689 1579 d'
1725 1527 1882 1577 twee
1919 1514 2267 1572 distincte
2305 1509 2498 1557 notie
2536 1508 2614 1554 No
2652 1505 2729 1553 15
2767 1499 2922 1549 ende
2960 1493 3039 1543 16

923 1646 1247 1711 gelieven
1286 1643 1367 1690 te
1404 1632 1726 1687 beoogen,
1763 1623 2006 1677 welcke
2046 1619 2126 1666 al
2165 1612 2446 1664 tesamen
2484 1608 2566 1656 in
2605 1605 2725 1652 een
2764 1601 3046 1650 factura

919 1756 1177 1810 hebben
1219 1748 1518 1800 trecken
1559 1739 1815 1792 laaten
1857 1736 1943 1783 (:
1985 1731 2070 1778 om
2111 1728 2240 1776 dat
2281 1723 2410 1772 den
2452 1719 2750 1768 meesten
2792 1710 2963 1764 tijt

895 1861 1105 1920 „tsij
1144 1853 1312 1903 door
1353 1847 1601 1897 abuijs
1642 1846 1684 1892 ^
1723 1838 1849 1890 jnt
1890 1823 2304 1882 alfschepen
2345 1819 2511 1867 offt
2551 1815 2677 1863 opt
2717 1804 2968 1858 laeste

929 1974 1096 2026 door
1136 1962 1463 2018 gebrieck
1503 1959 1627 2007 van
1667 1956 1872 2003 ruijm
1912 1954 1995 2000 te
2034 1948 2281 1998 eenige
2320 1941 2567 1994 packen
2607 1936 2853 1986 moeten
2893 1929 3058 1978 uijt

906 2083 1207 2137 Blijven
1248 2077 1378 2126 die
1420 2072 1720 2120 alreede
1762 2067 1849 2116 jn
1891 2059 2191 2111 factura
2233 2049 2577 2103 gebracht
2618 2041 2833 2093 Sijn,
2875 2037 3048 2086 ende

943 2184 1131 2235 naer
1177 2171 1459 2226 gelapt
1505 2164 1740 2215 werck
1785 2155 2068 2208 geeft,
2114 2153 2349 2201 (waer
2394 2148 2537 2198 van
2583 2143 2724 2192 een
2770 2131 3011 2187 onder

946 2298 1022 2345 1E
1056 2292 1134 2344 15
1169 2281 1319 2332 hier
1354 2273 1578 2324 nevens
1613 2266 1801 2318 gaet,
1838 2262 1987 2310 ende
2022 2257 2136 2306 den
2172 2246 2508 2301 gelijcken
2543 2243 2656 2289 p=r
2693 2242 2768 2289 d'
2802 2230 3028 2284 voogel

939 2391 1235 2453 struijs
1275 2383 1443 2433 oock
1482 2373 1735 2425 volgen
1774 2369 1944 2417 sal,
1985 2357 2446 2413 monteerende
2486 2351 2613 2400 tot
2653 2347 2913 2395 aliter

994 2491 1463 2551 ƒ538479„10„
1504 2486 1548 2532 5
1587 2472 1760 2527 voor
1802 2464 2057 2515 welcke
2100 2460 2313 2509 somma
2355 2450 2696 2504 tcompt=r
2739 2445 3081 2496 generael

940 2600 1052 2651 Bij
1089 2598 1200 2645 ons
1235 2582 1642 2640 gedebiteert
1678 2578 1790 2626 is,
1825 2572 1974 2622 ende
2010 2569 2343 2617 versoecke
2379 2569 2490 2615 Bij
2519 2565 2711 2613 ued=e
2746 2555 3080 2611 contrarij

926 2697 1348 2766 geschieden
1388 2689 1558 2739 mach

924 2879 1162 2931 Jndigo
1201 2873 1557 2924 Chirchees
1596 2871 1675 2919 en
1712 2868 1951 2916 sullen
1990 2867 2149 2913 ued„
2188 2866 2228 2912 s
2267 2867 2347 2912 in
2385 2868 2662 2914 gemelte
2701 2862 3018 2914 notietie

955 2983 1118 3032 ofte
1157 2975 1485 3028 factura,
1525 2972 1689 3019 niet
1728 2967 2014 3017 vinden,
2055 2961 2422 3012 oorsaacke
2463 2958 2585 3005 tot
2624 2950 2830 3001 heden
2868 2939 3034 2992 gene

942 3060 1379 3125 genegotieert
1415 3059 1524 3105 is,
1559 3056 1633 3104 en
1669 3054 1742 3100 jn
1778 3050 1960 3098 dubio
1996 3049 2215 3095 staat,
2250 3050 2432 3096 offte
2467 3042 2650 3093 tegen
2685 3038 2759 3086 't
2793 3033 3088 3082 vertreck

941 3162 1150 3219 vande
1188 3141 1725 3204 vogelstruijs,
1765 3138 2012 3186 eenige
2052 3136 2546 3186 geprocureert
2587 3133 2710 3181 sal
2750 3129 3041 3178 werden,

942 3248 1427 3308 ontstaande
1474 3241 1668 3292 daer
1714 3236 1910 3285 uijt
1958 3233 2103 3280 dat
2151 3232 2297 3280 den
2345 3228 2635 3279 Prins:
2683 3212 3073 3272 Orangeep

935 3360 1029 3410 jn
1074 3347 1485 3402 ammadabat
1529 3346 1667 3392 tot
1712 3336 2215 3390 vercoopingh
2258 3331 2489 3381 vande
2534 3322 2949 3378 bloederen

934 3451 1060 3505 Bij
1101 3450 1306 3496 tijts
1345 3444 1552 3494 aende
1591 3440 1839 3489 boeren
1880 3437 2044 3486 geen
2083 3427 2413 3480 licensie
2453 3422 2659 3470 heeft
2698 3416 2957 3469 willen

948 3547 1077 3596 ten
1118 3535 1460 3590 anderen,
1502 3530 1630 3579 dat
1670 3525 1800 3575 den
1843 3522 2098 3570 jndigo
2137 3513 2439 3567 alreede
2480 3511 2609 3557 van
2651 3500 3037 3555 blaaderen

936 3645 1021 3696 (:
1060 3637 1266 3688 onder
1305 3624 1591 3679 tgebier
1632 3623 1755 3669 van
1795 3619 2081 3667 anderen
2121 3607 2611 3663 bevelhebbers
2651 3599 3019 3650 gewassen)

936 3739 1066 3791 soo
1105 3730 1361 3782 slecht
1402 3727 1488 3774 op
1525 3718 1868 3771 gemaeckt
1908 3716 2036 3763 is,
2069 3710 2205 3761 dat
2246 3704 2416 3754 niet
2458 3700 2543 3747 en
2583 3689 2969 3743 meriteert

942 3837 1112 3889 daer
1154 3831 1324 3881 voor
1362 3826 1451 3876 te
1491 3818 1831 3869 betaalen
1870 3815 2000 3865 soo
2041 3809 2212 3858 veel
2253 3803 2380 3853 als
2422 3801 2550 3847 wel
2591 3794 2930 3846 Begeeren

949 3931 1040 3983 te
1083 3920 1348 3973 weeten
1390 3919 1524 3965 23½
1565 3910 1788 3963 ropia
1830 3909 1876 3955 p
1916 3907 1964 3955 r
2007 3902 2140 3950 man
2183 3901 2316 3948 met
2359 3895 2624 3946 eenige
2667 3889 2800 3938 die
2843 3884 3024 3933 seer

932 4031 1108 4084 goet
1150 4024 1280 4073 is,
1323 4013 1581 4065 sijnde
1617 4001 1969 4057 d'jndigo
2011 3996 2314 4047 Bouwers
2357 3995 2486 4041 soo
2529 3994 2961 4042 costelijck

959 4121 1096 4176 dat
1138 4114 1273 4163 die
1317 4107 1540 4158 onder
1580 4102 1673 4150 de
1714 4097 1806 4148 29
1849 4094 2072 4142 ropia
2116 4092 2294 4140 niet
2338 4085 2739 4136 vercoopen
2781 4084 3051 4131 willen

913 4217 1060 4273 dat
1099 4203 1251 4260 bij
1294 4184 1636 4245 voorige
1679 4184 1967 4240 jaaren
2009 4182 2205 4230 seer
2244 4169 2684 4228 excessive
2729 4168 3067 4220 prijsen

862 4311 1137 4370 Sijn,
1187 4288 1624 4352 Behalven
1678 4284 1842 4334 dat
1894 4272 2113 4325 noch
2165 4271 2385 4319 veel
2437 4269 2656 4319 jnde
2693 4260 3035 4317 deucht

2349 4457 2773 4507 diffreert

116 2367 153 2413 sie

145 2930 169 2975 pt

0 3284 216 3331 daerom

0 3362 193 3411 tende

2596 529 2645 576 e
