3642 4883
1170 577 1499 630 novembr.
1538 578 1705 630 1645

1208 785 1542 841 Tooverwater
1571 783 1722 830 heeft
1752 782 1812 828 en
1842 781 1933 826 die
1963 779 2263 826 quartieren
2294 779 2566 826 sodanich,
2594 781 2925 828 toegenomen,
2954 781 3046 828 dat
3075 782 3136 827 't
3165 780 3323 826 selve

1354 880 1450 926 alle
1473 878 1619 925 velden
1642 878 1907 924 overloopen,
1929 875 2027 922 ende
2051 873 2172 920 veele
2195 875 2388 922 menschen
2411 877 2460 923 om
2484 878 2532 923 't
2556 878 2676 924 leven
2700 877 2894 925 geraeckt
2914 877 3037 925 sijn,
3060 873 3229 921 comende
3252 872 3301 917 op
3325 870 3397 917 den

1359 991 1411 1039 9.
1431 986 1461 1034 '
1484 983 1534 1029 en
1559 980 1634 1029 10.
1657 979 1683 1024 '
1707 973 1932 1023 september
1955 971 2031 1017 met
2055 968 2229 1015 sulcken
2254 969 2453 1016 geweldt,
2477 971 2552 1016 dat
2577 970 2825 1016 daerjegens
2850 970 2949 1016 niet
2972 964 3099 1015 heeft
3122 962 3272 1009 cunnen
3297 962 3450 1011 bestae

1346 1085 1486 1138 sinde
1513 1079 1707 1128 omtrent
1734 1074 1928 1124 pixelij
1955 1069 2176 1118 qualijck
2203 1066 2287 1113 een
2314 1066 2452 1112 huijs
2480 1067 2839 1114 onbeschadight
2866 1064 3115 1113 gebleven,
3142 1063 3198 1108 so
3224 1060 3310 1108 dat
3335 1062 3393 1111 de

1354 1185 1542 1238 luijden
1569 1184 1648 1230 hun
1674 1183 1807 1229 leven
1833 1180 1940 1228 opde
1964 1176 2177 1224 daecken,
2204 1175 2389 1221 moesten
2416 1174 2654 1220 salveren,
2680 1174 2734 1220 In
2760 1174 2839 1220 des
2865 1168 3131 1219 Compagnies
3156 1162 3289 1212 logie
3314 1160 3431 1209 daer

1349 1294 1376 1340 2
1401 1288 1587 1340 cobiden
1614 1286 1773 1333 waeter
1798 1282 1931 1330 heeft
1957 1279 2170 1327 gestaen,
2196 1279 2249 1325 Is
2273 1277 2328 1323 d'
2355 1276 2540 1323 schaede
2566 1276 2620 1321 en
2645 1274 2699 1320 's
2725 1272 2964 1319 verijckel
2990 1273 3017 1318 (
3042 1267 3308 1317 goobetert)
3333 1263 3442 1311 niet

1336 1392 1496 1440 minder
1522 1387 1736 1437 geweest,
1762 1386 1868 1432 want
1894 1385 2002 1432 alle
2028 1383 2082 1429 d'
2106 1380 2295 1428 paredos
2320 1377 2428 1424 ende
2453 1377 2641 1423 buijten
2667 1373 2907 1421 huijsinge
2934 1373 3040 1420 door
3066 1374 3120 1419 d'
3147 1374 3307 1420 Craght
3332 1372 3467 1419 Vant

1355 1503 1607 1557 stroomende
1631 1500 1759 1547 water
1782 1495 1960 1544 onders'
1985 1493 2112 1540 voedt
2136 1493 2363 1539 gevallen,
2388 1491 2489 1539 ende
2514 1491 2565 1537 d'
2590 1487 2867 1537 packhuijsen
2892 1486 2968 1532 met
2993 1483 3119 1530 water
3145 1481 3296 1528 gevult
3321 1481 3447 1528 waren

1358 1610 1543 1661 wesende
1567 1607 1621 1654 d'
1647 1606 1751 1652 muer
1777 1605 1856 1651 van
1881 1603 1935 1650 't
1960 1601 2118 1648 nieuwe
2143 1599 2380 1646 packhuijs
2406 1601 2511 1648 mede
2537 1602 2746 1648 gestort,
2772 1602 2825 1647 en
2850 1601 2930 1646 van
2955 1599 3061 1645 oude
3085 1595 3165 1643 een
3190 1592 3325 1639 stuck

1326 1718 1453 1766 vande
1478 1715 1631 1762 steene
1656 1712 1758 1760 muer
1783 1710 2012 1758 gevallen,
2038 1708 2241 1755 waerhoor
2265 1707 2419 1753 groote
2444 1707 2622 1754 schaede
2648 1703 2979 1752 veroorsaeckt,
3002 1700 3055 1747 en
3078 1698 3182 1745 veel
3205 1693 3283 1742 soo

1349 1819 1721 1879 geraffineerden
1747 1818 1826 1864 als
1852 1811 2275 1863 ongeraffineerden
2300 1810 2512 1856 salpeter
2538 1804 2802 1855 gesmolten,
2827 1802 2934 1849 ende
2958 1798 3066 1847 Wech
3091 1792 3303 1842 geraeckt
3329 1789 3414 1837 Is,

1336 1935 1389 1983 d'
1410 1924 1639 1977 banckhael
1663 1922 1714 1968 op
1738 1922 1789 1968 de
1814 1921 2090 1968 revierkandt
2114 1920 2190 1965 met
2214 1918 2390 1964 partije
2416 1916 2566 1963 taruwe
2591 1916 2641 1961 en
2666 1910 2967 1960 weijnichhijs
2991 1907 3067 1954 tot
3092 1906 3143 1952 op
3167 1902 3369 1950 omtrendt

1353 2039 1379 2084 2
1403 2031 1579 2083 Cobiden
1604 2030 1679 2076 aen
1703 2026 1828 2074 daeck
1853 2026 1878 2071 t
1903 2024 2103 2071 eenemael
2128 2023 2454 2069 ondergestaen,
2476 2022 2578 2069 ende
2603 2019 2653 2067 Is
2677 2016 2778 2063 alle
2801 2014 2878 2060 den
2902 2011 3027 2058 taruw
3052 2008 3103 2055 en
3127 2007 3227 2052 rijs
3252 2007 3353 2053 nadt

1347 2139 1550 2193 geworden,
1571 2138 1616 2184 op
1638 2136 1705 2182 den
1726 2134 1771 2180 1.
1794 2133 1838 2179 en
1858 2129 2060 2178 September
2081 2126 2237 2173 beginde
2259 2125 2304 2171 't
2326 2122 2437 2169 water
2459 2122 2504 2168 af
2526 2122 2571 2168 te
2591 2121 2726 2167 nemen,
2748 2119 2837 2166 ende
2858 2117 2992 2164 waeren
3013 2116 3059 2162 d'
3081 2115 3170 2161 onse
3190 2113 3236 2159 te
3257 2110 3347 2158 dier
3369 2109 3436 2155 bij

1354 2251 1455 2298 Inde
1478 2246 1606 2294 logie
1630 2245 1807 2290 daervan
1832 2242 2109 2290 ontslaegen/
2134 2241 2235 2287 dogh
2260 2241 2386 2287 lagen
2410 2240 2563 2287 alled'
2587 2238 2739 2285 Velden
2763 2237 2865 2283 noch
2888 2236 3041 2282 onder,
3065 2234 3116 2280 't
3141 2233 3217 2278 was
3242 2232 3318 2278 een

1360 2357 1604 2409 deerlijcke
1627 2353 1872 2402 distructie
1896 2351 1994 2397 omme
2018 2349 2092 2396 aen
2116 2349 2165 2395 te
2188 2349 2311 2395 sien,
2335 2349 2384 2394 d'
2408 2347 2677 2393 Inwoonderen
2700 2346 2969 2392 verclaerden
2994 2347 3067 2392 dat
3091 2347 3141 2393 In
3164 2348 3214 2393 30
3237 2348 3384 2395 Jaeren

1358 2473 1410 2521 't
1433 2468 1557 2517 water
1581 2468 1655 2513 soo
1679 2467 1803 2513 hoogh
1827 2467 1926 2513 niet
1950 2467 2123 2513 geweest
2147 2467 2221 2514 Is,
2246 2468 2319 2514 met
2344 2467 2393 2513 't
2418 2467 2591 2513 vernies
2615 2467 2689 2513 Van
2713 2465 3008 2512 voorschreven
3030 2457 3383 2510 geraffineerden

1335 2579 1546 2634 salpeter
1570 2575 1677 2623 oocq
1702 2575 1781 2620 dat
1806 2573 1912 2620 voor
1938 2573 2070 2621 eerst
2095 2576 2227 2622 alsoo
2252 2577 2305 2622 't
2331 2575 2672 2622 salpeterhuijs
2696 2574 2803 2621 mede
2828 2572 3170 2619 ontramponeert
3195 2570 3275 2617 Is,
3299 2564 3407 2615 niet

1315 2694 1418 2749 kan
1449 2683 1841 2737 geraffineert
1872 2678 2069 2727 werden

1188 2822 1248 2877 dn
1270 2817 1323 2866 27
1348 2815 1402 2865 d.
1426 2811 1453 2857 o
1475 2810 1556 2858 des
1581 2808 1894 2854 niedernaghto
1920 2808 2102 2855 omtrent
2128 2810 2180 2855 12
2205 2810 2361 2855 uijren
2387 2810 2440 2856 ds
2465 2811 2544 2858 met
2569 2813 2907 2862 commuenicatie
2933 2817 2986 2863 en
3010 2819 3115 2866 goet
3140 2822 3297 2869 Vinden

1379 2899 1547 2947 vanden
1573 2897 1713 2943 haedt
1740 2896 1824 2942 een
1851 2896 2102 2941 Compagnie
2128 2897 2350 2944 soldaten
2378 2899 2462 2945 van
2489 2900 2573 2947 200
2600 2902 2768 2950 Coppen
2794 2907 3099 2953 namentlijck
3126 2907 3182 2952 30
3210 2903 3438 2952 blancque

1361 2999 1415 3049 30
1437 2992 1694 3042 toepassen,
1718 2991 1770 3037 en
1794 2988 1871 3035 100
1896 2987 2023 3032 pions
2048 2987 2227 3033 onder't
2251 2989 2404 3035 gesagh
2429 2990 2480 3036 en
2505 2991 2709 3038 Commando
2733 2993 2886 3039 vanden
2911 2994 3165 3042 luijtenant
3189 2994 3318 3040 deses

1349 3089 1562 3147 Casteels
1588 3086 1694 3133 over
1719 3084 1774 3131 d'
1799 3083 1959 3129 revier
1985 3082 2065 3128 met
2091 3082 2118 3127 2
2144 3083 2356 3130 thosuijs
2382 3086 2488 3134 ende
2514 3089 2594 3135 een
2618 3089 2805 3137 belangh
2832 3091 2990 3137 nevens
3017 3091 3070 3136 en
3096 3087 3387 3136 vereijschte

1346 3182 1799 3243 noodwendicheden,
1828 3180 2137 3227 vertrocken,
2165 3180 2250 3226 met
2277 3181 2643 3230 recommandatie
2671 3185 2728 3231 en
2755 3186 2924 3232 ordre,
2953 3184 3292 3232 terbestemden

1352 3288 1520 3344 plaets
1546 3285 1630 3332 aen
1657 3282 1795 3329 landt
1821 3279 2015 3327 gecomen
2043 3280 2236 3328 sijnde,
2263 3283 2402 3331 voort
2428 3286 2539 3332 naer
2566 3287 2869 3336 seeckerdorp
2897 3288 3090 3335 genaemt
3116 3283 3341 3333 Macatour

1344 3394 1508 3446 sijnde
1534 3393 1562 3438 2
1588 3389 1749 3437 mijlen
1775 3386 1884 3433 Vvan
1909 3384 2017 3431 hier
2044 3384 2286 3431 alwaersoo
2312 3386 2636 3437 g'Informeert
2661 3393 2849 3439 wierden
2876 3392 2957 3438 den
2982 3390 3171 3436 Vyand't
3197 3389 3306 3437 sich

1348 3495 1559 3545 onthout,
1585 3495 1637 3540 te
1664 3492 1926 3540 marcheren,
1951 3491 2057 3537 ende
2083 3490 2215 3536 onsen
2240 3491 2451 3537 aenslegh
2476 3493 2555 3538 aen
2582 3493 2686 3539 dien
2713 3494 2818 3539 kant
2844 3494 2896 3539 Ii
2922 3494 3054 3540 wercq
3079 3493 3132 3539 te
3157 3488 3370 3538 stellen,

1348 3603 1452 3651 ende
1475 3597 1734 3646 doenelijck
1759 3595 1914 3642 sijnde
1939 3594 2017 3639 den
2042 3591 2222 3640 Vyjandt
2247 3593 2299 3639 t'
2323 3588 2633 3638 attrarveren,

1179 3740 1260 3789 Den
1283 3732 1390 3783 28d.
1415 3731 1443 3776 o
1467 3724 1679 3774 omtrendt
1704 3722 1758 3768 d'
1784 3721 1968 3767 misdagh
1994 3721 2125 3766 beert
2150 3720 2231 3766 den
2257 3721 2520 3769 luijtenant
2546 3723 2625 3768 met
2651 3723 2704 3768 d'
2730 3724 2967 3770 Compagnie
2992 3720 3203 3771 soldaten
3228 3715 3361 3764 weder

1330 3837 1501 3887 binnen
1530 3829 1902 3882 rapporterende
1930 3827 2044 3873 geen
2073 3825 2245 3872 Vyandt
2273 3826 2331 3872 op
2358 3825 2416 3871 de
2444 3823 2674 3872 bestemde
2702 3827 2902 3874 plaetse
2930 3828 3102 3874 gesien
3131 3824 3304 3872 nochte

1332 3944 1539 3993 vernomen
1563 3939 1746 3988 hadden,
1770 3936 1901 3983 sulcx
1927 3937 2005 3983 van
2030 3936 2341 3983 daergevlught
2366 3935 2470 3981 ende
2495 3934 2678 3980 omtrent
2702 3931 2987 3980 secrecourij
3013 3932 3065 3978 't
3091 3932 3202 3983 haer

1334 4049 1693 4104 onthoudende
1725 4042 1856 4093 sijn

1094 4206 1157 4258 Oo
1181 4201 1244 4248 29
1270 4191 1360 4247 tot
1382 4177 1505 4231 ult.
1533 4178 1562 4224 o
1591 4177 1650 4224 d.
1677 4175 1708 4221 o
1737 4174 1854 4220 niet
1883 4173 2233 4220 sonderlinghs
2262 4175 2612 4223 voorgevallen
2641 4178 2728 4223 als
2757 4177 2991 4223 eerlijck
3020 4177 3108 4223 dat
3136 4177 3228 4226 den

1330 4266 1492 4317 Vyandt
1519 4263 1601 4310 soo
1626 4261 1683 4307 nu
1709 4262 1790 4307 als
1817 4261 1898 4307 dan
1926 4261 2007 4307 met
2034 4261 2251 4307 schieten
2277 4262 2440 4308 naerd'
2467 4262 2603 4307 stadt
2630 4261 2711 4307 met
2738 4261 2847 4307 haer
2873 4261 2982 4308 grof
3009 4258 3226 4306 geschudt
3251 4252 3415 4303 doende

1334 4358 1433 4411 syn
1464 4348 1719 4401 geweest,
1751 4348 1879 4394 doch
1910 4347 2038 4394 (god
2070 4347 2198 4392 lof)
2230 4347 2325 4393 tot
2357 4348 2485 4395 noch
2516 4351 2772 4397 niemandt
2803 4347 3091 4396 gequetst,
3120 4341 3251 4390 ofte

1347 4450 1514 4501 eenige
1540 4441 1874 4494 merckelijcke
1901 4438 2097 4486 schaede
2124 4437 2291 4483 begaen
