3519 5189
332 3587 366 3632 7
399 3587 471 3638 a8
498 3591 604 3641 pmo
637 3592 740 3639 C„o
774 3594 944 3646 boven

291 3638 373 3685 den
399 3635 619 3686 Interest
645 3641 809 3690 vanden
836 3645 1002 3693 tijdt,

294 3683 392 3731 die
423 3685 685 3739 alborens
716 3694 782 3742 d'
813 3696 979 3744 gere„

287 3737 614 3789 mitteerde
650 3744 797 3791 peri
830 3749 905 3796 In

289 3787 747 3842 Masulipatv:

1059 469 1611 537 Coopmanschappen,
1639 492 1712 539 in
1747 494 1885 542 ende
1918 498 2160 549 ontrent
2193 505 2469 558 Pattena,
2502 514 2572 560 d'
2605 516 2744 565 zyde
2777 522 3156 583 Negotieren,
3189 539 3297 593 off

1053 615 1185 662 hare
1217 615 1448 664 overige
1480 620 1810 670 contanten,
1841 627 1940 673 die
1972 628 2105 677 niet
2136 633 2236 681 wel
2267 636 2498 690 anders,
2530 646 2663 696 noch
2694 653 3155 716 proffitabelder

997 737 1433 796 Beneficieren
1467 738 1719 789 cunnen,
1754 744 2007 793 daerine
2041 750 2364 804 besteden,
2399 760 2508 810 off
2542 767 2651 817 dat
2685 773 2758 822 d'
2792 779 2973 831 moren
3007 787 3081 836 op
3114 793 3223 843 een
3256 797 3295 844 e

1051 844 1113 891 d'
1143 847 1298 896 selve
1326 853 1572 899 plaets=e
1602 854 1726 900 daer
1755 856 1818 902 d'
1847 858 1971 907 onse
2000 863 2094 912 die
2122 869 2369 928 soucken,
2398 884 2554 935 haren
2581 892 2767 946 Incoop
2796 902 2890 950 soo
2918 907 3043 958 veel
3071 914 3350 976 civijlder

1034 961 1131 1007 ter
1163 961 1453 1011 oorsaecke
1484 967 1581 1013 die
1613 968 1743 1016 voor
1773 973 1838 1020 d'
1870 976 1935 1023 E:
1964 978 2161 1031 Comp:e
2190 989 2289 1038 tot
2318 995 2448 1046 noch
2479 1003 2609 1053 door
2639 1009 2994 1072 Maeckelaers
3024 1029 3220 1087 gedaen
3248 1044 3345 1095 Is,

1054 1069 1153 1115 dat
1185 1071 1316 1117 noch
1349 1072 1513 1120 boven
1545 1076 1677 1124 alle
1709 1080 2005 1134 oncosten,
2036 1090 2137 1140 die
2167 1097 2234 1145 op
2265 1101 2366 1151 den
2396 1108 2530 1157 wegh
2560 1114 2694 1168 naer
2723 1126 2890 1181 Agra,
2920 1138 3020 1189 Jae
3050 1146 3249 1199 verder

1036 1194 1258 1240 subject
1289 1194 1448 1240 sijn,
1479 1194 1702 1240 meerder
1732 1196 2082 1251 voordeelen,
2112 1207 2209 1254 als
2239 1210 2337 1261 wel
2365 1219 2431 1268 d'
2460 1224 2527 1273 E:
2555 1231 2778 1289 Comp:e,
2808 1245 2936 1294 daer
2966 1250 3063 1298 soo
3092 1255 3224 1307 veel

1035 1312 1219 1361 minder
1250 1310 1494 1357 oncosten
1524 1312 1615 1359 van
1645 1314 1921 1364 sJonckaij
1949 1321 2225 1373 tedragen,
2253 1330 2316 1377 en
2344 1333 2408 1382 d'
2435 1339 2680 1396 Vrachten
2709 1352 2801 1401 aen
2831 1356 2953 1406 sich
2983 1362 3166 1413 selven
3196 1368 3348 1418 heeft

1036 1428 1243 1474 souden
1278 1429 1451 1477 comen
1484 1433 1554 1481 't
1587 1437 1897 1488 Erlangen,
1931 1443 2035 1490 wat
2068 1446 2173 1494 van
2206 1451 2277 1500 d'
2309 1456 2413 1504 een
2447 1459 2585 1508 offe
2618 1464 2861 1522 d'ander
2894 1478 2998 1525 sy,
3031 1481 3170 1529 wert
3203 1486 3238 1532 u
3272 1487 3343 1532 Ed

1011 1550 1151 1597 Naer
1186 1551 1359 1597 desen
1394 1552 1603 1600 bekent
1637 1556 1952 1609 gemaeckt,
1984 1566 2123 1615 ende
2158 1570 2403 1621 d'onsen
2436 1577 2889 1639 middelerwijle
2922 1595 3027 1641 opt
3061 1596 3304 1644 hoogst—

1028 1675 1601 1728 Gerecommandeert,
1636 1676 1779 1723 sich
1813 1678 1958 1728 vant
1993 1683 2138 1734 doen
2171 1692 2280 1741 der
2314 1697 2708 1761 maeckelaers
2742 1718 3030 1782 exactebr
3059 1738 3355 1802 Ijnform:

1027 1796 1165 1845 ende
1199 1796 1302 1842 den
1336 1797 1542 1845 Incoop
1575 1801 1747 1851 vande
1780 1807 1918 1858 zide
1951 1813 2055 1862 ter
2088 1818 2295 1873 plaets
2327 1830 2431 1880 die
2464 1836 2704 1893 geteelt
2737 1848 2876 1903 ende
2908 1860 3322 1927 bereijtwert,

1016 1923 1257 1979 selffs
1296 1923 1377 1969 by
1416 1925 1536 1974 der
1575 1930 1734 1981 hant
1773 1937 1853 1984 te
1892 1939 2132 1990 nemen,
2170 1947 2291 1999 als
2329 1955 2608 2012 wanneer
2646 1968 2807 2021 oock
2844 1979 3204 2042 vertrouwe
3241 2000 3289 2050 —

1002 2058 1081 2106 d'
1119 2058 1159 2104 E
1196 2058 1431 2108 Comp„e
1467 2065 1663 2116 onder
1701 2072 1934 2123 amEren
1972 2078 2129 2127 voor
2166 2084 2400 2136 Japan,
2437 2092 2555 2141 van
2592 2098 2827 2151 soorte
2863 2109 3022 2164 naer
3057 2122 3292 2175 Eyjsch

948 2173 1026 2221 te
1064 2175 1259 2221 beter
1295 2178 1412 2226 sal
1450 2182 1682 2232 cunnen
1719 2189 1990 2239 gedient
2027 2195 2259 2245 werden

1039 2489 1119 2537 Sy
1158 2492 1198 2537 n
1237 2493 1357 2541 Ed:
1395 2497 1556 2550 voor
1593 2506 1992 2569 aengetogen
2029 2527 2348 2585 missive,
2386 2542 2507 2593 als
2544 2549 2666 2602 die
2700 2556 2823 2605 aen
2861 2559 3223 2627 Directeur

1027 2596 1178 2656 Aent
1214 2612 1515 2668 Barents,
1551 2624 1703 2675 dato
1739 2631 1854 2683 24.
1889 2641 1928 2687 '
1963 2643 2227 2701 October
2263 2657 2377 2708 pas
2412 2665 2601 2718 ssa:o
2637 2674 2751 2724 ons
2787 2680 2939 2729 door
2974 2686 3127 2740 sine
3153 2692 3240 2742 E:

910 2741 984 2791 Jn
1018 2735 1232 2786 Copije
1268 2736 1802 2795 gecommuniceert,
1835 2752 2369 2822 apprehendeerde,
2402 2779 2474 2826 op
2509 2782 2617 2830 wat
2651 2787 2831 2840 goede
2863 2798 3186 2860 Jnsichten

1004 2872 1153 2923 uEd:
1187 2875 1784 2941 t'geprojesteerde
1820 2896 2080 2944 Jappans
2117 2899 2600 2963 schuyt-silver
2636 2919 2712 2966 v.
2748 2922 2786 2968 r
2821 2923 3121 2986 schiedam
3155 2944 3304 2992 Voor

996 2995 1265 3044 Suratte,
1295 3001 1397 3050 ene
1428 3006 1730 3062 bovendien
1762 3019 1863 3067 een
1895 3023 2163 3078 gedeelte
2194 3034 2296 3082 van
2327 3038 2395 3086 d'
2427 3042 2762 3098 Invoorraet
2793 3054 2963 3107 wesen
2993 3065 3294 3122 Contanten

1001 3119 1224 3169 Aldaer
1259 3125 1369 3172 p:r
1406 3127 1627 3178 wissel
1663 3134 1995 3186 harwaerts
2030 3142 2105 3189 te
2141 3145 2547 3211 remitteren,
2581 3168 2803 3222 hebben
2838 3178 3133 3233 Geliever

1004 3244 1414 3294 t'ordonneren,
1445 3248 1729 3295 oversulcx
1760 3251 1824 3299 t'
1854 3255 1949 3302 een
1980 3258 2076 3306 als
2106 3262 2327 3318 t'ander
2357 3274 2516 3325 nader
2546 3282 3019 3346 geconsidereert,
3049 3303 3112 3349 &n
3143 3303 3335 3355 Daerop

1005 3367 1334 3417 Overslach
1370 3367 1699 3421 gemaeckt,
1734 3377 1991 3428 bevinde
2026 3385 2100 3432 t'
2135 3388 2392 3442 verlies
2426 3399 2538 3450 opt
2572 3407 3010 3474 schuytsilver
3045 3430 3119 3476 in
3154 3432 3194 3480 —

2414 3479 2482 3525 &

999 3490 1491 3536 Masulipatnam
1531 3491 1861 3542 gereeck.
1900 3499 1943 3546 t
1982 3502 2110 3556 tot
2144 3517 2190 3566 4
2224 3528 2348 3588 1/8
2388 3541 2512 3589 P=r
2552 3542 2840 3598 tCheer,
2879 3554 3046 3607 ofte
3084 3564 3171 3617 d'
3205 3578 3329 3634 932

1021 3636 1171 3687 Once
1207 3636 1284 3684 1.
1319 3641 1431 3686 12,
1467 3639 1617 3685 daer
1654 3640 1879 3693 tegens
1914 3650 1990 3697 Op
2026 3653 2325 3706 d'wissel
2360 3663 2473 3710 van
2509 3666 2771 3720 suratte
2806 3677 2919 3727 tot
2955 3683 3067 3730 in—

1012 3773 1469 3821 Masulipatnam
1507 3775 1545 3821 „
1582 3776 1812 3833 cunnen
1847 3790 2189 3845 aenlande,
2226 3801 2379 3851 comt
2416 3807 2493 3855 te
2529 3810 2871 3865 verlopen,
2909 3820 3289 3867 mitsgaders

974 3911 1050 3960 d'
1087 3911 1270 3959 Grote
1305 3912 1563 3960 risico,
1597 3914 2038 3962 dienvolgende
2074 3918 2184 3965 den
2220 3921 2477 3970 anderen
2512 3926 2696 3974 meest
2732 3930 2806 3978 te
2842 3933 3244 3990 balauceren,

980 4038 1250 4097 Oordele
1288 4035 1517 4083 (onder
1555 4035 1938 4082 correctie,
1976 4037 2091 4084 wel
2128 4040 2245 4086 soo
2281 4043 2626 4097 dienstich
2663 4053 2778 4099 tsy
2816 4054 2931 4100 van
2968 4050 3160 4102 Cost,
3192 4040 3312 4092 off

921 4165 1212 4213 taijauan
1247 4163 1358 4210 met
1393 4162 1503 4208 soo
1539 4162 1684 4207 veel
1721 4162 1866 4208 meer
1901 4162 2121 4210 silver
2156 4166 2301 4220 ende
2335 4172 2701 4227 Contanten,
2737 4182 2846 4228 als
2881 4183 3141 4234 buijten

955 4283 1531 4335 verachteringh
1573 4287 1796 4338 vande
1838 4296 2236 4350 suratsche
2279 4304 2545 4355 handel
2587 4308 3031 4358 geschieden
3073 4307 3208 4356 can
3251 4302 3297 4351 —

958 4426 1446 4483 geprovideert
1486 4427 1770 4479 werden,
1810 4435 2377 4483 voornamentlijk
2416 4437 2538 4483 als
2579 4437 2943 4486 wanneerd'
2983 4441 3307 4489 Masulixt
