3567 4883
1329 739 1646 791 Pieter
1697 741 2329 790 Macxmilianus
2381 745 2539 791 van
2592 744 2960 791 vijanen
3012 744 3118 792 in
3170 747 3436 798 jndia

1293 857 1618 907 Gecomen
1663 855 1756 902 ao
1801 848 1987 899 1633
2030 842 2172 893 met
2216 840 2450 888 schip
2495 841 2588 887 na
2634 842 2819 888 Rouw
2865 843 3051 895 voor
3096 851 3421 899 soldaet

1285 961 1498 1009 nader
1540 958 1710 1007 hant
1752 955 2136 1003 gevordert
2178 956 2306 1001 tot
2348 950 2731 1001 adelborst
2773 950 2816 996 a
2858 951 2902 998 ƒ
2943 954 3028 999 14
3070 954 3156 1001 pr
3198 954 3414 1004 maent

1244 1066 1616 1131 hebbende
1662 1062 1800 1110 een
1845 1055 2259 1106 geruijmen
2305 1055 2489 1102 tijt
2535 1054 2765 1101 Campt
2810 1051 2949 1098 van
2993 1049 3419 1101 Corporael

1265 1177 1395 1227 tot
1437 1171 1651 1220 deser
1691 1164 2080 1216 fortresse
2122 1163 2251 1209 tot
2294 1161 2465 1208 goet
2508 1158 2851 1206 genougen
2893 1158 2979 1204 en
3022 1158 3408 1204 contenten

1249 1279 1378 1329 van
1419 1272 1590 1320 sijn
1632 1267 1932 1316 meerder
1974 1266 2145 1313 waer
2188 1265 2530 1312 genomen,
2572 1267 2743 1314 ende
2785 1266 2957 1312 sigh
2998 1261 3386 1310 deurgaens

1228 1403 1410 1454 well
1452 1376 2089 1447 gecomporteert,
2134 1374 2317 1421 wert
2361 1376 2452 1421 op
2497 1373 2679 1422 sijn
2723 1372 3087 1420 vertoogh
3132 1372 3359 1421 midts

1189 1518 1452 1579 ruijme
1495 1503 1887 1562 experatie
1928 1495 2190 1546 sijnes
2231 1489 2580 1540 jonghste
2623 1487 2928 1538 verbant
2970 1480 3101 1529 Bij
3144 1477 3231 1523 de
3275 1477 3406 1527 len

1249 1631 1501 1682 d'novo
1542 1625 1710 1676 voor
1750 1620 1960 1669 drije
2001 1617 2253 1665 achter
2294 1614 2420 1662 een
2461 1600 2796 1658 volgende
2836 1597 3046 1644 jaren
3088 1597 3425 1647 aengenom

1255 1738 1436 1789 ende
1478 1732 1570 1779 d'
1612 1719 2062 1775 qualiteijt
2106 1715 2241 1763 van
2285 1707 2689 1758 Corporael
2733 1706 3003 1753 nevens
3037 1702 3405 1752 sesthien

1250 1846 1618 1905 Guldens
1669 1838 1828 1890 ter
1880 1832 2143 1881 maent
2184 1827 2825 1876 toegevought,
2877 1823 3403 1876 innegaende

1249 1972 1300 2021 t
1342 1960 1626 2013 nieuwe
1670 1947 2000 2004 verbant
2045 1944 2140 1990 en
2185 1940 2281 1989 d'
2327 1931 2889 1986 verbeteringe
2933 1927 3077 1976 van
3121 1921 3363 1973 gagie

1241 2073 1400 2127 als
1451 2057 1768 2116 vooren

1279 2294 1503 2343 Claes
1546 2289 2039 2340 Cornelissen
2083 2282 2530 2334 geboortich
2573 2278 2709 2325 van
2753 2271 3245 2321 Paldiacatta

1252 2416 1681 2470 hebbende
1730 2407 1949 2460 sigh
2002 2401 2324 2452 eenige
2376 2394 2645 2445 jaren
2698 2388 2861 2438 Bij
2913 2390 3021 2437 d'
3073 2379 3343 2433 penne

1292 2527 1734 2592 Goessent,
1779 2518 1979 2571 ende
2027 2506 2371 2562 alreede
2419 2503 2567 2550 een
2615 2501 3106 2548 redelijcke
3155 2499 3404 2548 goede

1193 2672 1409 2733 hant
1458 2661 1618 2713 van
1671 2637 2145 2705 schrijven
2192 2631 2565 2678 becomen
2617 2633 2828 2681 ende
2880 2632 3249 2680 genegen

1222 2790 1521 2859 sijnde
1568 2783 1669 2833 in
1716 2770 2013 2826 dienst
2060 2765 2309 2813 vande
2357 2762 2407 2808 E
2455 2761 2801 2809 Compang
2849 2761 2899 2809 e
2947 2761 3048 2809 te
3095 2764 3392 2817 treden

1220 2923 1444 2984 wert
1499 2920 1611 2967 op
1665 2908 1887 2962 Sijn
1942 2899 2386 2952 versoeck
2440 2891 2663 2941 ende
2711 2888 3386 2937 Bequaemheijt

1236 3042 1407 3094 als
1462 3030 1686 3084 Goet
1741 3016 2469 3074 comportement,
2522 3011 2692 3061 Bij
2748 3009 3029 3056 desen
3079 3009 3308 3060 voor

1224 3162 1513 3221 drije
1569 3152 1916 3204 achter
1971 3145 2146 3195 een
2202 3131 2663 3188 volgende
2705 3126 3066 3176 jaeren
3096 3121 3238 3166 in

1227 3284 1758 3346 qualiteijt
1807 3275 1970 3327 van
2020 3263 2287 3316 jongh
2339 3254 2816 3308 adsistent
2857 3227 3396 3300 aengenomen

1241 3435 1467 3489 ende
1521 3420 1692 3474 een
1746 3409 2369 3464 tracktament
2421 3406 2594 3458 van
2648 3398 2932 3450 thien
2981 3397 3382 3445 guldens

1225 3575 1579 3625 nevens
1636 3566 1872 3619 twee
1929 3554 2281 3608 Teelen
2340 3549 2575 3600 Cost
2632 3547 2867 3595 gelt
2925 3545 3103 3591 ter
3159 3543 3396 3594 maen

1217 3708 1806 3763 toegeleijt
1849 3697 2332 3754 verbandt
2389 3689 2625 3741 ende
2681 3686 3388 3740 verbeteringh

1212 3828 1393 3876 van
1452 3822 1750 3877 Gagie
1805 3824 2047 3878 adij
2101 3829 2346 3880 P=mo
2392 3818 2823 3877 october
2881 3813 3002 3860 Ao
3053 3816 3299 3866 1645

1218 3964 1446 4016 aen
1518 3957 1899 4011 vanck
1968 3951 2356 4012 nemen
