3410 4985
1034 530 1237 579 haalen
1270 533 1338 579 't
1371 533 1741 580 ercuseeren,
1773 531 1910 576 also
1942 532 2011 578 de
2043 533 2212 579 Copia
2243 526 2380 578 hier
2412 523 2615 570 nevens
2648 524 2783 572 gaet
2816 525 2918 572 mij
2950 527 3253 590 gedraage,

1086 623 1177 671 soo
1204 623 1327 671 oock
1357 622 1629 668 aengaande
1658 618 1869 667 d'ordre
1900 618 2111 664 weegers
2140 619 2201 665 't
2231 618 2472 665 spoedich
2502 618 2865 665 retourneeren
2894 620 2987 670 van
3014 627 3077 675 't
3104 632 3289 694 fluijt

1089 715 1292 765 schip
1332 711 1414 759 de
1453 708 1741 759 meerman

885 1102 984 1150 Den
1017 1102 1213 1151 gesien
1245 1106 1376 1152 voor
1406 1103 1475 1152 d'
1507 1100 1834 1148 aencompste
1866 1099 1998 1144 vaat
2029 1095 2359 1143 fluitschip
2390 1098 2684 1147 overschie
2717 1102 2817 1151 als
2847 1108 3079 1163 buijten
3108 1121 3275 1175 hoope

1087 1196 1237 1243 alles
1266 1193 1386 1241 daar
1416 1191 1476 1237 na
1505 1190 1804 1236 aengeleijt
1834 1190 1984 1235 hebbe
2014 1190 2074 1235 op
2103 1190 2224 1237 28:e
2253 1192 2463 1239 stantij
2492 1194 2732 1243 weesende
2761 1199 2912 1250 10:en
2940 1206 3032 1255 der
3059 1211 3272 1266 Japanse

1077 1290 1172 1339 9:e
1202 1286 1326 1334 maen
1356 1286 1482 1332 ende
1511 1279 1947 1331 geordonneerden
1978 1280 2102 1327 dach
2132 1283 2257 1332 vant
2288 1287 2537 1335 vertreck
2567 1291 2660 1336 der
2691 1291 2941 1342 scheepen
2970 1299 3065 1349 mij
3093 1306 3249 1362 meede

1016 1378 1119 1424 van
1153 1375 1290 1424 hier
1323 1374 1392 1420 te
1425 1369 1699 1419 maacken,
1733 1369 1939 1414 blijve
1972 1370 2143 1419 sulxs
2176 1374 2279 1423 als
2313 1378 2449 1425 noch
2484 1380 2928 1433 geresolveert,
2961 1389 3268 1442 weshalven

1065 1470 1162 1517 den
1193 1470 1260 1517 E:
1291 1461 1649 1514 versteeghen
1680 1461 1746 1507 't
1779 1461 2071 1511 cargasoen
2103 1467 2201 1514 van
2233 1469 2427 1517 voorsz
2460 1470 2654 1519 fluijt
2687 1474 2980 1528 overschie
3011 1484 3239 1540 neffens

1074 1563 1137 1612 de
1164 1553 1378 1607 vordere
1407 1546 1681 1597 restanten
1710 1547 1953 1595 voorneme
1982 1550 2044 1597 te
2072 1553 2526 1601 transporteeren.
2556 1554 2768 1602 vermits
2797 1557 2860 1605 't
2888 1562 3225 1627 jnschrijven

1079 1640 1358 1693 desselfs
1392 1640 1669 1688 goederen
1702 1640 1807 1686 als
1842 1640 1946 1686 int
1980 1642 2257 1689 sluijten
2291 1644 2361 1691 te
2395 1646 2569 1696 veele
2602 1651 3054 1707 geprocedeert,
3086 1664 3225 1711 niet

1085 1733 1311 1785 sonder
1349 1728 1572 1778 groote
1609 1725 1871 1773 mociten
1907 1723 1982 1770 en
2018 1726 2429 1786 Gladderijen
2463 1740 2838 1791 geschieden
2874 1746 2987 1793 can

2065 1993 2296 2049 hier
2353 1991 2583 2046 mede

1721 2259 1972 2328 Ed:le
2006 2291 2456 2348 Erntfeste
2505 2303 2753 2354 wijle
2799 2302 3097 2357 voors:

3097 2263 3265 2316 Vren

3127 2302 3159 2347 h

2963 2357 3047 2414 w

1962 2395 2010 2444 V
2052 2402 2186 2449 Ed:
2228 2398 2412 2449 naar
2445 2397 2992 2449 gedeerstighe

3053 2396 3245 2445 Groet

1826 2473 1915 2522 de
1956 2479 2480 2535 moogentheijt
2518 2489 2736 2539 Godes
2777 2486 3212 2534 beveelende

1746 2578 1849 2628 die
1881 2576 2051 2624 vEd:e
2085 2579 2388 2628 loflijcke
2421 2581 2792 2628 regeeringhe
2825 2581 3028 2627 altijt
3061 2582 3196 2630 voor

1796 2670 2062 2719 spoedich
2095 2669 2195 2715 wel
2228 2669 2427 2720 maaken
2459 2675 2592 2722 ende
2625 2674 2891 2721 seegeren
2921 2676 2994 2732 /.

1792 2769 1907 2817 was
1944 2772 2134 2820 gesp.
2172 2775 2211 2821 .
2247 2775 2550 2823 Reijnier
2588 2773 2702 2820 van
2740 2772 2816 2818 't
2851 2767 2968 2816 zun

668 2702 1240 2757 Cangasackie
1291 2701 1554 2752 desen

882 2809 1222 2858 Octob:
1265 2812 1390 2859 Ao
1446 2796 1672 2857 1646

506 2829 719 2880 Nkr.

827 1128 853 1173 57
