3444 4869
1967 649 2230 702 Copia

2703 600 2871 652 1019

233 666 342 716 aen
378 667 485 713 d'e
518 668 661 714 heer
697 669 874 715 Arent
908 668 1194 714 barentsz
1229 670 1550 719 directeur

238 754 362 807 ende
391 754 692 802 opperhooft
721 758 841 804 over
871 759 931 804 de
960 756 1142 804 Comp:s
1171 758 1411 804 affairen
1440 760 1512 808 en

234 843 545 891 ommeslach
577 846 681 892 Int
714 846 887 893 rijck
921 846 1024 892 van
1058 847 1402 894 Hindonstan
1436 848 1506 895 en

235 934 579 985 d'aencleven
610 933 704 979 van
734 934 906 981 dien.

828 1288 1033 1360 Sijnen
1064 1284 1296 1333 laesten
1329 1282 1428 1329 aen
1461 1282 1527 1327 uE
1559 1279 1692 1327 waer
1725 1280 1824 1326 van
1857 1281 1924 1327 d'
1956 1282 2122 1331 copia
2153 1286 2254 1333 ten
2285 1289 2617 1341 overvloede
2649 1298 2782 1344 hier
2813 1299 2980 1349 weder

853 1389 982 1438 neven
1006 1388 1133 1434 gaet,
1158 1388 1208 1433 Is
1233 1388 1410 1434 geweest
1434 1388 1510 1433 bij
1535 1387 1586 1433 t'
1611 1385 1737 1432 schip
1762 1385 1837 1430 den
1863 1385 2165 1433 vogelstruijs
2190 1388 2291 1435 dato
2315 1390 2366 1436 9'
2391 1391 2518 1437 april
2542 1393 2618 1439 die
2643 1395 2718 1440 wij
2744 1395 2895 1443 hoopen
2918 1396 2970 1443 uE

850 1478 1086 1531 spoedigh,
1110 1475 1216 1523 ende
1242 1474 1294 1520 op
1320 1473 1424 1519 sijn
1449 1472 1658 1518 behouden
1684 1473 1945 1523 arrivement
1968 1477 2075 1524 (dat
2099 1479 2203 1526 Godt
2229 1481 2359 1527 geve)
2385 1482 2673 1532 toegebracht
2697 1488 2802 1534 ende
2827 1490 2959 1537 over„

845 1576 1077 1631 „handicht
1101 1573 1179 1620 sal
1203 1569 1358 1617 wesen,
1383 1566 1487 1613 waer
1512 1566 1614 1612 Inne
1640 1566 1718 1612 wij
1742 1568 1794 1613 uE
1819 1568 2103 1618 g'adviseert
2127 1574 2281 1622 hebben
2306 1577 2486 1626 'tgeene
2511 1581 2588 1628 tot
2614 1583 2717 1630 dato
2742 1585 2793 1631 In
2819 1585 3002 1632 negotie

839 1673 919 1724 als
942 1668 1072 1717 andre
1096 1664 1276 1713 saecken
1299 1660 1607 1709 voorgevallen
1632 1659 1735 1705 ende
1759 1659 2016 1709 gepasseert
2040 1665 2144 1714 was,
2168 1670 2220 1716 't
2244 1672 2398 1720 zedert
2423 1676 2551 1724 hebbe
2576 1680 2653 1726 met
2678 1682 2780 1729 alle
2805 1684 2987 1737 debvoir

833 1763 1051 1819 getraght
1076 1760 1186 1807 onse
1211 1756 1482 1804 suijckeren
1508 1756 1643 1802 bij't
1670 1756 1805 1803 schip
1832 1758 1886 1804 N:
1913 1759 2183 1810 amsterdam,
2209 1765 2291 1812 als
2317 1768 2534 1817 schiedam
2559 1773 2750 1824 becomen
2775 1780 2993 1833 ('ontlad

837 1861 941 1913 ende
964 1856 1091 1905 aende
1115 1852 1291 1900 Coopers
1315 1851 1366 1896 te
1391 1851 1592 1897 leveren,
1616 1850 1692 1896 dat
1717 1850 1919 1900 evenwel,
1942 1856 2019 1905 hoe
2043 1861 2144 1908 seer
2168 1864 2245 1911 ons
2268 1867 2445 1917 gespoet
2468 1873 2645 1923 hebben,
2669 1879 2770 1927 ende
2794 1882 2971 1930 gemelte

838 1958 1054 2019 scheepen
1078 1954 1211 2002 weder
1238 1953 1317 1999 met
1343 1953 1528 1999 ballast
1553 1951 1738 1998 (zijnde
1764 1951 1871 1998 hier
1896 1953 2003 2001 seer
2028 1957 2240 2008 qualijck
2265 1964 2319 2011 te
2344 1966 2557 2021 becomen)
2581 1977 2741 2027 hebben
2766 1983 2927 2033 connen

836 2057 1039 2114 versien,
1064 2055 1139 2101 tot
1164 2053 1265 2100 p=mo
1289 2051 1415 2097 deser
1440 2051 1715 2098 aengeloopen
1740 2051 1816 2097 is,
1840 2051 2117 2102 onderwijlen
2140 2057 2292 2107 hebben
2316 2063 2392 2111 wij
2416 2067 2568 2117 gem=te
2591 2073 2693 2122 onse
2716 2078 2967 2129 suijckeren

837 2163 912 2210 aen
934 2159 986 2206 d'
1008 2154 1157 2203 coopl=
1180 2153 1378 2198 gewoogen
1403 2153 1501 2198 ende
1525 2152 1845 2199 uijtgelevert,
1869 2155 1968 2201 doch
1992 2156 2116 2203 alsoo
2139 2159 2189 2206 d'
2213 2162 2386 2213 partije
2409 2169 2533 2219 groot
2557 2175 2607 2221 is
2630 2177 2827 2227 geweest,
2851 2182 2958 2234 sijn

834 2264 913 2314 die
937 2261 1014 2309 tot
1038 2257 1115 2305 den
1140 2255 1343 2302 ontfancq
1368 2255 1444 2300 soo
1469 2254 1647 2300 gradich
1672 2254 1800 2299 niet,
1823 2255 1900 2301 als
1925 2257 2002 2303 wij
2026 2259 2103 2305 wel
2127 2261 2356 2311 wenschten
2380 2267 2609 2317 blijvende
2633 2273 2735 2320 noch
2759 2275 2810 2321 In
2836 2275 2937 2321 onse

832 2354 1124 2409 packhuijsen
1150 2353 1413 2399 ongelevert
1439 2351 1545 2398 over
1571 2351 1624 2396 d'
1650 2350 1729 2396 300
1755 2350 1835 2397 soo
1860 2353 2019 2402 groote
2044 2357 2125 2406 als
2149 2362 2335 2412 cleijne
2359 2367 2520 2416 kisten
2544 2372 2624 2418 die
2649 2373 2833 2419 evenwel
2860 2374 2967 2421 niet

840 2458 1117 2512 twijffelen
1144 2455 1255 2502 ofte
1281 2451 1448 2499 sullen
1473 2448 1530 2495 In
1556 2447 1695 2493 corte
1722 2448 1860 2495 dagen
1887 2451 1999 2498 mede
2024 2454 2246 2505 gelevert
2272 2461 2466 2511 werden,
2492 2467 2603 2514 waer
2630 2470 2741 2517 mede
2767 2471 2850 2518 wij
2877 2470 2910 2517 —

826 2577 907 2626 (d'
929 2565 1065 2618 heere
1089 2560 1171 2608 sij
1195 2551 1435 2604 gedanckt)
1460 2549 1541 2595 een
1566 2547 1780 2593 suijvere
1805 2549 1965 2597 bodem,
1990 2554 2071 2602 van
2096 2558 2204 2606 alle
2228 2563 2335 2609 onse
2360 2565 2626 2616 suijckeren
2650 2571 2784 2619 (dese
2810 2572 2916 2619 Jare

832 2663 1146 2720 aengebracht,
1171 2661 1250 2707 als
1275 2656 1561 2705 t'voorleden
1585 2653 1690 2701 Jaer
1715 2652 2054 2702 overgebleven)
2079 2658 2235 2707 hebben
2260 2663 2339 2708 soo
2363 2664 2598 2711 resteeren
2623 2665 2701 2711 bij
2727 2665 2831 2712 onse
2850 2664 2883 2712 —

830 2761 1111 2816 magasijnen
1138 2758 1251 2805 mede
1277 2756 1503 2802 weijnich
1531 2753 1953 2801 Coopmanschappen
1980 2757 2121 2806 meer,
2148 2761 2485 2809 affgetrocken
2513 2762 2710 2808 zijnde,
2737 2760 2940 2807 'tgeene

836 2862 951 2910 naer
978 2855 1179 2906 bassora
1207 2849 1522 2900 (monterende
1551 2848 1637 2894 ter
1665 2847 1809 2893 somma
1837 2848 1923 2894 van
1951 2849 1980 2895 ƒ
2008 2850 2323 2900 81965„17„6:
2351 2855 2437 2902 met
2466 2857 2524 2903 d'
2551 2858 2753 2906 Jachten
2780 2862 2953 2909 delffs

810 2961 983 3014 „haven
1011 2957 1126 3005 ende
1154 2952 1327 3001 paeuw,
1355 2949 1442 2996 die
1470 2947 1528 2993 op
1555 2945 1642 2991 van
1671 2944 1786 2990 dach
1814 2944 1929 2990 haer
1957 2943 2188 2990 dispatie
2215 2945 2331 2992 mede
2359 2948 2503 2997 geven
2531 2952 2647 3000 sal)
2674 2957 2818 3003 gaet,
2846 2958 2961 3003 waer

830 3054 969 3108 onder
993 3049 1104 3097 mede
1130 3042 1402 3093 geteeckent
1428 3039 1565 3086 sijn,
1591 3038 1619 3084 t
1645 3036 1863 3083 costende
1890 3037 1972 3083 der
1998 3037 2053 3083 66
2080 3037 2162 3083 van
2189 3038 2216 3083 U
2243 3038 2270 3083 E
2297 3038 2488 3085 becomen
2514 3041 2678 3089 packen
2704 3044 2894 3092 Beuwtas
2921 3046 2978 3095 en

829 3144 1026 3202 ardias,
1052 3139 1135 3186 die
1162 3136 1272 3183 hier
1298 3134 1382 3181 met
1410 3132 1520 3179 geen
1547 3129 1794 3175 voordeel,
1822 3129 1988 3175 hebben
2014 3131 2180 3177 connen
2207 3131 2344 3178 quijt
2372 3133 2537 3181 werden
2564 3136 2675 3182 Godt
2701 3137 2812 3184 geve
2838 3135 2950 3183 daer

829 3241 1011 3292 beteren
1034 3234 1166 3285 prijs
1191 3227 1424 3279 erlangen,
1449 3226 1553 3271 ende
1578 3224 1708 3270 alles
1733 3224 1812 3270 wat
1837 3224 2069 3270 derwaerts
2095 3225 2225 3272 gaet,
2249 3227 2301 3274 d'
2327 3229 2611 3278 vereijschte
2637 3233 2902 3282 voordeelen

827 3339 1038 3392 behalen,
1063 3335 1117 3383 en
1142 3333 1222 3379 wij
1247 3332 1300 3378 uE
1326 3329 1379 3376 t'
1404 3321 1642 3373 procedido
1667 3319 1746 3365 bij
1773 3318 2114 3365 gelegentheijt
2140 3320 2272 3368 mogen
2297 3323 2376 3368 toe
2402 3323 2588 3371 senden,

868 3493 1139 3543 Hoedanich
1169 3492 1289 3537 onse
1319 3490 1591 3537 coopmansz
1620 3491 1712 3538 tot
1739 3492 1862 3539 dato
1888 3493 2163 3545 vercocht,
2189 3500 2251 3546 In
2282 3500 2432 3545 stucx
2462 3500 2583 3546 ende
2612 3498 2885 3547 gewichte,

807 3588 1178 3636 gerespondeert
1205 3587 1291 3632 wat
1320 3585 1520 3632 advance
1547 3584 1690 3629 ijder
1719 3584 1804 3629 Int
1833 3584 2089 3631 bijsonder
2117 3586 2318 3637 gegeven
2345 3593 2403 3638 en
2431 3593 2545 3640 noch
2573 3595 2660 3641 bij
2687 3597 2802 3643 onse
2829 3597 2883 3644 —

831 3678 1116 3732 magasijnen
1143 3675 1257 3722 sijn
1285 3670 1598 3719 resterende,
1625 3670 1825 3718 gelieve
1852 3673 1909 3719 ue
1937 3674 2052 3721 uijt
2079 3677 2250 3724 nevens
2277 3680 2450 3729 gaende
2475 3686 2674 3732 notitie
2703 3686 2903 3734 vercoop

827 3784 913 3832 der
940 3776 1196 3827 Coopmansz
1224 3774 1282 3820 te
1309 3768 1565 3818 vernemen,
1593 3767 1876 3813 mitsgaders
1904 3767 2019 3815 uijt
2046 3770 2104 3817 de
2131 3772 2331 3820 notitie
2358 3776 2529 3824 eijsch
2556 3780 2642 3825 der
2670 3780 2925 3826 coopmansz

831 3879 1029 3930 t'geene
1056 3877 1141 3923 wij
1169 3873 1310 3922 tegen
1337 3871 1423 3918 a:o
1450 3868 1732 3916 aenstaende
1761 3867 1874 3913 voor
1901 3868 1986 3913 dit
2014 3868 2241 3915 quartier
2267 3871 2381 3919 zijn
2408 3875 2719 3925 vorderende,
2746 3880 2860 3926 ende
2888 3880 2975 3928 met

814 3974 1102 4032 hoedanigen
1130 3970 1302 4019 prijs,
1328 3967 1416 4015 die
1444 3966 1587 4012 hoope
1614 3964 1730 4010 (eer
1757 3963 1872 4008 meer
1901 3963 1986 4008 als
2014 3962 2102 4009 min
2128 3965 2244 4012 omme
2271 3968 2330 4014 te
2357 3971 2557 4019 zetten,
2585 3974 2701 4020 godt
2727 3976 2842 4021 geve
2870 3976 2957 4023 ons

817 4074 898 4120 ter
922 4064 1272 4118 behoorlijcker
1298 4064 1406 4110 tijt
1431 4063 1673 4110 toecomen,
1699 4063 1753 4108 en
1780 4063 1860 4108 wij
1887 4063 1940 4108 In
1967 4063 2074 4110 onse
2100 4064 2234 4112 goede
2261 4067 2476 4117 meeninge
2502 4073 2610 4120 niet
2635 4075 2904 4124 g'abuseert

823 4167 986 4215 mogen
1015 4157 1213 4209 wesen.

759 4281 817 4332 d'
841 4273 951 4324 vier
977 4269 1192 4316 becomene
1219 4269 1380 4314 packen
1407 4269 1434 4314 t
1461 4269 1596 4316 Chits
1622 4271 1676 4316 d'
1703 4271 1918 4318 brampour
1944 4274 2052 4320 ende
2078 4275 2214 4325 roode
2240 4281 2401 4327 Chelas
2427 4282 2590 4332 vallen
2616 4287 2751 4334 dier,
2777 4288 2939 4335 duchte

818 4358 973 4406 cleene
998 4354 1230 4402 voordelen
1256 4353 1385 4399 geven
1409 4350 1590 4397 sullen,
1616 4351 1693 4396 dat
1718 4351 1796 4396 ons
1821 4351 1874 4396 en
1898 4352 1950 4398 ne
1975 4353 2053 4400 ter
2078 4355 2311 4406 gelegener
2335 4362 2439 4408 tijt
2464 4364 2593 4412 staet
2618 4368 2670 4415 te
2695 4370 2931 4421 vernemen,

1582 1049 1883 1104 Erntfeste
1916 1050 2016 1097 wel
2048 1052 2214 1099 wijse
2247 1054 2314 1101 en
2347 1056 2481 1105 seer
2512 1061 2911 1116 bescheijdene

1592 1136 1936 1204 Heere
