3328 4828
350 870 501 922 mijn
536 878 908 930 gebiedende
945 882 1229 933 Heeren.

520 788 803 844 Heeren
849 797 1181 844 Bewinte
1222 792 1507 847 HBeren

700 1343 880 1400 Sijn
924 1338 1193 1388 Heeren
1238 1338 1464 1385 onsen
1507 1337 1866 1385 Jongsten
1910 1337 2046 1386 aen
2084 1340 2181 1387 U.
2224 1338 2359 1388 Ed:
2401 1334 2493 1382 is

727 1432 1035 1486 geweest.
1074 1432 1151 1478 18
1188 1429 1383 1478 Julij
1421 1431 1576 1477 over
1614 1430 1846 1475 brasil
1884 1429 2039 1475 waer
2077 1426 2194 1472 van
2230 1423 2309 1472 de
2346 1412 2545 1466 Copie

706 1530 1000 1588 alsmede
1040 1527 1166 1575 die
1208 1525 1291 1573 h.
1331 1523 1374 1570 r
1415 1521 1498 1567 de
1539 1519 1913 1565 Patientia
1955 1519 2205 1568 aenden
2233 1515 2659 1569 Gouverneur

807 1618 1155 1668 Generael
1197 1614 1543 1664 gesonden
1583 1610 2019 1659 mitsgaders
2061 1609 2107 1657 2
2143 1607 2538 1659 distincte

689 1717 1070 1773 resolutien
1106 1712 1260 1760 hier
1297 1707 1526 1756 noffen
1563 1703 1754 1750 gaen,
1790 1699 1944 1747 daer
1982 1695 2098 1744 bij
2133 1695 2557 1748 geadviseert

716 1812 794 1861 t'
830 1808 1019 1857 geene
1055 1803 1170 1851 tot
1206 1800 1320 1847 die
1357 1797 1546 1845 tijdt
1583 1795 1696 1842 toe
1734 1793 1847 1840 was
1884 1789 2261 1839 gepasseert
2298 1788 2412 1835 hop
2447 1778 2600 1832 ende

695 1914 852 1966 voor
889 1907 1082 1958 desen
1118 1899 1274 1950 UEd:
1311 1886 1696 1941 toegecomen
1732 1887 1926 1933 wesen
1961 1881 2118 1932 sal,
2154 1879 2235 1927 p.
2270 1883 2310 1930 r
2346 1878 2502 1927 dese
2539 1881 2579 1927 —

703 2010 894 2059 goede
930 1999 1198 2054 occasie
1235 1995 1464 2045 hebben
1501 1989 1654 2038 niet
1692 1987 1921 2033 willen
1958 1980 2340 2032 mancqueren
2374 1977 2454 2024 om
2491 1974 2644 2021 uEd:

702 2116 860 2173 onse
896 2099 1285 2158 langdurige
1321 2092 1556 2144 reijse
1594 2088 1827 2136 bekent
1865 2087 1943 2133 te
1981 2086 2253 2132 maecken
2289 2083 2407 2133 end
2445 2077 2563 2127 wat

698 2224 823 2277 ons
861 2201 1229 2266 gemoveert
1269 2194 1474 2244 heeft
1513 2190 1595 2236 de
1635 2184 1799 2234 Caep
1839 2181 1962 2228 aen
2001 2176 2084 2224 te
2124 2176 2288 2222 doen
2328 2176 2494 2224 daer

670 2330 828 2383 voor
865 2317 1103 2372 nemens
1140 2309 1338 2360 waren
1375 2299 1652 2353 volgens
1691 2293 1848 2343 onse
1886 2285 2241 2336 resolutie
2279 2285 2358 2332 de
2398 2284 2594 2332 selve

672 2433 827 2492 voor
862 2422 978 2476 bij
1014 2418 1091 2465 te
1127 2409 1356 2462 lopen,
1392 2402 1583 2454 alsoo
1619 2399 1734 2446 ons
1771 2394 1961 2444 volck
1998 2394 2112 2440 aen
2147 2388 2263 2440 St.
2300 2385 2452 2433 Jago
2489 2383 2608 2432 wel

668 2516 1001 2587 ververst
1039 2504 1331 2559 hadden,
1372 2498 1704 2548 altsamen
1745 2494 1993 2541 cloeck
2033 2491 2117 2539 en
2158 2487 2410 2536 gesont

699 2615 1002 2681 behalven
1036 2603 1226 2657 enige
1263 2598 1377 2648 die
1414 2593 1564 2641 hare
1602 2590 1903 2639 sieckten
1940 2588 2053 2635 aen
2090 2585 2279 2632 boort
2316 2584 2618 2631 gebracht

709 2721 937 2778 hebben
973 2715 1088 2764 soo
1123 2707 1239 2758 dat
1275 2702 1390 2752 tot
1426 2698 1617 2747 heden
1652 2694 1805 2740 niet
1843 2693 1994 2739 meer
2031 2692 2146 2738 dan
2183 2693 2221 2739 8
2259 2693 2372 2739 man
2410 2693 2637 2739 hebben

678 2814 1034 2878 verloren,
1072 2809 1152 2858 de
1188 2797 1465 2851 Coninck
1504 2794 1701 2843 david
1739 2792 1897 2838 niet
1936 2792 2132 2841 eene,
2171 2796 2250 2842 de
2289 2796 2644 2842 Patientia

708 2916 782 2966 op
816 2907 961 2958 sijn
996 2895 1427 2952 afgescheijt,
1461 2891 1642 2939 twee,
1678 2890 1785 2936 soo
1820 2889 1929 2935 dat
1964 2888 2180 2934 sonder
2216 2889 2431 2934 waters
2467 2885 2611 2934 noot

717 3014 888 3069 geen
928 3004 1140 3056 haven
1180 2995 1309 3046 als
1350 2983 1645 3039 Batavia
1687 2981 1940 3031 hadden
1980 2979 2319 3030 behoeven
2360 2977 2488 3023 aen
2528 2974 2614 3021 te

709 3120 872 3174 doen
908 3106 1072 3160 maer
1110 3089 1393 3149 gelijck
1432 3083 1715 3132 geseijt
1755 3083 1836 3128 om
1875 3080 2077 3128 water
2117 3079 2198 3125 te
2237 3077 2439 3123 halen
2477 3076 2560 3123 op

710 3231 791 3279 19
828 3210 1147 3274 septemb.
1184 3204 1305 3254 met
1343 3201 1424 3248 de
1459 3179 1740 3244 Coninck
1780 3177 1978 3224 david
2017 3176 2176 3222 inde
2215 3172 2414 3221 Tafel
2453 3174 2612 3221 baij

726 3318 845 3369 ten
882 3307 1119 3362 ancker
1153 3293 1469 3349 gecomen,
1507 3285 1742 3337 sijnde
1781 3275 2095 3330 d'eerste
2132 3276 2406 3323 schepen
2444 3274 2562 3321 die

716 3420 796 3468 t'
833 3406 1070 3463 sedert
1107 3403 1187 3449 t'
1224 3391 1540 3447 vertreck
1579 3386 1775 3437 vande
1813 3377 2324 3430 vaderlantsche
2362 3370 2601 3420 retour

722 3512 992 3576 schepen
1027 3503 1181 3554 uijt
1218 3492 1448 3546 Indien
1484 3487 1638 3536 hier
1675 3482 1790 3530 ten
1828 3480 2056 3527 ancker
2093 3476 2361 3526 gecomen
2396 3468 2627 3521 bennen

705 3607 1050 3679 werwaerts
1086 3597 1352 3651 d'andre
1388 3594 1654 3643 schepen
1688 3592 1843 3639 sijn
1879 3585 2032 3636 doet
2069 3582 2182 3629 ons
2220 3580 2599 3629 verlangen,

689 3710 814 3770 wij
854 3701 1097 3752 hadden
1136 3688 1623 3744 geresolveert
1662 3688 1703 3737 5
1741 3681 2027 3737 october
2067 3679 2148 3726 na
2189 3678 2310 3724 dat
2350 3673 2636 3723 ontrent

710 3814 792 3862 20
830 3800 1116 3857 schapen
1156 3797 1238 3844 en
1275 3785 1481 3842 Jonge
1521 3782 1765 3829 harten
1804 3775 2049 3826 hebben
2088 3759 2576 3820 genegotieert

717 3903 847 3953 ons
887 3896 1103 3946 volck
1146 3893 1274 3941 wel
1317 3886 1660 3938 treffelk
1699 3874 2173 3930 ververscht,
2215 3870 2302 3918 op
2344 3867 2603 3915 morgen

651 4012 766 4060 den
801 4009 841 4056 6
878 4001 1031 4051 dito
1068 3996 1220 4044 hier
1258 3994 1372 4040 van
1408 3989 1562 4038 daen
1598 3986 1676 4032 te
1712 3980 2093 4028 scheijden,
2131 3981 2207 4026 om
2245 3978 2359 4026 soo
2396 3976 2589 4026 haest

719 4110 994 4166 doenljk
1032 4092 1347 4153 Batavias
1384 4088 1543 4137 rede
1580 4084 1700 4133 aen
1739 4082 1818 4129 te
1857 4080 2133 4128 langen,
2171 4084 2290 4132 soo
2327 4086 2565 4134 comen—

706 4212 933 4266 tegens
968 4206 1083 4255 den
1118 4194 1345 4248 avondt
1382 4192 1420 4238 2
1456 4189 1720 4238 schepen
1758 4188 1871 4234 van
1908 4184 2134 4234 Willem
2170 4182 2397 4229 Cortin
2430 4176 2584 4226 hier

1645 966 1733 1014 d:
1762 957 2211 1014 Erentfeste
2255 956 2611 1004 manhafte

1541 1046 1656 1095 wel
1693 1043 1881 1090 wijse
1918 1041 2332 1088 voorsienige
2368 1039 2520 1088 seer

1478 1129 1885 1177 genereuse
1929 1127 2156 1176 Heren

135 828 167 873 t

2331 696 2487 743 1087
