3614 4780
2053 253 2380 313 April

2704 609 2890 663 808

654 482 770 533 Aen
808 488 885 534 d'
923 480 1115 534 Ed=le
1151 478 1309 526 h=en
1344 484 1536 534 Paerk
1574 488 1651 534 en
1686 482 1882 532 durec

819 807 1204 854 vertrouwen,
1238 808 1379 854 VEd:
1413 808 1693 860 Serieuse
1728 814 1938 859 ordre,
1973 813 2113 859 omme
2147 812 2288 860 geen
2322 816 2707 864 Portugeesen
2742 819 2884 867 noch

871 919 1114 967 Mooren
1152 920 1316 967 meer
1355 918 1518 966 over
1557 918 1638 965 te
1678 917 1961 963 voeren,
2001 917 2123 963 sal
2156 914 2326 964 naer
2363 917 2566 966 desen
2604 921 2850 973 Brompt

888 1028 1263 1081 achtervolght
1294 1028 1484 1078 werden
1511 1031 1576 1079 /.

855 1174 933 1222 Op
968 1174 1047 1224 't
1085 1164 1547 1218 overgesonden
1584 1164 1931 1213 Translaet
1967 1157 2123 1210 uijt
2161 1157 2586 1207 sSchrijvens
2622 1163 2738 1209 van

864 1289 1169 1343 Chinanna
1206 1285 1321 1333 aen
1358 1282 1549 1329 VEd:,
1587 1274 1777 1325 hebbe
1814 1270 1929 1318 met
1965 1256 2461 1314 verwonderingh
2499 1254 2803 1302 desselfs

874 1407 1267 1470 onbeschaemde
1298 1390 1754 1451 verdichtselen,
1784 1385 1851 1433 en
1880 1372 2111 1429 valsche
2142 1362 2501 1415 aenclachten
2533 1359 2728 1406 gesien
2760 1352 2895 1404 ende

879 1517 1148 1576 gelesen,
1181 1514 1316 1561 doch
1349 1508 1518 1559 alsoo
1549 1500 1686 1553 VEd:
1719 1495 1821 1544 van
1852 1489 1922 1537 't
1954 1475 2258 1533 Contrarie
2289 1470 2359 1518 in
2392 1470 2696 1518 waerheijt
2729 1462 2865 1519 voor

841 1639 1018 1689 dato,
1052 1631 1159 1681 ten
1192 1619 1475 1674 genougen
1510 1597 1932 1664 g'Informeert
1961 1586 2107 1639 sijt
2139 1579 2423 1629 geweest,
2458 1577 2775 1626 oversulcx
2809 1580 2880 1626 op

875 1751 1134 1810 geseijde
1164 1732 1520 1794 aenclachten
1546 1716 1777 1775 geenich
1806 1711 1873 1759 't
1902 1701 2099 1755 minste
2128 1694 2356 1747 reguard
2387 1694 2516 1739 (als
2549 1694 2938 1746 rechtmatich)

888 1872 1094 1925 hebben
1129 1856 1404 1917 gelieven
1436 1851 1507 1900 te
1539 1838 1747 1893 nemen,
1780 1822 2125 1881 'tgevolgh,
2159 1815 2297 1865 ende
2329 1805 2744 1857 d'uijtcomste
2778 1810 2881 1857 van

889 1995 1130 2051 saecq:e
1156 1983 1232 2038 d'
1262 1971 1435 2025 nader
1465 1954 1774 2013 waerheijt
1806 1944 2012 1997 aenden
2044 1935 2182 1987 dagh
2216 1921 2522 1979 gebracht,
2555 1919 2624 1965 de
2657 1914 2914 1964 Conincq

859 2111 935 2162 d'
967 2082 1443 2153 maliversatien
1477 2078 1589 2127 van
1621 2062 1915 2124 Chinanna
1950 2046 2279 2105 verdoemt,
2312 2041 2387 2089 s'
2423 2035 2605 2085 Comp.
2641 2034 2678 2080 s
2713 2032 2896 2079 recht

897 2219 1050 2273 ende
1081 2210 1200 2262 ons
1228 2190 1538 2253 gedoente
1574 2174 1875 2233 volcomen
1910 2154 2438 2216 g'Justificeert
2475 2152 2701 2202 heeft,
2737 2143 2928 2196 achte

890 2331 1023 2382 niet
1053 2320 1252 2376 nodigh
1281 2313 1382 2363 ons
1413 2302 1545 2356 dien
1575 2291 1871 2346 aengaende
1903 2288 2100 2338 verder
2130 2281 2197 2331 te
2228 2267 2556 2324 verclaren,
2587 2265 2720 2311 maer
2752 2265 2918 2319 eenlk

889 2453 964 2502 't
997 2437 1219 2495 effect
1253 2431 1328 2480 op
1362 2421 1510 2474 zijn
1545 2412 1837 2464 Maijs=ts
1870 2400 2092 2457 gedane
2127 2388 2420 2444 beloften
2456 2384 2638 2432 (hier
2674 2384 2897 2434 vooren

881 2548 1244 2613 aengeroert)
1273 2539 1374 2590 met
1406 2526 1699 2582 discretie
1730 2523 1829 2570 aff
1857 2517 1927 2567 te
1958 2507 2219 2560 wachten,
2250 2502 2480 2552 blijven
2510 2499 2935 2548 middelerwijle

879 2667 1147 2731 d'helft
1184 2659 1300 2710 van
1338 2656 1415 2702 s'
1452 2645 1684 2699 Stadts
1719 2627 2105 2687 Incomsten,
2141 2621 2296 2672 voor
2333 2615 2758 2665 affgetrock.

892 2791 962 2841 s'
994 2781 1196 2835 Comp=s
1227 2770 1463 2825 verdere
1494 2750 1997 2813 gerechticheden,
2026 2743 2096 2792 en
2129 2736 2397 2788 vereerde
2430 2733 2698 2781 thollen,
2730 2736 2864 2783 daer

896 2894 1103 2946 vooren
1137 2890 1240 2939 tot
1273 2884 1446 2934 nader
1480 2872 1789 2928 vereijsch
1822 2868 1926 2916 van
1959 2865 2166 2915 reecq.
2199 2850 2756 2909 gesequestreert/.

951 3076 1168 3126 Sedert
1203 3076 1275 3121 't
1309 3065 1598 3120 vertrecq
1632 3060 1814 3109 van't
1849 3058 2029 3106 Jacht
2064 3055 2172 3103 Lis
2208 3051 2352 3100 sijn
2387 3045 2496 3095 mij
2530 3041 2675 3090 geen
2710 3036 2891 3085 nader

737 3203 1100 3259 D'advijsen
1133 3196 1280 3245 uijt
1312 3178 1606 3241 Dijpelij
1640 3165 2040 3222 toegecomen,
2076 3164 2185 3210 dat
2218 3155 2510 3208 arparent
2546 3152 2728 3199 eerst
2763 3151 2873 3200 met

882 3330 922 3378 t
956 3306 1351 3371 Retourneren
1384 3299 1494 3349 van
1527 3294 1602 3341 't
1636 3284 2031 3338 fluijtschip
2065 3278 2391 3329 Heemstede
2426 3279 2498 3324 te
2533 3278 2892 3336 geschieden

877 3420 1105 3471 Sttaet,
1135 3418 1234 3466 als
1264 3409 1492 3461 wanneer
1524 3403 1654 3453 In't
1686 3394 1978 3447 dirigeren
2009 3390 2107 3438 van
2139 3390 2205 3437 's
2234 3388 2398 3438 Comp.
2429 3386 2463 3432 s
2495 3381 2802 3433 affairen

890 3526 1223 3579 derwaerts,
1256 3511 1689 3569 Insonderheijt
1721 3509 1789 3555 d'
1819 3506 2155 3553 besendinge
2187 3506 2322 3554 naer
2354 3509 2455 3554 den
2487 3507 2691 3558 Prince
2720 3516 2925 3573 volg=s

890 3639 1139 3690 d'goede
1172 3638 1315 3686 hove
1347 3631 1456 3682 wel
1489 3616 1915 3675 uijtgevallen
1950 3613 2198 3661 sijnde,
2233 3613 2339 3658 met
2374 3613 2551 3662 beter
2586 3616 2909 3674 fundament

892 3755 992 3802 sal
1021 3744 1224 3799 cunnen
1257 3735 1556 3786 gehandelt
1587 3725 1821 3778 werden,
1853 3723 1953 3770 soo
1986 3721 2253 3767 spoedich
2285 3722 2418 3768 naer
2450 3723 2617 3772 tijts
2649 3727 2959 3786 gelegent

898 3852 1081 3904 heijt
1116 3845 1411 3895 mogelijk
1444 3836 1593 3888 wert
1628 3834 1849 3881 gelets
1885 3832 2032 3879 uEd:
2068 3831 2325 3877 volgens
2361 3832 2655 3885 meermale
2690 3841 2911 3891 gedane

847 3955 1358 4024 Recommandatie
1396 3948 1592 3999 vande
1630 3943 1943 3991 Bengaels
1980 3941 2020 3987 r
2059 3940 2371 3989 Retouren
2410 3944 2528 3991 tot
2565 3948 2605 3994 1
2643 3946 2921 3999 ballas

888 4067 1004 4114 ten
1040 4060 1350 4111 d'Retour
1386 4050 1657 4103 Schepen
1695 4049 1773 4095 te
1810 4048 2274 4096 versorghen/.

0 254 35 299 46

0 438 19 483 d

721 1184 750 1230 G

142 1778 175 1823 en

13 1907 176 1953 wel

0 2159 32 2205 r
