<?xml version="1.0" encoding="UTF-8"?>
<PcGts xmlns="http://schema.primaresearch.org/PAGE/gts/pagecontent/2013-07-15">
  <Metadata externalRef="09f394be-9e32-4af1-8bc9-6bdee0ac557a">
    <Creator>Laypa</Creator>
    <Created>2023-09-08T02:21:05</Created>
    <LastChange>2023-09-08T03:38:13</LastChange>
    <Comment>license: CC0</Comment>
    <MetadataItem type="processingStep" name="layout-analysis" value="laypa">
      <Labels>
        <Label value="228a7d24385cff0e51687c00d0e65a2c2a9703d5" type="githash"/>
        <Label value="61334eb4-edff-4af5-b036-b5927f35bbcf" type="uuid"/>
        <Label value="https://hdl.handle.net/10622/VMSCBR" type="laypamodelremote"/>
      </Labels>
    </MetadataItem>
    <MetadataItem type="processingStep" name="region-analysis" value="laypa">
      <Labels>
        <Label value="0a3442b4-835c-44bc-9115-3fd08263a5dc" type="uuid"/>
        <Label value="https://hdl.handle.net/10622/DMAS2T" type="laypamodelremote"/>
      </Labels>
    </MetadataItem>
    <MetadataItem type="processingStep" name="htr" value="loghi-htr">
      <Labels>
        <Label value="9efb3e0ff4338dc6e07d110ac4d435f27f5b0e16&#10;" type="githash"/>
        <Label value="3a9bdaa3-493c-483e-bbb2-f51961b8e5a0" type="uuid"/>
        <Label value="64" type="batch_size"/>
        <Label value="https://hdl.handle.net/10622/X2JZYY" type="loghihtrmodelremote"/>
      </Labels>
    </MetadataItem>
    <MetadataItem type="processingStep" name="word-splitting" value="loghi-htr-tooling"/>
    <MetadataItem type="other" name="dataset" value="https://hdl.handle.net/10622/LVXSBW">
      <Labels>
        <Label value="VOC transcriptions v2 - GLOBALISE" type="name"/>
        <Label value="Dataset in pagexml and txt format, including data card." type="description"/>
        <Label value="https://globalise.huygens.knaw.nl/" type="creator"/>
        <Label value="https://hdl.handle.net/10622/LVXSBW" type="url"/>
      </Labels>
    </MetadataItem>
  </Metadata>
  <Page imageFilename="NL-HaNA_1.04.02_1161_0354.jpg" imageWidth="3560" imageHeight="4958">
    <ReadingOrder>
      <OrderedGroup id="orderedgroup_ea50b2ea-3ef9-4077-a263-8c7111dd778e">
        <RegionRefIndexed index="0" regionRef="region_07a15775-81b0-4479-9264-335a609de838_1"/>
        <RegionRefIndexed index="1" regionRef="region_3c58462b-e36e-42d0-b87f-1344d3f321b0_2"/>
        <RegionRefIndexed index="2" regionRef="region_5eed9e38-9b3b-47a8-900c-971a33c4caf0_3"/>
        <RegionRefIndexed index="3" regionRef="region_584017c2-72f9-431d-91cd-6e44376b266c"/>
        <RegionRefIndexed index="4" regionRef="d29add36-385a-40f6-8caf-c05e9bbae42c"/>
        <RegionRefIndexed index="5" regionRef="f7620773-01cf-475b-a7a0-218ac365495f"/>
        <RegionRefIndexed index="6" regionRef="region_2800f2f5-4682-4384-832b-191fc579ef63"/>
        <RegionRefIndexed index="7" regionRef="region_6becc0bb-1e9a-4b1d-839d-2409df5339d2"/>
        <RegionRefIndexed index="8" regionRef="a6e4d2a9-8f26-4abe-9d54-099eed0846fd"/>
      </OrderedGroup>
    </ReadingOrder>
    <TextRegion id="region_07a15775-81b0-4479-9264-335a609de838_1" custom="structure {type:paragraph;}">
      <Coords points="1464,1158 1439,1175 1439,1189 1460,1206 1523,1227 1540,1255 1523,1342 1551,1384 1547,1446 1558,1464 1658,1485 1724,1471 1797,1481 1853,1471 1884,1492 1870,1512 1843,1519 1756,1516 1617,1540 1523,1540 1491,1561 1481,1589 1519,1777 1540,1818 1537,1940 1564,1996 1554,2086 1575,2138 1568,2183 1540,2229 1547,2323 1533,2375 1571,2430 1568,2458 1540,2507 1575,2549 1578,2587 1568,2618 1547,2639 1488,2663 1484,2674 1537,2698 1564,2726 1551,2816 1589,2879 1564,2938 1578,2997 1540,3060 1558,3115 1544,3209 1564,3254 1554,3334 1564,3432 1547,3498 1564,3522 1568,3550 1551,3581 1547,3623 1568,3654 1554,3762 1571,3800 1561,3884 1582,3922 1578,3957 1547,3998 1544,4092 1533,4120 1547,4144 1603,4176 1846,4200 2246,4204 2406,4190 2670,4200 2788,4186 3108,4190 3216,4210 3331,4200 3362,4172 3414,4085 3407,3981 3386,3898 3386,3786 3365,3595 3369,3446 3358,3386 3372,3324 3372,3101 3383,3025 3383,2882 3365,2813 3379,2733 3362,2702 3372,2601 3365,2124 3379,2041 3372,1961 3393,1898 3383,1857 3393,1735 3383,1697 3358,1662 3369,1596 3355,1554 3327,1526 3216,1530 3181,1519 2350,1505 2270,1523 2162,1526 2131,1505 2180,1478 2218,1436 2416,1432 2587,1419 2705,1356 2802,1349 2809,1311 2826,1300 2990,1297 3202,1314 3320,1304 3379,1259 3376,1186 3341,1158 3160,1189 2865,1200 2562,1172 2388,1175 2270,1158 1957,1154 1686,1137"/>
      <TextLine id="d73191ed-da09-4e7f-90f8-3fff1585203b">
        <Coords points="1530,985 1640,985 1748,997 2248,1001 2304,1021 2456,1165 2724,1160 2892,1168 3388,1169 3408,1188 3433,1189 3433,1283 3391,1325 3284,1325 3148,1321 3132,1309 2802,1309 2781,1321 2596,1317 2560,1313 2532,1297 2436,1297 2417,1278 2395,1294 2388,1287 2268,1290 2253,1282 2236,1288 2228,1281 2196,1281 2166,1305 2092,1301 2076,1293 1964,1298 1944,1281 1840,1282 1828,1273 1530,1274"/>
        <Baseline points="1576,1229 1626,1233 1676,1235 1726,1236 1776,1236 1826,1236 1876,1239 1926,1241 1976,1243 2026,1247 2076,1248 2126,1250 2176,1251 2226,1255 2276,1258 2326,1260 2376,1261 2426,1262 2476,1261 2526,1260 2576,1259 2626,1259 2676,1259 2726,1259 2776,1259 2826,1259 2876,1258 2926,1259 2976,1259 3026,1258 3076,1257 3126,1257 3176,1256 3226,1255 3276,1256 3326,1257 3376,1259 3388,1259"/>
        <Word id="word_cc7e8b34-6d70-4f3f-a476-e5b1d8f9011c">
          <Coords points="1579,1194 1629,1198 1677,1200 1727,1201 1765,1201 1765,1246 1726,1246 1676,1245 1625,1243 1575,1239"/>
          <TextEquiv>
            <Unicode>effer</Unicode>
          </TextEquiv>
        </Word>
        <Word id="word_e0a4ee05-12a9-4a55-a216-3810b2ed95e1">
          <Coords points="1802,1201 1826,1201 1842,1202 1840,1247 1826,1246 1802,1246"/>
          <TextEquiv>
            <Unicode>G</Unicode>
          </TextEquiv>
        </Word>
        <Word id="word_f97dbb64-42e9-4608-b10f-127caece211b">
          <Coords points="1879,1204 1927,1206 1977,1208 1994,1209 1990,1254 1976,1253 1926,1251 1877,1249"/>
          <TextEquiv>
            <Unicode>een</Unicode>
          </TextEquiv>
        </Word>
        <Word id="word_3088d554-0ae9-4eae-a881-51e2ed5f0463">
          <Coords points="2029,1212 2077,1213 2127,1215 2177,1216 2229,1220 2257,1222 2254,1267 2225,1265 2176,1261 2126,1260 2076,1258 2029,1257"/>
          <TextEquiv>
            <Unicode>schade</Unicode>
          </TextEquiv>
        </Word>
        <Word id="word_124578bd-2351-4141-b18f-ac19a56f086d">
          <Coords points="2294,1224 2327,1225 2377,1226 2427,1227 2443,1227 2444,1272 2426,1272 2376,1271 2326,1270 2292,1269"/>
          <TextEquiv>
            <Unicode>maer</Unicode>
          </TextEquiv>
        </Word>
        <Word id="word_f66b5101-0d47-41c6-8b4e-9477559edd46">
          <Coords points="2481,1226 2525,1225 2575,1224 2626,1224 2633,1224 2633,1269 2626,1269 2576,1269 2526,1270 2482,1271"/>
          <TextEquiv>
            <Unicode>veel</Unicode>
          </TextEquiv>
        </Word>
        <Word id="word_56d889cc-61de-40e0-b530-ee683db71cd3">
          <Coords points="2670,1224 2676,1224 2726,1224 2776,1224 2784,1224 2784,1269 2776,1269 2726,1269 2676,1269 2670,1269"/>
          <TextEquiv>
            <Unicode>eer</Unicode>
          </TextEquiv>
        </Word>
        <Word id="word_73923a3e-45a6-4f8e-8381-29785d275952">
          <Coords points="2822,1224 2826,1224 2875,1223 2927,1224 2973,1224 2973,1269 2926,1269 2876,1268 2826,1269 2822,1269"/>
          <TextEquiv>
            <Unicode>noch</Unicode>
          </TextEquiv>
        </Word>
        <Word id="word_b79d25a8-4495-48e1-a7bf-711dc8b72a5f">
          <Coords points="3008,1224 3024,1223 3075,1222 3126,1222 3175,1221 3225,1220 3277,1221 3327,1222 3377,1224 3388,1224 3388,1269 3376,1269 3326,1267 3276,1266 3226,1265 3176,1266 3126,1267 3076,1267 3027,1268 3011,1269"/>
          <TextEquiv>
            <Unicode>proffijten</Unicode>
          </TextEquiv>
        </Word>
        <TextEquiv conf="0.8938882578166741">
          <Unicode>effer G een schade maer veel eer noch proffijten</Unicode>
        </TextEquiv>
        <TextStyle xHeight="60"/>
      </TextLine>
      <TextLine id="e6ea1ea5-9ab4-4a10-819d-08a92a8e8ba6">
        <Coords points="1525,1283 1675,1283 1702,1270 1831,1274 1843,1283 1943,1282 1963,1298 2075,1293 2095,1305 2114,1305 2157,1331 2190,1298 2226,1298 2253,1283 2266,1290 2388,1286 2396,1294 2407,1286 2418,1297 2530,1297 2562,1314 2670,1321 2690,1339 2727,1339 2727,1432 2706,1433 2656,1479 2602,1501 2458,1501 2413,1508 2394,1492 2306,1492 2282,1468 2267,1468 2242,1493 2063,1493 2055,1501 2035,1501 1991,1492 1755,1492 1723,1512 1691,1520 1591,1520 1525,1532"/>
        <Baseline points="1571,1398 1621,1395 1671,1395 1721,1394 1771,1393 1821,1393 1871,1392 1921,1392 1971,1392 2021,1392 2071,1392 2121,1392 2171,1392 2221,1392 2271,1395 2321,1397 2371,1397 2421,1399 2471,1400 2521,1401 2571,1403 2621,1406 2671,1407 2682,1409"/>
        <Word id="word_edfb52c0-fc78-4ad3-b27c-0691f18e228c">
          <Coords points="1569,1363 1619,1360 1671,1360 1689,1360 1690,1405 1671,1405 1622,1405 1572,1408"/>
          <TextEquiv>
            <Unicode>sal</Unicode>
          </TextEquiv>
        </Word>
        <Word id="word_396415b7-7181-4720-bab7-271363abd145">
          <Coords points="1729,1359 1770,1358 1821,1358 1848,1357 1849,1402 1821,1403 1771,1403 1730,1404"/>
          <TextEquiv>
            <Unicode>van</Unicode>
          </TextEquiv>
        </Word>
        <Word id="word_a3992dde-8d94-4ec5-9c97-c2b6c44eab5d">
          <Coords points="1889,1357 1921,1357 1968,1357 1968,1402 1921,1402 1888,1402"/>
          <TextEquiv>
            <Unicode>te</Unicode>
          </TextEquiv>
        </Word>
        <Word id="word_e5498d8d-bb05-46d8-827a-1b00337ca73b">
          <Coords points="2008,1357 2021,1357 2071,1357 2121,1357 2171,1357 2221,1357 2273,1360 2322,1362 2371,1362 2406,1363 2404,1408 2371,1407 2321,1407 2270,1405 2221,1402 2171,1402 2121,1402 2071,1402 2021,1402 2008,1402"/>
          <TextEquiv>
            <Unicode>verwachten</Unicode>
          </TextEquiv>
        </Word>
        <Word id="word_3a27f49d-ac75-4d17-ba60-df489feb7157">
          <Coords points="2444,1365 2471,1365 2522,1366 2572,1368 2623,1371 2672,1372 2688,1375 2680,1419 2671,1417 2620,1416 2571,1413 2521,1411 2471,1410 2444,1410"/>
          <TextEquiv>
            <Unicode>staen.</Unicode>
          </TextEquiv>
        </Word>
        <TextEquiv conf="0.8639457114833597">
          <Unicode>sal van te verwachten staen.</Unicode>
        </TextEquiv>
        <TextStyle xHeight="69"/>
      </TextLine>
      <TextLine id="line_2ab05cfc-02f1-4d1d-9703-55f6dd248695">
        <Coords points="1461,1506 1515,1506 1551,1526 1567,1527 1699,1519 1763,1506 2290,1507 2310,1495 2354,1491 2406,1490 2422,1503 2698,1499 2754,1443 2798,1442 2818,1446 2846,1470 3121,1474 3141,1487 3364,1486 3406,1522 3406,1616 3386,1626 2850,1623 2826,1639 2714,1639 2706,1647 2678,1647 2658,1667 2317,1675 2202,1675 2190,1666 1947,1670 1926,1691 1915,1682 1899,1682 1867,1710 1591,1710 1525,1773 1461,1733"/>
        <Baseline points="1507,1651 1557,1650 1607,1646 1657,1647 1707,1647 1757,1647 1807,1645 1857,1642 1907,1640 1957,1640 2007,1640 2057,1637 2107,1634 2157,1631 2207,1628 2257,1629 2307,1629 2357,1629 2407,1627 2457,1624 2507,1622 2557,1621 2607,1619 2657,1616 2707,1615 2757,1613 2807,1611 2857,1610 2907,1608 2957,1608 3007,1608 3057,1608 3107,1605 3157,1602 3207,1602 3257,1602 3307,1599 3357,1594 3361,1593"/>
        <Word id="word_a2e2cbca-7850-4890-beec-e922c3270934">
          <Coords points="1506,1616 1556,1615 1604,1611 1658,1612 1707,1612 1757,1612 1806,1610 1855,1607 1906,1605 1957,1605 2007,1605 2055,1602 2071,1601 2074,1646 2058,1647 2007,1650 1957,1650 1907,1650 1858,1652 1807,1655 1757,1657 1707,1657 1657,1657 1608,1656 1557,1660 1507,1661"/>
          <TextEquiv>
            <Unicode>Insgelijcxe</Unicode>
          </TextEquiv>
        </Word>
        <Word id="word_fe35221a-c121-49d6-b53b-e2378dabf0d2">
          <Coords points="2123,1598 2155,1596 2205,1593 2258,1594 2307,1594 2357,1594 2406,1592 2455,1589 2506,1587 2556,1586 2606,1584 2655,1581 2706,1580 2756,1578 2806,1576 2856,1575 2906,1573 2957,1573 3007,1573 3052,1573 3052,1618 3007,1618 2957,1618 2907,1618 2857,1620 2807,1621 2757,1623 2707,1625 2658,1626 2607,1629 2557,1631 2507,1632 2458,1634 2407,1637 2357,1639 2307,1639 2257,1639 2208,1638 2158,1641 2126,1643"/>
          <TextEquiv>
            <Unicode>d'OnderCoopluijden</Unicode>
          </TextEquiv>
        </Word>
        <Word id="word_4e05a32c-359a-4a62-96f9-3947269ba99b">
          <Coords points="3080,1583 3083,1580 3155,1567 3207,1567 3257,1567 3305,1564 3351,1559 3354,1559 3362,1603 3358,1604 3308,1609 3257,1612 3207,1612 3158,1612 3114,1612 3111,1615"/>
          <TextEquiv>
            <Unicode>Johan</Unicode>
          </TextEquiv>
        </Word>
        <TextEquiv conf="0.8773560728228725">
          <Unicode>Insgelijcxe d'OnderCoopluijden Johan</Unicode>
        </TextEquiv>
        <TextStyle xHeight="70"/>
      </TextLine>
      <TextLine id="line_9e2e4d55-1d75-4810-ba25-1e0418b868d2">
        <Coords points="1516,1776 1590,1715 1894,1720 1914,1700 1935,1699 1966,1672 2026,1667 2190,1667 2202,1676 2317,1676 2654,1668 2674,1651 2958,1651 2982,1671 3042,1675 3298,1676 3374,1666 3421,1707 3443,1695 3443,1788 3422,1790 3396,1814 3374,1805 3354,1818 3178,1818 3135,1779 3125,1779 3118,1786 2934,1787 2906,1795 2858,1795 2786,1861 2710,1860 2674,1829 2514,1821 2322,1821 2278,1846 2114,1850 1516,1842"/>
        <Baseline points="1562,1813 1612,1810 1662,1809 1712,1806 1762,1806 1812,1805 1862,1804 1912,1805 1962,1805 2012,1804 2062,1803 2112,1802 2162,1800 2212,1798 2262,1798 2312,1798 2362,1796 2412,1795 2462,1793 2512,1792 2562,1791 2612,1790 2662,1789 2712,1788 2762,1787 2812,1785 2862,1784 2912,1782 2962,1778 3012,1776 3062,1774 3112,1772 3162,1771 3212,1769 3262,1768 3312,1766 3362,1766 3398,1765"/>
        <Word id="word_b1285115-7e01-4242-a42c-b7fd91217d5b">
          <Coords points="1560,1778 1610,1775 1633,1775 1634,1820 1613,1820 1563,1823"/>
          <TextEquiv>
            <Unicode>de</Unicode>
          </TextEquiv>
        </Word>
        <Word id="word_4adc5207-44da-457a-8b4b-14392caa9f8d">
          <Coords points="1668,1774 1710,1771 1762,1771 1811,1770 1849,1769 1850,1814 1812,1815 1762,1816 1713,1816 1671,1819"/>
          <TextEquiv>
            <Unicode>Groot</Unicode>
          </TextEquiv>
        </Word>
        <Word id="word_43afa5fd-a893-48c5-a2a2-b3c9c62becce">
          <Coords points="1888,1769 1914,1770 1962,1770 2011,1769 2029,1769 2030,1814 2012,1814 1962,1815 1911,1815 1885,1814"/>
          <TextEquiv>
            <Unicode>ende</Unicode>
          </TextEquiv>
        </Word>
        <Word id="word_5ccb89bf-40c5-4dd3-b570-190f8dad206f">
          <Coords points="2065,1768 2111,1767 2161,1765 2211,1763 2246,1763 2246,1808 2212,1808 2162,1810 2112,1812 2066,1813"/>
          <TextEquiv>
            <Unicode>dircq</Unicode>
          </TextEquiv>
        </Word>
        <Word id="word_b9c006be-aa9c-44d2-b9fb-c61f80a520c9">
          <Coords points="2282,1763 2312,1763 2361,1761 2411,1760 2461,1758 2511,1757 2561,1756 2611,1755 2641,1754 2642,1799 2612,1800 2562,1801 2512,1802 2462,1803 2412,1805 2362,1806 2312,1808 2282,1808"/>
          <TextEquiv>
            <Unicode>Meulenaer,</Unicode>
          </TextEquiv>
        </Word>
        <Word id="word_51470981-c15c-40a7-ba79-6d9ae7493679">
          <Coords points="2677,1754 2711,1753 2761,1752 2811,1750 2821,1750 2822,1795 2812,1795 2762,1797 2712,1798 2678,1799"/>
          <TextEquiv>
            <Unicode>sich</Unicode>
          </TextEquiv>
        </Word>
        <Word id="word_d92ebfe0-207b-4f81-a31c-84a0ae4f5bf3">
          <Coords points="2857,1749 2861,1749 2911,1747 2959,1743 3001,1741 3002,1786 2963,1788 2912,1792 2862,1794 2858,1794"/>
          <TextEquiv>
            <Unicode>mede</Unicode>
          </TextEquiv>
        </Word>
        <Word id="word_5ae4b9b6-fa2f-4dc9-8671-73d05f498720">
          <Coords points="3037,1740 3061,1739 3111,1737 3145,1736 3146,1781 3112,1782 3062,1784 3038,1785"/>
          <TextEquiv>
            <Unicode>ter</Unicode>
          </TextEquiv>
        </Word>
        <Word id="word_9179a740-dac4-4a82-98ad-9a7e2d0153c9">
          <Coords points="3180,1736 3210,1734 3261,1733 3311,1731 3362,1731 3397,1730 3398,1775 3362,1776 3312,1776 3262,1778 3213,1779 3182,1781"/>
          <TextEquiv>
            <Unicode>reijse</Unicode>
          </TextEquiv>
        </Word>
        <TextEquiv conf="0.9259771749403364">
          <Unicode>de Groot ende dircq Meulenaer, sich mede ter reijse</Unicode>
        </TextEquiv>
        <TextStyle xHeight="54"/>
      </TextLine>
      <TextLine id="b45e4e5b-544d-4b0a-80cc-3dc5ee675920">
        <Coords points="1515,1843 1646,1846 1653,1839 1741,1838 1749,1846 2113,1851 2121,1843 2293,1843 2321,1822 2513,1822 2673,1830 2713,1859 2793,1859 2857,1796 2977,1784 3121,1789 3127,1783 3173,1819 3277,1818 3305,1838 3374,1838 3374,1931 3217,1930 3165,1958 2833,1957 2805,1966 2749,2022 2736,2013 2693,2009 2645,1962 2631,1974 2597,1961 2293,1966 2277,1982 2221,2002 1515,2006"/>
        <Baseline points="1561,1955 1611,1958 1661,1955 1711,1954 1761,1952 1811,1949 1861,1946 1911,1944 1961,1942 2011,1941 2061,1939 2111,1938 2161,1938 2211,1939 2261,1940 2311,1940 2361,1938 2411,1936 2461,1934 2511,1932 2561,1931 2611,1929 2661,1927 2711,1925 2761,1922 2811,1919 2861,1917 2911,1917 2961,1916 3011,1915 3061,1913 3111,1913 3161,1911 3211,1909 3261,1907 3311,1905 3329,1908"/>
        <Word id="word_6c5d2eab-3040-4cff-8532-f4d964e19b0b">
          <Coords points="1563,1920 1613,1923 1659,1920 1710,1919 1748,1918 1749,1962 1711,1964 1662,1965 1610,1968 1560,1965"/>
          <TextEquiv>
            <Unicode>soude</Unicode>
          </TextEquiv>
        </Word>
        <Word id="word_60572ae2-d0d7-4722-b055-ae721a8563bc">
          <Coords points="1784,1916 1808,1914 1859,1911 1910,1909 1960,1907 2010,1906 2060,1904 2110,1903 2161,1903 2212,1904 2239,1905 2238,1950 2211,1949 2161,1948 2111,1948 2061,1949 2011,1951 1961,1952 1911,1954 1862,1956 1812,1959 1787,1961"/>
          <TextEquiv>
            <Unicode>prepareeren,</Unicode>
          </TextEquiv>
        </Word>
        <Word id="word_0e3c95be-a9fd-455d-9ff0-64d9604da68a">
          <Coords points="2275,1905 2311,1905 2360,1903 2410,1901 2425,1900 2427,1945 2411,1946 2361,1948 2311,1950 2276,1950"/>
          <TextEquiv>
            <Unicode>omme</Unicode>
          </TextEquiv>
        </Word>
        <Word id="word_0b4511f6-1f44-471d-a5d5-167cc62e60c7">
          <Coords points="2462,1899 2510,1897 2560,1896 2575,1895 2577,1940 2561,1941 2511,1942 2464,1944"/>
          <TextEquiv>
            <Unicode>met</Unicode>
          </TextEquiv>
        </Word>
        <Word id="word_58c66090-fe02-418c-a015-2dc7beaf2623">
          <Coords points="2613,1894 2660,1892 2688,1891 2690,1936 2661,1937 2615,1939"/>
          <TextEquiv>
            <Unicode>de</Unicode>
          </TextEquiv>
        </Word>
        <Word id="word_d1737877-cd23-4fae-a68d-301bebf20f8e">
          <Coords points="2725,1889 2759,1887 2809,1884 2860,1882 2911,1882 2952,1881 2953,1926 2911,1927 2861,1927 2812,1929 2762,1932 2728,1934"/>
          <TextEquiv>
            <Unicode>fluijt</Unicode>
          </TextEquiv>
        </Word>
        <Word id="word_3b80adf8-2f3f-4991-87b9-182b4643555d">
          <Coords points="2990,1880 3010,1880 3060,1878 3111,1878 3160,1876 3210,1874 3260,1872 3310,1870 3335,1873 3327,1918 3311,1915 3261,1917 3211,1919 3161,1921 3111,1923 3061,1923 3011,1925 2991,1925"/>
          <TextEquiv>
            <Unicode>overschie</Unicode>
          </TextEquiv>
        </Word>
        <TextEquiv conf="0.9056087232668629">
          <Unicode>soude prepareeren, omme met de fluijt overschie</Unicode>
        </TextEquiv>
        <TextStyle xHeight="53"/>
      </TextLine>
      <TextLine id="f04a523d-0c3a-4301-9a32-1451014bbc12">
        <Coords points="1533,2007 2235,2000 2279,1980 2295,1964 2608,1964 2632,1976 2667,2011 2711,2011 2748,2023 2807,1964 2823,1961 3143,1961 3175,1953 3371,1952 3400,1977 3400,2071 3103,2076 3047,2128 2999,2127 2975,2103 2871,2103 2851,2083 2839,2083 2815,2104 2631,2100 2611,2116 2387,2119 2375,2128 2341,2107 2287,2107 2275,2116 2059,2116 1983,2111 1963,2099 1919,2099 1847,2104 1819,2132 1795,2143 1759,2143 1735,2155 1675,2155 1657,2142 1533,2142"/>
        <Baseline points="1579,2092 1629,2090 1679,2091 1729,2088 1779,2089 1829,2091 1879,2090 1929,2088 1979,2088 2029,2085 2079,2083 2129,2078 2179,2076 2229,2075 2279,2075 2329,2075 2379,2075 2429,2076 2479,2077 2529,2078 2579,2077 2629,2077 2679,2075 2729,2074 2779,2072 2829,2070 2879,2068 2929,2065 2979,2062 3029,2060 3079,2058 3129,2056 3179,2053 3229,2051 3279,2048 3329,2046 3355,2048"/>
        <Word id="word_50a20fbd-750a-4416-bc98-e955ce9d6798">
          <Coords points="1578,2057 1628,2055 1669,2056 1668,2101 1629,2100 1579,2102"/>
          <TextEquiv>
            <Unicode>in</Unicode>
          </TextEquiv>
        </Word>
        <Word id="word_9e70492c-0ede-417e-83e0-42d489925e4f">
          <Coords points="1705,2057 1722,2054 1780,2054 1830,2056 1878,2055 1928,2053 1979,2053 2021,2050 2023,2095 1979,2098 1929,2098 1879,2100 1829,2101 1779,2099 1731,2098 1714,2101"/>
          <TextEquiv>
            <Unicode>passant</Unicode>
          </TextEquiv>
        </Word>
        <Word id="word_b1c038d4-1b5b-4400-a5cf-0397bc6ff12b">
          <Coords points="2068,2048 2080,2048 2126,2043 2178,2041 2228,2040 2279,2040 2329,2040 2378,2040 2378,2085 2329,2085 2279,2085 2229,2085 2179,2086 2130,2088 2079,2093 2067,2093"/>
          <TextEquiv>
            <Unicode>nankijn</Unicode>
          </TextEquiv>
        </Word>
        <Word id="word_208c7a1f-e517-4eeb-9b73-46be84cd1301">
          <Coords points="2427,2040 2434,2041 2480,2042 2530,2043 2578,2042 2600,2042 2600,2087 2579,2087 2529,2088 2479,2087 2428,2086 2421,2085"/>
          <TextEquiv>
            <Unicode>ofte</Unicode>
          </TextEquiv>
        </Word>
        <Word id="word_1e00787a-e824-4e65-a317-d1230f6c341a">
          <Coords points="2642,2042 2677,2040 2728,2039 2776,2037 2778,2082 2729,2084 2680,2085 2645,2087"/>
          <TextEquiv>
            <Unicode>wel</Unicode>
          </TextEquiv>
        </Word>
        <Word id="word_63c0b749-67d8-4905-990e-caef481ba416">
          <Coords points="2821,2035 2828,2035 2878,2033 2927,2030 2977,2027 3028,2025 3078,2023 3128,2021 3175,2018 3178,2063 3129,2066 3079,2068 3029,2070 2980,2072 2930,2075 2879,2078 2829,2080 2822,2080"/>
          <TextEquiv>
            <Unicode>nimbepoe</Unicode>
          </TextEquiv>
        </Word>
        <Word id="word_40ebf702-8ddf-48d1-a02a-016c6c382df0">
          <Coords points="3224,2016 3232,2016 3277,2013 3328,2011 3357,2013 3354,2058 3329,2056 3280,2058 3228,2061 3221,2060"/>
          <TextEquiv>
            <Unicode>aen</Unicode>
          </TextEquiv>
        </Word>
        <TextEquiv conf="0.9102522597819009">
          <Unicode>in passant nankijn ofte wel nimbepoe aen</Unicode>
        </TextEquiv>
        <TextStyle xHeight="47"/>
      </TextLine>
      <TextLine id="line_8e71fd29-d1a6-442e-94d6-b853fdfc5e74">
        <Coords points="1571,2140 1661,2140 1677,2156 1721,2157 1745,2153 1761,2141 1793,2141 1837,2102 1962,2098 1985,2112 2061,2117 2273,2117 2297,2103 2337,2103 2369,2125 2381,2125 2393,2116 2610,2117 2629,2102 2817,2102 2837,2085 2853,2085 2869,2101 2977,2105 3001,2125 3116,2116 3141,2124 3157,2140 3289,2141 3430,2128 3430,2221 3401,2221 3388,2232 3376,2220 3365,2220 3309,2249 3033,2253 3013,2236 2833,2237 2821,2249 2609,2244 2549,2249 2513,2281 2301,2281 2289,2292 2125,2296 2084,2328 2021,2327 2009,2315 1961,2311 1753,2311 1726,2284 1571,2295"/>
        <Baseline points="1617,2233 1667,2234 1717,2234 1767,2234 1817,2235 1867,2237 1917,2235 1967,2234 2017,2233 2067,2232 2117,2231 2167,2229 2217,2230 2267,2229 2317,2229 2367,2228 2417,2225 2467,2225 2517,2223 2567,2223 2617,2222 2667,2220 2717,2218 2767,2214 2817,2211 2867,2209 2917,2206 2967,2204 3017,2202 3067,2201 3117,2200 3167,2198 3217,2196 3267,2195 3317,2196 3367,2196 3385,2198"/>
        <Word id="word_18c3e2bc-ef89-4a43-a811-8c515411c438">
          <Coords points="1618,2198 1668,2199 1699,2199 1699,2244 1667,2244 1617,2243"/>
          <TextEquiv>
            <Unicode>te</Unicode>
          </TextEquiv>
        </Word>
        <Word id="word_09a7b3fb-13af-477e-b642-e8cce572ba53">
          <Coords points="1740,2199 1767,2199 1818,2200 1868,2202 1916,2200 1945,2199 1946,2244 1917,2245 1867,2247 1817,2245 1767,2244 1740,2244"/>
          <TextEquiv>
            <Unicode>doen,</Unicode>
          </TextEquiv>
        </Word>
        <Word id="word_bc2b1620-5574-48f0-82bd-7a8e6b9d952f">
          <Coords points="1986,2199 2016,2198 2066,2197 2116,2196 2166,2194 2218,2195 2233,2195 2234,2240 2217,2240 2167,2239 2117,2241 2067,2242 2017,2243 1987,2244"/>
          <TextEquiv>
            <Unicode>eenige</Unicode>
          </TextEquiv>
        </Word>
        <Word id="word_05ece2c0-939f-4b1c-9c59-2c8589aa2bda">
          <Coords points="2275,2194 2317,2194 2366,2193 2415,2190 2467,2190 2516,2188 2567,2188 2616,2187 2666,2185 2685,2184 2687,2229 2667,2230 2617,2232 2567,2233 2517,2233 2467,2235 2418,2235 2367,2238 2317,2239 2275,2239"/>
          <TextEquiv>
            <Unicode>Europische</Unicode>
          </TextEquiv>
        </Word>
        <Word id="word_56cac3a8-fc67-4d5b-a6f6-aaa01d948a1d">
          <Coords points="2724,2183 2764,2179 2815,2176 2849,2175 2851,2220 2818,2221 2768,2224 2728,2228"/>
          <TextEquiv>
            <Unicode>als</Unicode>
          </TextEquiv>
        </Word>
        <Word id="word_d55a444b-575d-4a46-9533-ea31a6e306d0">
          <Coords points="2889,2173 2914,2171 2966,2169 3016,2167 3066,2166 3116,2165 3137,2164 3139,2209 3117,2210 3067,2211 3017,2212 2967,2214 2918,2216 2892,2218"/>
          <TextEquiv>
            <Unicode>andere</Unicode>
          </TextEquiv>
        </Word>
        <Word id="word_fac667fb-a15b-45bb-9067-ad520ee54cec">
          <Coords points="3178,2163 3216,2161 3266,2160 3318,2161 3367,2161 3389,2163 3384,2208 3367,2206 3317,2206 3267,2205 3217,2206 3180,2207"/>
          <TextEquiv>
            <Unicode>waren</Unicode>
          </TextEquiv>
        </Word>
        <TextEquiv conf="0.9238680359355324">
          <Unicode>te doen, eenige Europische als andere waren</Unicode>
        </TextEquiv>
        <TextStyle xHeight="53"/>
      </TextLine>
      <TextLine id="b6c6d8d9-ec24-4ac0-adde-a5e68236879c">
        <Coords points="1569,2288 1683,2289 1699,2276 1707,2284 1727,2284 1767,2324 2074,2329 2095,2324 2130,2289 2145,2287 2162,2293 2290,2293 2302,2281 2514,2281 2554,2246 2822,2250 2841,2233 3013,2237 3041,2262 3258,2261 3289,2285 3398,2285 3398,2378 3376,2393 3233,2380 2838,2372 2794,2401 2702,2401 2690,2409 2650,2409 2589,2466 2554,2464 2546,2472 2478,2408 2298,2408 2263,2440 2198,2439 2182,2428 2030,2428 2006,2404 1980,2397 1867,2397 1851,2413 1659,2413 1651,2421 1569,2421"/>
        <Baseline points="1615,2385 1665,2385 1715,2384 1765,2383 1815,2381 1865,2379 1915,2379 1965,2377 2015,2375 2065,2375 2115,2377 2165,2378 2215,2377 2265,2378 2315,2377 2365,2376 2415,2375 2465,2374 2515,2371 2565,2369 2615,2367 2665,2366 2715,2362 2765,2361 2815,2360 2865,2359 2915,2358 2965,2358 3015,2357 3065,2359 3115,2359 3165,2358 3215,2357 3265,2357 3315,2355 3353,2355"/>
        <Word id="word_21c6e000-d240-47b3-8e0d-d3b02e97767b">
          <Coords points="1615,2350 1665,2350 1714,2349 1764,2348 1787,2347 1789,2392 1765,2393 1715,2394 1665,2395 1615,2395"/>
          <TextEquiv>
            <Unicode>mede</Unicode>
          </TextEquiv>
        </Word>
        <Word id="word_20be12d2-b168-4fba-8eb6-ed17c4f04930">
          <Coords points="1831,2345 1864,2344 1915,2344 1964,2342 2014,2340 2065,2340 2116,2342 2137,2342 2136,2387 2115,2387 2065,2385 2015,2385 1965,2387 1915,2389 1865,2389 1833,2390"/>
          <TextEquiv>
            <Unicode>neemen,</Unicode>
          </TextEquiv>
        </Word>
        <Word id="word_4b78bf7b-89c1-4815-8b56-1f1bb7b5102d">
          <Coords points="2179,2343 2214,2342 2266,2343 2310,2342 2310,2387 2265,2388 2215,2387 2180,2388"/>
          <TextEquiv>
            <Unicode>soo</Unicode>
          </TextEquiv>
        </Word>
        <Word id="word_c42b7012-6087-43d6-be6e-968528f86b03">
          <Coords points="2353,2341 2364,2341 2414,2340 2464,2339 2482,2338 2485,2383 2465,2384 2415,2385 2365,2386 2354,2386"/>
          <TextEquiv>
            <Unicode>int</Unicode>
          </TextEquiv>
        </Word>
        <Word id="word_28da348f-c2b1-4596-a29f-8a923679c45f">
          <Coords points="2526,2335 2564,2334 2614,2332 2664,2331 2712,2327 2744,2326 2745,2371 2716,2372 2665,2376 2615,2377 2565,2379 2528,2380"/>
          <TextEquiv>
            <Unicode>Eerst</Unicode>
          </TextEquiv>
        </Word>
        <Word id="word_09d38f49-f350-4f8c-845b-50ae099757bb">
          <Coords points="2787,2326 2814,2325 2864,2324 2914,2323 2965,2323 3014,2322 3066,2324 3115,2324 3164,2323 3178,2323 3179,2368 3165,2368 3115,2369 3065,2369 3015,2367 2965,2368 2915,2368 2865,2369 2815,2370 2788,2371"/>
          <TextEquiv>
            <Unicode>aenlanden</Unicode>
          </TextEquiv>
        </Word>
        <Word id="word_b9595985-0bce-49eb-9a25-b96eaaf3accc">
          <Coords points="3223,2322 3265,2322 3314,2320 3353,2320 3353,2365 3315,2365 3265,2367 3223,2367"/>
          <TextEquiv>
            <Unicode>tot</Unicode>
          </TextEquiv>
        </Word>
        <TextEquiv conf="0.9260291707451418">
          <Unicode>mede neemen, soo int Eerst aenlanden tot</Unicode>
        </TextEquiv>
        <TextStyle xHeight="46"/>
      </TextLine>
      <TextLine id="c326ea7d-441d-4abd-95b3-0195e021fda6">
        <Coords points="1557,2421 1651,2421 1659,2413 1851,2413 1867,2397 1980,2397 2007,2404 2031,2428 2183,2428 2199,2440 2259,2441 2299,2408 2479,2408 2547,2472 2555,2464 2588,2464 2643,2409 2795,2401 2839,2372 2935,2372 2999,2380 3319,2384 3372,2426 3372,2519 2859,2520 2817,2560 2767,2559 2731,2527 2719,2527 2675,2564 2419,2564 2375,2592 2303,2592 2291,2600 2207,2599 2163,2555 1879,2551 1851,2556 1827,2576 1795,2588 1767,2592 1701,2648 1680,2647 1628,2595 1595,2596 1557,2632"/>
        <Baseline points="1603,2523 1653,2525 1703,2524 1753,2523 1803,2523 1853,2523 1903,2521 1953,2519 2003,2517 2053,2515 2103,2513 2153,2512 2203,2511 2253,2511 2303,2511 2353,2510 2403,2508 2453,2507 2503,2507 2553,2507 2603,2505 2653,2504 2703,2504 2753,2502 2803,2500 2853,2499 2903,2499 2953,2498 3003,2498 3053,2497 3103,2496 3153,2495 3203,2494 3253,2497 3303,2498 3327,2496"/>
        <Word id="word_949e7662-3ec6-4b39-8dce-cdea39b295a1">
          <Coords points="1604,2488 1654,2490 1702,2489 1752,2488 1803,2488 1853,2488 1902,2486 1952,2484 1955,2484 1957,2529 1953,2529 1903,2531 1853,2533 1803,2533 1753,2533 1703,2534 1653,2535 1603,2533"/>
          <TextEquiv>
            <Unicode>weijnich</Unicode>
          </TextEquiv>
        </Word>
        <Word id="word_b113e0ff-126a-484a-b726-89379c0102cc">
          <Coords points="1999,2482 2002,2482 2052,2480 2102,2478 2152,2477 2202,2476 2253,2476 2303,2476 2352,2475 2402,2473 2452,2472 2487,2472 2487,2517 2453,2517 2403,2518 2353,2520 2303,2521 2253,2521 2203,2521 2153,2522 2103,2523 2053,2525 2003,2527 2001,2527"/>
          <TextEquiv>
            <Unicode>schenckagie</Unicode>
          </TextEquiv>
        </Word>
        <Word id="word_0e716da2-bb5d-49d8-bf26-ba39e3b3c750">
          <Coords points="2531,2472 2553,2472 2602,2470 2619,2470 2620,2515 2603,2515 2553,2517 2531,2517"/>
          <TextEquiv>
            <Unicode>te</Unicode>
          </TextEquiv>
        </Word>
        <Word id="word_ee593098-b9d7-4b3b-bbfb-05db540c6392">
          <Coords points="2664,2469 2703,2469 2752,2467 2802,2465 2852,2464 2903,2464 2952,2463 3003,2463 3052,2462 3102,2461 3150,2460 3150,2505 3103,2506 3053,2507 3003,2508 2953,2508 2903,2509 2853,2509 2803,2510 2753,2512 2703,2514 2664,2514"/>
          <TextEquiv>
            <Unicode>Gebruijcken</Unicode>
          </TextEquiv>
        </Word>
        <Word id="word_0644fea4-f646-4225-baad-876614002e8c">
          <Coords points="3194,2459 3202,2459 3255,2462 3304,2463 3324,2461 3328,2506 3303,2508 3252,2507 3203,2504 3195,2504"/>
          <TextEquiv>
            <Unicode>als</Unicode>
          </TextEquiv>
        </Word>
        <TextEquiv conf="0.9493674060475407">
          <Unicode>weijnich schenckagie te Gebruijcken als</Unicode>
        </TextEquiv>
        <TextStyle xHeight="53"/>
      </TextLine>
      <TextLine id="e7b05400-1514-4801-97d4-87e45a39f5e1">
        <Coords points="2495,2562 2672,2562 2720,2525 2730,2525 2768,2558 2817,2558 2836,2542 2872,2541 2900,2566 3375,2553 3375,2646 3035,2645 2852,2657 2609,2660 2597,2669 2583,2660 2495,2653"/>
        <Baseline points="2541,2649 2591,2648 2641,2648 2691,2650 2741,2649 2791,2648 2841,2647 2891,2645 2941,2643 2991,2641 3041,2638 3091,2634 3141,2633 3191,2631 3241,2628 3291,2626 3330,2623"/>
        <Word id="word_34684896-dee2-40b7-a8eb-9cead4a4aaf6">
          <Coords points="2540,2614 2590,2613 2641,2613 2692,2615 2740,2614 2790,2613 2803,2613 2804,2658 2791,2658 2741,2659 2691,2660 2641,2658 2591,2658 2541,2659"/>
          <TextEquiv>
            <Unicode>swel</Unicode>
          </TextEquiv>
        </Word>
        <Word id="word_e7700bdc-9e13-481b-9826-d598c3b37665">
          <Coords points="2868,2612 2889,2610 2940,2608 2990,2606 3039,2603 3088,2599 3140,2598 3190,2596 3239,2593 3290,2591 3327,2588 3331,2633 3291,2636 3242,2638 3191,2641 3141,2643 3092,2644 3042,2648 2991,2651 2941,2653 2892,2655 2871,2656"/>
          <TextEquiv>
            <Unicode>vertier</Unicode>
          </TextEquiv>
        </Word>
        <TextEquiv conf="0.7727988497731862">
          <Unicode>swel vertier</Unicode>
        </TextEquiv>
        <TextStyle xHeight="36"/>
      </TextLine>
      <TextLine id="line_33b94f0f-f9cd-4114-9937-38eff4fad147">
        <Coords points="1540,2636 1562,2636 1602,2596 1628,2595 1683,2648 1700,2648 1766,2592 1818,2580 1854,2557 1878,2552 2162,2556 2198,2591 2378,2592 2406,2575 2527,2579 2527,2673 2515,2679 2486,2667 2422,2668 2362,2716 2130,2716 2118,2707 1970,2703 1898,2704 1886,2716 1810,2720 1540,2723"/>
        <Baseline points="1586,2688 1636,2683 1686,2684 1736,2681 1786,2678 1836,2677 1886,2676 1936,2675 1986,2673 2036,2672 2086,2670 2136,2668 2186,2667 2236,2664 2286,2662 2336,2662 2386,2659 2436,2653 2482,2650"/>
        <Word id="word_4fce6bc0-d043-43e6-982d-b018739e767e">
          <Coords points="1583,2653 1633,2648 1687,2649 1734,2646 1784,2643 1835,2642 1884,2641 1885,2686 1836,2687 1787,2688 1737,2691 1686,2694 1637,2693 1587,2698"/>
          <TextEquiv>
            <Unicode>wijders</Unicode>
          </TextEquiv>
        </Word>
        <Word id="word_96639118-1d06-4752-b4ad-183a9707b9d1">
          <Coords points="1927,2640 1935,2640 1985,2638 2035,2637 2054,2636 2056,2681 2036,2682 1986,2683 1936,2685 1928,2685"/>
          <TextEquiv>
            <Unicode>den</Unicode>
          </TextEquiv>
        </Word>
        <Word id="word_b2accaef-2061-4743-9470-182e22b653fe">
          <Coords points="2097,2635 2135,2633 2185,2632 2234,2629 2285,2627 2336,2627 2352,2626 2355,2671 2336,2672 2286,2672 2237,2674 2186,2677 2136,2678 2099,2680"/>
          <TextEquiv>
            <Unicode>handel</Unicode>
          </TextEquiv>
        </Word>
        <Word id="word_cc9016c0-3ceb-41c4-ac21-36d0e9ae67e2">
          <Coords points="2392,2624 2431,2618 2480,2615 2483,2660 2437,2663 2398,2668"/>
          <TextEquiv>
            <Unicode>of</Unicode>
          </TextEquiv>
        </Word>
        <TextEquiv conf="0.940206499976596">
          <Unicode>wijders den handel of</Unicode>
        </TextEquiv>
        <TextStyle xHeight="47"/>
      </TextLine>
      <TextLine id="f733c0e3-8cdc-44ad-9497-fd9cb341725e">
        <Coords points="1566,2726 1808,2723 1816,2715 1884,2715 1892,2707 1912,2706 2364,2715 2380,2702 2575,2699 2619,2660 2692,2660 2716,2675 2739,2656 2807,2664 3369,2659 3403,2687 3419,2687 3444,2703 3444,2796 3366,2863 3223,2867 3195,2842 3139,2842 3131,2834 2839,2835 2819,2855 2488,2854 2300,2842 2260,2843 2216,2886 2148,2885 2140,2877 1992,2877 1956,2869 1920,2842 1704,2838 1669,2870 1632,2878 1566,2878"/>
        <Baseline points="1612,2827 1662,2824 1712,2825 1762,2826 1812,2823 1862,2820 1912,2819 1962,2818 2012,2814 2062,2813 2112,2814 2162,2813 2212,2812 2262,2811 2312,2810 2362,2810 2412,2809 2462,2809 2512,2808 2562,2803 2612,2799 2662,2796 2712,2794 2762,2792 2812,2792 2862,2787 2912,2784 2962,2784 3012,2784 3062,2782 3112,2781 3162,2779 3212,2778 3262,2777 3312,2776 3362,2774 3399,2773"/>
        <Word id="word_ea8e53bf-9181-482f-8d44-a070c1611350">
          <Coords points="1610,2792 1660,2789 1713,2790 1763,2791 1810,2788 1860,2785 1911,2784 1961,2783 1962,2828 1912,2829 1863,2830 1813,2833 1762,2836 1712,2835 1663,2834 1613,2837"/>
          <TextEquiv>
            <Unicode>desselffs</Unicode>
          </TextEquiv>
        </Word>
        <Word id="word_18a1012e-ff1e-40b0-a93d-4cb9842db0a8">
          <Coords points="1991,2784 2003,2780 2061,2778 2113,2779 2161,2778 2211,2777 2261,2776 2311,2775 2362,2775 2411,2774 2462,2774 2505,2773 2506,2818 2462,2819 2412,2819 2362,2820 2312,2820 2262,2821 2212,2822 2162,2823 2112,2824 2062,2823 2015,2824 2003,2827"/>
          <TextEquiv>
            <Unicode>t'onderstaen,</Unicode>
          </TextEquiv>
        </Word>
        <Word id="word_55af7e33-faca-480b-93ed-0e0489ad91fb">
          <Coords points="2536,2773 2554,2769 2580,2766 2583,2811 2564,2813 2547,2817"/>
          <TextEquiv>
            <Unicode>t</Unicode>
          </TextEquiv>
        </Word>
        <Word id="word_e8580ee3-d947-4055-8c0f-8763151e33eb">
          <Coords points="2619,2763 2660,2761 2711,2759 2761,2757 2812,2757 2812,2757 2817,2802 2812,2802 2762,2802 2712,2804 2663,2806 2622,2808"/>
          <TextEquiv>
            <Unicode>Cap:l</Unicode>
          </TextEquiv>
        </Word>
        <Word id="word_3cda70dc-2989-4610-839a-d9db47121cb5">
          <Coords points="2851,2753 2859,2752 2910,2749 2962,2749 3012,2749 3061,2747 3087,2746 3088,2791 3062,2792 3012,2794 2962,2794 2913,2794 2863,2797 2855,2798"/>
          <TextEquiv>
            <Unicode>alhier</Unicode>
          </TextEquiv>
        </Word>
        <Word id="word_e32a2f77-163b-4de3-8897-a142b7444538">
          <Coords points="3125,2746 3160,2744 3203,2743 3204,2788 3162,2789 3127,2791"/>
          <TextEquiv>
            <Unicode>in</Unicode>
          </TextEquiv>
        </Word>
        <Word id="word_a3fbfa7e-255e-4bcc-98f2-c57a44d612f3">
          <Coords points="3242,2742 3261,2742 3311,2741 3361,2739 3397,2738 3399,2783 3362,2784 3312,2786 3262,2787 3243,2787"/>
          <TextEquiv>
            <Unicode>eeni</Unicode>
          </TextEquiv>
        </Word>
        <TextEquiv conf="0.84854428814761">
          <Unicode>desselffs t'onderstaen, t Cap:l alhier in eeni</Unicode>
        </TextEquiv>
        <TextStyle xHeight="58"/>
      </TextLine>
      <TextLine id="line_5a3faac3-cea8-4d15-b244-674b59bcb999">
        <Coords points="1536,2881 1634,2877 1670,2869 1686,2853 1858,2844 2410,2844 2490,2853 2822,2853 2842,2833 3130,2832 3138,2840 3194,2840 3230,2869 3370,2861 3378,2854 3383,2859 3383,2953 3377,2955 3122,2955 3098,2979 3034,2983 2786,2974 2726,3026 2314,3025 2286,2998 2254,2998 2246,2990 2142,3003 2122,2991 1910,2990 1882,3014 1846,3026 1830,3015 1536,3010"/>
        <Baseline points="1582,2956 1632,2958 1682,2957 1732,2956 1782,2957 1832,2957 1882,2954 1932,2952 1982,2951 2032,2949 2082,2948 2132,2950 2182,2952 2232,2949 2282,2947 2332,2945 2382,2941 2432,2940 2482,2940 2532,2939 2582,2937 2632,2936 2682,2936 2732,2935 2782,2934 2832,2935 2882,2935 2932,2935 2982,2933 3032,2931 3082,2930 3132,2928 3182,2927 3232,2926 3282,2927 3332,2930 3338,2930"/>
        <Word id="word_1d4c2c81-b584-4b72-824f-8d6e1a32d456">
          <Coords points="1583,2921 1633,2923 1669,2922 1670,2967 1632,2968 1582,2966"/>
          <TextEquiv>
            <Unicode>de</Unicode>
          </TextEquiv>
        </Word>
        <Word id="word_ae9e7a7e-7221-4155-b496-123b3436a539">
          <Coords points="1713,2921 1731,2921 1783,2922 1832,2922 1880,2919 1931,2917 1933,2917 1933,2962 1932,2962 1883,2964 1832,2967 1782,2967 1732,2966 1714,2966"/>
          <TextEquiv>
            <Unicode>meest</Unicode>
          </TextEquiv>
        </Word>
        <Word id="word_eecce19c-eef9-4305-adcb-015963e5715b">
          <Coords points="1976,2916 1981,2916 2031,2914 2081,2913 2133,2915 2183,2917 2230,2914 2281,2912 2331,2910 2379,2906 2431,2905 2482,2905 2503,2905 2504,2950 2482,2950 2432,2950 2383,2951 2332,2955 2282,2957 2233,2959 2182,2962 2132,2960 2082,2958 2032,2959 1982,2961 1977,2961"/>
          <TextEquiv>
            <Unicode>winstgevende</Unicode>
          </TextEquiv>
        </Word>
        <Word id="word_536de2e7-d938-4ad3-bdf6-10705a60b653">
          <Coords points="2546,2904 2580,2902 2631,2901 2682,2901 2731,2900 2767,2899 2767,2944 2732,2945 2682,2946 2632,2946 2582,2947 2548,2949"/>
          <TextEquiv>
            <Unicode>waren</Unicode>
          </TextEquiv>
        </Word>
        <Word id="word_995b2cb7-7105-474a-8ca0-c678d6883926">
          <Coords points="2814,2899 2835,2900 2882,2900 2899,2900 2899,2945 2882,2945 2831,2945 2810,2943"/>
          <TextEquiv>
            <Unicode>te</Unicode>
          </TextEquiv>
        </Word>
        <Word id="word_bf61b62d-9d61-4db9-847c-b8ac8d572d32">
          <Coords points="2941,2900 2980,2898 3031,2896 3081,2895 3131,2893 3181,2892 3231,2891 3283,2892 3334,2895 3338,2895 3338,2940 3331,2940 3282,2937 3232,2936 3182,2937 3132,2938 3082,2940 3032,2941 2983,2943 2943,2945"/>
          <TextEquiv>
            <Unicode>versetten</Unicode>
          </TextEquiv>
        </Word>
        <TextEquiv conf="0.912664014124375">
          <Unicode>de meest winstgevende waren te versetten</Unicode>
        </TextEquiv>
        <TextStyle xHeight="54"/>
      </TextLine>
      <TextLine id="c5cc2b5e-f228-4d5f-8162-16aeb34b3bb1">
        <Coords points="1519,3009 1648,3009 1665,3021 1798,3021 1822,3045 1832,3045 1908,2989 2120,2990 2148,3006 2223,3006 2244,2989 2252,2997 2284,2997 2312,3025 2727,3026 2783,2974 2807,2973 3098,2978 3110,2969 3222,2969 3242,2977 3341,2977 3358,2993 3375,2996 3374,3092 3342,3092 3331,3081 3134,3085 3059,3153 3019,3152 2955,3096 2899,3097 2867,3129 2822,3156 2783,3117 2774,3124 2739,3112 2635,3112 2599,3145 2396,3149 2352,3136 1968,3136 1948,3153 1749,3157 1701,3112 1541,3112 1533,3104 1519,3105"/>
        <Baseline points="1565,3095 1615,3098 1665,3098 1715,3096 1765,3096 1815,3097 1865,3097 1915,3097 1965,3095 2015,3093 2065,3093 2115,3092 2165,3092 2215,3090 2265,3091 2315,3092 2365,3092 2415,3091 2465,3089 2515,3088 2565,3088 2615,3087 2665,3085 2715,3085 2765,3085 2815,3083 2865,3081 2915,3081 2965,3080 3015,3078 3065,3077 3115,3074 3165,3073 3215,3073 3265,3070 3315,3068 3330,3067"/>
        <Word id="word_19bc42f0-f191-45f6-ab20-435802d049d6">
          <Coords points="1567,3060 1617,3063 1665,3063 1714,3061 1715,3061 1715,3106 1715,3106 1665,3108 1614,3108 1564,3105"/>
          <TextEquiv>
            <Unicode>ende</Unicode>
          </TextEquiv>
        </Word>
        <Word id="word_52bab7d5-8434-4fe1-a60b-f77cab496197">
          <Coords points="1753,3061 1765,3061 1816,3062 1865,3062 1903,3062 1903,3107 1865,3107 1815,3107 1765,3106 1753,3106"/>
          <TextEquiv>
            <Unicode>sich</Unicode>
          </TextEquiv>
        </Word>
        <Word id="word_f0bae2ff-0898-41be-922d-db9d8007922a">
          <Coords points="1938,3062 1962,3060 2014,3058 2053,3058 2053,3103 2015,3103 1966,3105 1941,3107"/>
          <TextEquiv>
            <Unicode>soo</Unicode>
          </TextEquiv>
        </Word>
        <Word id="word_f988b8bd-192d-4054-a779-d62ceba1c3a0">
          <Coords points="2089,3058 2114,3057 2165,3057 2214,3055 2266,3056 2316,3057 2354,3057 2354,3102 2315,3102 2265,3101 2215,3100 2165,3102 2115,3102 2091,3103"/>
          <TextEquiv>
            <Unicode>vorders</Unicode>
          </TextEquiv>
        </Word>
        <Word id="word_decf81f4-6419-424e-9aad-5d700eea52da">
          <Coords points="2390,3057 2414,3056 2464,3054 2503,3053 2504,3098 2465,3099 2415,3101 2392,3102"/>
          <TextEquiv>
            <Unicode>der</Unicode>
          </TextEquiv>
        </Word>
        <Word id="word_b19b84f1-efa0-4698-9c79-96ee08e6ef80">
          <Coords points="2542,3052 2566,3053 2614,3052 2664,3050 2715,3050 2765,3050 2803,3048 2805,3093 2765,3095 2715,3095 2665,3095 2615,3097 2565,3098 2541,3097"/>
          <TextEquiv>
            <Unicode>havenen</Unicode>
          </TextEquiv>
        </Word>
        <Word id="word_430ad73f-7c4d-4102-9599-a33938a2c6db">
          <Coords points="2840,3047 2864,3046 2915,3046 2954,3045 2955,3090 2915,3091 2865,3091 2842,3092"/>
          <TextEquiv>
            <Unicode>off</Unicode>
          </TextEquiv>
        </Word>
        <Word id="word_bbcc0a2e-c408-4fd2-b278-550710d6c671">
          <Coords points="2990,3045 3013,3043 3064,3042 3113,3039 3164,3038 3215,3038 3253,3036 3255,3081 3215,3083 3165,3083 3116,3084 3065,3087 3016,3088 2993,3089"/>
          <TextEquiv>
            <Unicode>baijens</Unicode>
          </TextEquiv>
        </Word>
        <Word id="word_2af52633-2481-4805-b1ac-55447584a007">
          <Coords points="3292,3033 3314,3033 3328,3032 3331,3077 3315,3078 3293,3078"/>
          <TextEquiv>
            <Unicode>—</Unicode>
          </TextEquiv>
        </Word>
        <TextEquiv conf="0.9083655107390605">
          <Unicode>ende sich soo vorders der havenen off baijens —</Unicode>
        </TextEquiv>
        <TextStyle xHeight="43"/>
      </TextLine>
      <TextLine id="line_3e3c4f49-a75a-47d7-ac31-f0713c5c5117">
        <Coords points="1522,3104 1537,3100 1548,3111 1700,3111 1748,3156 1948,3152 1968,3135 2248,3135 2364,3139 2400,3152 2500,3152 2508,3144 2600,3144 2636,3111 2739,3111 2771,3128 2785,3116 2804,3135 2830,3135 2845,3147 2904,3093 2964,3099 3016,3151 3064,3152 3080,3139 3365,3137 3365,3230 2860,3227 2844,3240 2728,3240 2696,3271 2548,3271 2536,3283 2444,3283 2424,3266 2220,3266 2208,3258 2104,3258 2096,3250 1952,3250 1788,3239 1760,3255 1608,3259 1580,3275 1552,3275 1522,3303"/>
        <Baseline points="1568,3231 1618,3230 1668,3229 1718,3229 1768,3228 1818,3226 1868,3225 1918,3225 1968,3224 2018,3224 2068,3225 2118,3224 2168,3224 2218,3224 2268,3224 2318,3223 2368,3223 2418,3222 2468,3221 2518,3221 2568,3219 2618,3218 2668,3217 2718,3216 2768,3215 2818,3214 2868,3213 2918,3210 2968,3210 3018,3208 3068,3206 3118,3204 3168,3202 3218,3203 3268,3204 3318,3207 3320,3207"/>
        <Word id="word_90ebb51a-d601-47c6-af94-0cfa206b8583">
          <Coords points="1567,3196 1617,3195 1667,3194 1718,3194 1767,3193 1817,3191 1867,3190 1918,3190 1967,3189 2018,3189 2069,3190 2074,3190 2074,3235 2068,3235 2018,3234 1968,3234 1918,3235 1868,3235 1818,3236 1768,3238 1718,3239 1668,3239 1618,3240 1568,3241"/>
          <TextEquiv>
            <Unicode>gelegentheijt</Unicode>
          </TextEquiv>
        </Word>
        <Word id="word_475da8f3-7c52-4e17-88a6-51fb2e30cf8d">
          <Coords points="2112,3189 2117,3189 2168,3189 2218,3189 2268,3189 2268,3189 2269,3234 2268,3234 2218,3234 2168,3234 2118,3234 2113,3234"/>
          <TextEquiv>
            <Unicode>door</Unicode>
          </TextEquiv>
        </Word>
        <Word id="word_c5b69edb-85a5-426d-b3e3-2ef336417801">
          <Coords points="2307,3188 2317,3188 2368,3188 2417,3187 2424,3187 2425,3232 2418,3232 2368,3233 2318,3233 2308,3233"/>
          <TextEquiv>
            <Unicode>den</Unicode>
          </TextEquiv>
        </Word>
        <Word id="word_34a0e400-1b89-4636-8aac-36b1c8e17b54">
          <Coords points="2463,3186 2467,3186 2518,3186 2567,3184 2617,3183 2667,3182 2717,3181 2767,3180 2774,3180 2775,3225 2768,3225 2718,3226 2668,3227 2618,3228 2568,3229 2518,3231 2468,3231 2464,3231"/>
          <TextEquiv>
            <Unicode>Schipper</Unicode>
          </TextEquiv>
        </Word>
        <Word id="word_0440ea5c-8941-4e36-bdba-06922b7d49f9">
          <Coords points="2813,3179 2817,3179 2867,3178 2916,3175 2968,3175 2968,3175 2970,3220 2968,3220 2919,3220 2868,3223 2818,3224 2814,3224"/>
          <TextEquiv>
            <Unicode>ende</Unicode>
          </TextEquiv>
        </Word>
        <Word id="word_74f5be86-ff41-4676-a715-e302343fcd24">
          <Coords points="3007,3173 3017,3173 3067,3171 3117,3169 3167,3167 3219,3168 3269,3169 3320,3172 3320,3172 3320,3217 3317,3217 3268,3214 3218,3213 3168,3212 3118,3214 3068,3216 3018,3218 3009,3218"/>
          <TextEquiv>
            <Unicode>stierman</Unicode>
          </TextEquiv>
        </Word>
        <TextEquiv conf="0.9134357079627144">
          <Unicode>gelegentheijt door den Schipper ende stierman</Unicode>
        </TextEquiv>
        <TextStyle xHeight="44"/>
      </TextLine>
      <TextLine id="line_420a5227-df8c-4efc-9263-9e1da4259124">
        <Coords points="1521,3307 1555,3275 1583,3275 1607,3259 1759,3255 1787,3238 1951,3250 2095,3250 2103,3258 2207,3258 2219,3266 2423,3266 2443,3283 2535,3283 2547,3274 2967,3275 2979,3263 3263,3258 3375,3259 3391,3274 3432,3274 3432,3367 3419,3353 3259,3357 3187,3397 3123,3405 2811,3404 2755,3400 2735,3380 2559,3372 2543,3385 2515,3385 2491,3409 2255,3405 2211,3388 2103,3393 2071,3380 1919,3380 1883,3413 1866,3406 1832,3424 1591,3424 1583,3432 1521,3432"/>
        <Baseline points="1567,3368 1617,3366 1667,3365 1717,3364 1767,3362 1817,3360 1867,3360 1917,3359 1967,3358 2017,3356 2067,3355 2117,3355 2167,3354 2217,3355 2267,3357 2317,3358 2367,3358 2417,3359 2467,3359 2517,3358 2567,3358 2617,3358 2667,3359 2717,3358 2767,3357 2817,3355 2867,3354 2917,3354 2967,3354 3017,3353 3067,3351 3117,3351 3167,3349 3217,3348 3267,3347 3317,3346 3367,3345 3387,3344"/>
        <Word id="word_d9d3bf59-da98-460e-aec1-9f89a04ec876">
          <Coords points="1566,3333 1616,3331 1666,3330 1716,3329 1766,3327 1808,3325 1810,3370 1767,3372 1717,3374 1667,3375 1617,3376 1567,3378"/>
          <TextEquiv>
            <Unicode>bekent</Unicode>
          </TextEquiv>
        </Word>
        <Word id="word_5a1c343e-0d49-4f5a-bca0-9e1177c3b5c4">
          <Coords points="1853,3324 1870,3325 1916,3324 1930,3324 1931,3369 1917,3369 1866,3370 1849,3369"/>
          <TextEquiv>
            <Unicode>te</Unicode>
          </TextEquiv>
        </Word>
        <Word id="word_df8618a7-240f-4154-af4f-d26bc0beab28">
          <Coords points="1970,3323 2016,3321 2066,3320 2117,3320 2166,3319 2218,3320 2256,3322 2254,3366 2217,3365 2167,3364 2117,3365 2067,3365 2017,3366 1972,3368"/>
          <TextEquiv>
            <Unicode>maecken</Unicode>
          </TextEquiv>
        </Word>
        <Word id="word_94859832-2d54-4b61-a4c4-f96bd293efca">
          <Coords points="2295,3323 2317,3323 2367,3323 2418,3324 2467,3324 2516,3323 2538,3323 2538,3368 2517,3368 2467,3369 2417,3369 2367,3368 2317,3368 2295,3368"/>
          <TextEquiv>
            <Unicode>'tgeen</Unicode>
          </TextEquiv>
        </Word>
        <Word id="word_ed950772-7d5a-46ad-9035-9ed7bdef0236">
          <Coords points="2578,3323 2617,3323 2668,3324 2699,3323 2700,3368 2667,3369 2617,3368 2578,3368"/>
          <TextEquiv>
            <Unicode>ree</Unicode>
          </TextEquiv>
        </Word>
        <Word id="word_41394ed6-ceee-4f1e-9461-c3a49098d77a">
          <Coords points="2739,3323 2766,3322 2816,3320 2820,3320 2821,3365 2817,3365 2767,3367 2740,3368"/>
          <TextEquiv>
            <Unicode>al</Unicode>
          </TextEquiv>
        </Word>
        <Word id="word_140455b9-1964-4e04-a93b-549b32db2f30">
          <Coords points="2860,3319 2866,3319 2917,3319 2967,3319 3016,3318 3066,3316 3104,3316 3104,3361 3067,3361 3017,3363 2967,3364 2917,3364 2867,3364 2861,3364"/>
          <TextEquiv>
            <Unicode>hadden</Unicode>
          </TextEquiv>
        </Word>
        <Word id="word_42be0d61-30d4-456c-8641-f4dbcaded30f">
          <Coords points="3141,3316 3164,3314 3216,3313 3266,3312 3316,3311 3366,3310 3385,3309 3387,3354 3367,3355 3317,3356 3267,3357 3217,3358 3168,3359 3145,3361"/>
          <TextEquiv>
            <Unicode>beginn</Unicode>
          </TextEquiv>
        </Word>
        <TextEquiv conf="0.9005081819413867">
          <Unicode>bekent te maecken 'tgeen ree al hadden beginn</Unicode>
        </TextEquiv>
        <TextStyle xHeight="48"/>
      </TextLine>
      <TextLine id="c205cacc-97a5-4e48-993f-7f211e7d06ee">
        <Coords points="1534,3433 1584,3433 1592,3425 1831,3425 1866,3406 1883,3413 1919,3380 2071,3380 2103,3393 2211,3388 2255,3405 2490,3409 2514,3385 2542,3385 2557,3372 2734,3380 2754,3400 2806,3400 2826,3420 3285,3425 3297,3416 3330,3416 3330,3509 3173,3508 3161,3520 3085,3540 2922,3539 2910,3527 2878,3523 2542,3523 2490,3515 2423,3516 2391,3544 2339,3560 2243,3560 2216,3543 1987,3543 1961,3556 1939,3551 1923,3537 1716,3540 1688,3515 1664,3511 1534,3511"/>
        <Baseline points="1580,3499 1630,3501 1680,3501 1730,3500 1780,3498 1830,3497 1880,3496 1930,3494 1980,3494 2030,3493 2080,3496 2130,3497 2180,3495 2230,3496 2280,3496 2330,3496 2380,3497 2430,3498 2480,3499 2530,3499 2580,3500 2630,3500 2680,3500 2730,3499 2780,3499 2830,3498 2880,3497 2930,3497 2980,3495 3030,3493 3080,3493 3130,3491 3180,3490 3230,3491 3280,3489 3285,3486"/>
        <Word id="word_3e62e891-47f8-42a0-81cf-d3d8c279cc4a">
          <Coords points="1581,3464 1631,3466 1680,3466 1704,3466 1705,3511 1680,3511 1630,3511 1580,3509"/>
          <TextEquiv>
            <Unicode>int</Unicode>
          </TextEquiv>
        </Word>
        <Word id="word_670b0586-71c3-405b-bc0f-946d992e6f40">
          <Coords points="1745,3465 1778,3463 1829,3462 1879,3461 1929,3459 1954,3459 1954,3504 1930,3504 1880,3506 1830,3507 1780,3508 1747,3510"/>
          <TextEquiv>
            <Unicode>wercq</Unicode>
          </TextEquiv>
        </Word>
        <Word id="word_1948ce67-8483-4c5c-895d-09eb8aa2fe79">
          <Coords points="1995,3459 2029,3458 2081,3461 2079,3506 2030,3503 1996,3504"/>
          <TextEquiv>
            <Unicode>te</Unicode>
          </TextEquiv>
        </Word>
        <Word id="word_89bc169d-ef6b-4506-ba2a-0c74956ae86a">
          <Coords points="2115,3464 2125,3462 2179,3460 2231,3461 2280,3461 2330,3461 2381,3462 2431,3463 2454,3463 2453,3508 2430,3508 2380,3507 2330,3506 2280,3506 2230,3506 2180,3505 2132,3507 2122,3508"/>
          <TextEquiv>
            <Unicode>stellen,</Unicode>
          </TextEquiv>
        </Word>
        <Word id="word_114d82e7-9d98-43a8-8d05-ab65dfc94a17">
          <Coords points="2495,3464 2530,3464 2581,3465 2620,3465 2620,3510 2580,3510 2530,3509 2495,3509"/>
          <TextEquiv>
            <Unicode>dan</Unicode>
          </TextEquiv>
        </Word>
        <Word id="word_415fcbac-dafb-4245-81db-59f6e81ef6f5">
          <Coords points="2662,3465 2680,3465 2729,3464 2780,3464 2827,3463 2828,3508 2780,3509 2730,3509 2680,3510 2662,3510"/>
          <TextEquiv>
            <Unicode>seer</Unicode>
          </TextEquiv>
        </Word>
        <Word id="word_3d1e3123-c46c-4fbb-9684-66eb0596df78">
          <Coords points="2869,3462 2879,3462 2930,3462 2979,3460 3029,3458 3080,3458 3129,3456 3179,3455 3231,3456 3267,3456 3279,3454 3290,3495 3280,3499 3230,3501 3180,3500 3130,3501 3080,3503 3030,3503 2980,3505 2930,3507 2880,3507 2870,3507"/>
          <TextEquiv>
            <Unicode>onverwacht</Unicode>
          </TextEquiv>
        </Word>
        <TextEquiv conf="0.937414087036158">
          <Unicode>int wercq te stellen, dan seer onverwacht</Unicode>
        </TextEquiv>
        <TextStyle xHeight="44"/>
      </TextLine>
      <TextLine id="c0fa699b-fae4-4973-98e1-3baffb1af0ca">
        <Coords points="1538,3525 1683,3524 1700,3533 1924,3532 1961,3557 1973,3556 1988,3541 2215,3541 2244,3561 2356,3557 2396,3541 2428,3514 2460,3513 2516,3513 2540,3522 2880,3524 2948,3541 3368,3541 3381,3533 3397,3544 3397,3637 3347,3657 2844,3652 2784,3677 2724,3681 2680,3672 2656,3648 2552,3648 2516,3669 2412,3677 2352,3668 2324,3644 2228,3644 2212,3633 2032,3637 1984,3649 1628,3648 1616,3657 1538,3656"/>
        <Baseline points="1584,3637 1634,3636 1684,3634 1734,3633 1784,3632 1834,3629 1884,3627 1934,3626 1984,3624 2034,3622 2084,3623 2134,3622 2184,3621 2234,3621 2284,3620 2334,3620 2384,3618 2434,3618 2484,3620 2534,3620 2584,3622 2634,3619 2684,3615 2734,3612 2784,3611 2834,3612 2884,3615 2934,3616 2984,3615 3034,3615 3084,3615 3134,3615 3184,3615 3234,3615 3284,3615 3334,3616 3352,3614"/>
        <Word id="word_d26ebb37-45cb-42e5-a25e-03656471eade">
          <Coords points="1583,3602 1633,3601 1683,3599 1707,3599 1708,3644 1684,3644 1634,3646 1584,3647"/>
          <TextEquiv>
            <Unicode>soo</Unicode>
          </TextEquiv>
        </Word>
        <Word id="word_f42a753d-6e32-4cb7-a1da-1591b347cb4f">
          <Coords points="1748,3598 1783,3597 1832,3594 1870,3593 1872,3637 1835,3639 1784,3642 1749,3643"/>
          <TextEquiv>
            <Unicode>als</Unicode>
          </TextEquiv>
        </Word>
        <Word id="word_5fffa80d-008b-462f-b8a9-5df5b6614b71">
          <Coords points="1913,3591 1934,3591 1983,3589 2033,3587 2085,3588 2133,3587 2159,3586 2160,3631 2134,3632 2084,3633 2034,3632 1984,3634 1934,3636 1913,3636"/>
          <TextEquiv>
            <Unicode>meende</Unicode>
          </TextEquiv>
        </Word>
        <Word id="word_e9b34b09-94da-4b39-868d-f47eb50d67fa">
          <Coords points="2201,3586 2234,3586 2282,3585 2283,3630 2234,3631 2201,3631"/>
          <TextEquiv>
            <Unicode>de</Unicode>
          </TextEquiv>
        </Word>
        <Word id="word_c0a8beaf-cd83-4d3e-8ada-1f7d0483b602">
          <Coords points="2327,3584 2337,3585 2383,3583 2434,3583 2485,3585 2534,3585 2585,3587 2632,3584 2681,3580 2732,3577 2783,3576 2835,3577 2861,3579 2858,3623 2834,3622 2784,3621 2735,3622 2685,3625 2635,3629 2584,3632 2534,3630 2484,3630 2434,3628 2384,3628 2333,3630 2323,3629"/>
          <TextEquiv>
            <Unicode>verwisselingh</Unicode>
          </TextEquiv>
        </Word>
        <Word id="word_a1acd673-6384-495a-9b34-59576b138a89">
          <Coords points="2900,3581 2934,3581 2983,3580 3023,3580 3023,3625 2984,3625 2934,3626 2899,3626"/>
          <TextEquiv>
            <Unicode>der</Unicode>
          </TextEquiv>
        </Word>
        <Word id="word_e13edcad-df67-4a41-9f88-43efd98dfdf1">
          <Coords points="3064,3580 3084,3580 3134,3580 3184,3580 3234,3580 3284,3580 3335,3581 3348,3579 3353,3624 3334,3626 3284,3625 3234,3625 3184,3625 3134,3625 3084,3625 3064,3625"/>
          <TextEquiv>
            <Unicode>brieven</Unicode>
          </TextEquiv>
        </Word>
        <TextEquiv conf="0.9385866566315846">
          <Unicode>soo als meende de verwisselingh der brieven</Unicode>
        </TextEquiv>
        <TextStyle xHeight="46"/>
      </TextLine>
      <TextLine id="line_3e6a853b-9ac0-4041-9afc-83b922a14788">
        <Coords points="1517,3665 1623,3665 1635,3674 1707,3674 1715,3666 1775,3654 1787,3642 2182,3638 2190,3630 2219,3630 2234,3645 2326,3645 2350,3669 2517,3670 2541,3650 2553,3649 2657,3649 2681,3670 2901,3670 2945,3657 3245,3657 3276,3682 3370,3681 3379,3689 3397,3689 3397,3783 3384,3783 3360,3766 3232,3769 3220,3781 3049,3780 2993,3821 2969,3808 2749,3813 2696,3768 2457,3773 2445,3785 1978,3785 1966,3793 1819,3788 1795,3805 1771,3809 1517,3816"/>
        <Baseline points="1563,3763 1613,3766 1663,3765 1713,3765 1763,3763 1813,3763 1863,3761 1913,3760 1963,3759 2013,3758 2063,3757 2113,3757 2163,3757 2213,3757 2263,3756 2313,3756 2363,3757 2413,3756 2463,3756 2513,3755 2563,3756 2613,3756 2663,3757 2713,3759 2763,3763 2813,3763 2863,3765 2913,3763 2963,3761 3013,3760 3063,3762 3113,3760 3163,3760 3213,3760 3263,3761 3313,3762 3352,3760"/>
        <Word id="word_e205158a-2c8d-49b3-8642-dfc9eefad050">
          <Coords points="1565,3728 1615,3731 1662,3730 1713,3730 1724,3730 1726,3774 1713,3775 1663,3775 1612,3776 1562,3773"/>
          <TextEquiv>
            <Unicode>sijn</Unicode>
          </TextEquiv>
        </Word>
        <Word id="word_c9ac36c6-a92e-4f68-897d-0fdc7aec4726">
          <Coords points="1766,3728 1813,3728 1862,3726 1912,3725 1962,3724 2012,3723 2062,3722 2113,3722 2163,3722 2173,3722 2173,3767 2163,3767 2113,3767 2063,3767 2013,3768 1963,3769 1913,3770 1863,3771 1813,3773 1766,3773"/>
          <TextEquiv>
            <Unicode>voortgancq</Unicode>
          </TextEquiv>
        </Word>
        <Word id="word_a09cab10-0e57-422c-97c4-7e56acd2e633">
          <Coords points="2213,3722 2262,3721 2313,3721 2336,3721 2335,3766 2313,3766 2263,3766 2214,3767"/>
          <TextEquiv>
            <Unicode>als</Unicode>
          </TextEquiv>
        </Word>
        <Word id="word_5ef90a49-ca8d-4f9e-80d0-a9239a582432">
          <Coords points="2375,3722 2412,3721 2463,3721 2512,3720 2564,3721 2613,3721 2664,3722 2714,3724 2745,3726 2741,3771 2713,3769 2663,3767 2613,3766 2563,3766 2513,3765 2463,3766 2413,3766 2377,3767"/>
          <TextEquiv>
            <Unicode>voormaels</Unicode>
          </TextEquiv>
        </Word>
        <Word id="word_fd4f4a34-809d-4e46-bda3-5ea25c7067b2">
          <Coords points="2781,3730 2811,3728 2864,3730 2903,3728 2905,3773 2863,3775 2814,3773 2783,3775"/>
          <TextEquiv>
            <Unicode>bij</Unicode>
          </TextEquiv>
        </Word>
        <Word id="word_96c54427-4535-4542-9fbc-2315903cc861">
          <Coords points="2944,3727 2962,3726 3012,3725 3028,3726 3026,3771 3013,3770 2963,3771 2946,3772"/>
          <TextEquiv>
            <Unicode>de</Unicode>
          </TextEquiv>
        </Word>
        <Word id="word_66245a32-ceb6-4f33-8376-63587a0e24f7">
          <Coords points="3066,3727 3111,3725 3163,3725 3213,3725 3264,3726 3314,3727 3350,3725 3352,3770 3313,3772 3263,3771 3213,3770 3163,3770 3113,3770 3068,3772"/>
          <TextEquiv>
            <Unicode>Tolcken</Unicode>
          </TextEquiv>
        </Word>
        <TextEquiv conf="0.8915536051045729">
          <Unicode>sijn voortgancq als voormaels bij de Tolcken</Unicode>
        </TextEquiv>
        <TextStyle xHeight="49"/>
      </TextLine>
      <TextLine id="line_0445a6f8-8929-4ec8-bd22-7756aee09683">
        <Coords points="1551,3815 1769,3811 1793,3807 1817,3790 1960,3795 1988,3775 2408,3771 2428,3763 2445,3763 2456,3774 2699,3770 2739,3807 2981,3810 3019,3846 3063,3851 3091,3834 3286,3834 3298,3843 3346,3842 3370,3850 3410,3815 3427,3815 3427,3909 3415,3921 3178,3916 3150,3901 2879,3901 2859,3917 2847,3917 2800,3960 2703,3960 2675,3932 2420,3932 2376,3957 2232,3957 2220,3968 1897,3960 1757,3968 1737,3952 1678,3960 1551,3960"/>
        <Baseline points="1597,3900 1647,3898 1697,3896 1747,3895 1797,3896 1847,3897 1897,3895 1947,3894 1997,3894 2047,3895 2097,3895 2147,3894 2197,3894 2247,3893 2297,3892 2347,3893 2397,3892 2447,3892 2497,3892 2547,3891 2597,3891 2647,3890 2697,3890 2747,3891 2797,3891 2847,3890 2897,3889 2947,3889 2997,3888 3047,3887 3097,3887 3147,3887 3197,3888 3247,3888 3297,3886 3347,3884 3382,3885"/>
        <Word id="word_23d65874-8cdc-4848-846b-d292165b5e98">
          <Coords points="1596,3865 1646,3863 1696,3861 1746,3860 1798,3861 1848,3862 1896,3860 1946,3859 1997,3859 2048,3860 2064,3860 2064,3905 2047,3905 1997,3904 1947,3904 1897,3905 1847,3907 1797,3906 1747,3905 1697,3906 1647,3908 1597,3910"/>
          <TextEquiv>
            <Unicode>voorgestelt</Unicode>
          </TextEquiv>
        </Word>
        <Word id="word_0d6e8222-0ae3-4a81-bf2c-8ee768b5097f">
          <Coords points="2106,3860 2146,3859 2192,3859 2192,3904 2147,3904 2107,3905"/>
          <TextEquiv>
            <Unicode>in</Unicode>
          </TextEquiv>
        </Word>
        <Word id="word_0d2a93e7-68b5-45b7-8eb2-55446015d57d">
          <Coords points="2232,3859 2244,3858 2296,3857 2348,3858 2396,3857 2447,3857 2497,3857 2546,3856 2597,3856 2616,3856 2617,3901 2597,3901 2547,3901 2497,3902 2447,3902 2397,3902 2347,3903 2297,3902 2248,3903 2235,3904"/>
          <TextEquiv>
            <Unicode>presentie</Unicode>
          </TextEquiv>
        </Word>
        <Word id="word_f4ebf817-9c57-4a60-ba57-2d0045f8f678">
          <Coords points="2660,3855 2697,3855 2748,3856 2797,3856 2846,3855 2896,3854 2914,3854 2914,3899 2897,3899 2847,3900 2797,3901 2747,3901 2697,3900 2659,3900"/>
          <TextEquiv>
            <Unicode>vanden</Unicode>
          </TextEquiv>
        </Word>
        <Word id="word_26672e17-a832-4377-b515-83a12b7f51d3">
          <Coords points="2956,3854 2996,3853 3046,3852 3097,3852 3147,3852 3198,3853 3247,3853 3296,3851 3346,3849 3383,3850 3382,3895 3347,3894 3297,3896 3247,3898 3197,3898 3147,3897 3097,3897 3047,3897 2997,3898 2957,3899"/>
          <TextEquiv>
            <Unicode>Gouverneur</Unicode>
          </TextEquiv>
        </Word>
        <TextEquiv conf="0.9123375375548168">
          <Unicode>voorgestelt in presentie vanden Gouverneur</Unicode>
        </TextEquiv>
        <TextStyle xHeight="50"/>
      </TextLine>
      <TextLine id="line_3dfbe759-8575-4f33-bba6-2e8aa76ef1eb">
        <Coords points="1549,3957 1656,3953 1676,3960 1735,3952 1751,3965 1819,3965 1903,3953 2054,3952 2062,3960 2114,3960 2126,3969 2218,3969 2234,3957 2374,3957 2406,3945 2430,3925 2574,3925 2674,3933 2706,3961 2798,3961 2846,3918 2877,3901 3149,3901 3164,3905 3225,3964 3310,3967 3310,4060 2985,4052 2958,4076 2917,4060 2897,4077 2818,4077 2806,4068 2034,4068 1998,4081 1549,4085"/>
        <Baseline points="1595,4037 1645,4036 1695,4036 1745,4035 1795,4034 1845,4033 1895,4031 1945,4030 1995,4030 2045,4029 2095,4029 2145,4029 2195,4027 2245,4029 2295,4029 2345,4029 2395,4029 2445,4029 2495,4028 2545,4029 2595,4029 2645,4029 2695,4032 2745,4033 2795,4032 2845,4030 2895,4029 2945,4028 2995,4028 3045,4029 3095,4030 3145,4030 3195,4031 3245,4033 3265,4037"/>
        <Word id="word_b22892b8-e9cb-4448-b341-3873975cd45d">
          <Coords points="1594,4002 1644,4001 1683,4001 1683,4046 1645,4046 1595,4047"/>
          <TextEquiv>
            <Unicode>te</Unicode>
          </TextEquiv>
        </Word>
        <Word id="word_125a7168-8472-4c71-8d11-2fcc31d2d2d1">
          <Coords points="1725,4001 1743,4000 1794,3999 1844,3998 1894,3996 1944,3995 1947,3995 1947,4040 1945,4040 1895,4041 1845,4043 1795,4044 1746,4045 1727,4046"/>
          <TextEquiv>
            <Unicode>laten</Unicode>
          </TextEquiv>
        </Word>
        <Word id="word_9c30563d-b665-4f25-8353-303ec4291684">
          <Coords points="1991,3995 1995,3995 2044,3994 2095,3994 2145,3994 2194,3992 2212,3993 2210,4038 2195,4037 2145,4039 2095,4039 2045,4039 1995,4040 1991,4040"/>
          <TextEquiv>
            <Unicode>nemen</Unicode>
          </TextEquiv>
        </Word>
        <Word id="word_6c8874fa-f3b8-4124-aad6-da47b40ef3a3">
          <Coords points="2254,3994 2295,3994 2345,3994 2395,3994 2430,3994 2430,4039 2395,4039 2345,4039 2295,4039 2254,4039"/>
          <TextEquiv>
            <Unicode>wert</Unicode>
          </TextEquiv>
        </Word>
        <Word id="word_89f538d5-604d-41e5-bd8f-9b08754c9d5a">
          <Coords points="2473,3994 2493,3993 2546,3994 2595,3994 2606,3994 2606,4039 2595,4039 2545,4039 2495,4038 2475,4039"/>
          <TextEquiv>
            <Unicode>ons</Unicode>
          </TextEquiv>
        </Word>
        <Word id="word_c4dd6c7b-5a55-46af-ada1-c15196f5923a">
          <Coords points="2652,3994 2697,3997 2739,3998 2738,4043 2694,4042 2649,4039"/>
          <TextEquiv>
            <Unicode>en</Unicode>
          </TextEquiv>
        </Word>
        <Word id="word_548038e0-00db-49b6-bfa2-41d9a4393937">
          <Coords points="2777,3999 2790,3997 2844,3995 2869,3995 2870,4040 2845,4040 2796,4042 2783,4044"/>
          <TextEquiv>
            <Unicode>de</Unicode>
          </TextEquiv>
        </Word>
        <Word id="word_20f8ba66-c4e9-4e1c-9266-2a0b97e1833a">
          <Coords points="2913,3994 2944,3993 2995,3993 3046,3994 3096,3995 3145,3995 3196,3996 3246,3998 3272,4003 3263,4047 3245,4043 3195,4041 3145,4040 3095,4040 3045,4039 2995,4038 2945,4038 2914,4039"/>
          <TextEquiv>
            <Unicode>Chinesen</Unicode>
          </TextEquiv>
        </Word>
        <TextEquiv conf="0.9293855054795382">
          <Unicode>te laten nemen wert ons en de Chinesen</Unicode>
        </TextEquiv>
        <TextStyle xHeight="47"/>
      </TextLine>
      <TextLine id="line_23ee83e8-c4e2-4fff-8ae1-43f9fcf974a0">
        <Coords points="1530,4085 1999,4081 2035,4068 2806,4068 2818,4077 2898,4077 2921,4060 2957,4076 2966,4069 3050,4068 3121,4068 3129,4076 3205,4081 3373,4073 3391,4088 3413,4069 3426,4080 3426,4175 3357,4244 3090,4243 3066,4239 3050,4227 2878,4227 2842,4203 2777,4199 2738,4232 2638,4231 2622,4244 2343,4244 2331,4256 2267,4260 1530,4255"/>
        <Baseline points="1576,4176 1626,4173 1676,4175 1726,4174 1776,4173 1826,4173 1876,4173 1926,4173 1976,4172 2026,4171 2076,4170 2126,4170 2176,4170 2226,4170 2276,4168 2326,4166 2376,4163 2426,4163 2476,4162 2526,4163 2576,4161 2626,4160 2676,4160 2726,4159 2776,4159 2826,4158 2876,4160 2926,4161 2976,4161 3026,4160 3076,4158 3126,4157 3176,4157 3226,4157 3276,4156 3326,4155 3376,4151 3381,4151"/>
        <Word id="word_b5b0e458-623b-47a8-8e9d-7224f45fbf7e">
          <Coords points="1574,4141 1624,4138 1661,4139 1659,4184 1627,4183 1577,4186"/>
          <TextEquiv>
            <Unicode>de</Unicode>
          </TextEquiv>
        </Word>
        <Word id="word_8d276c14-60b6-4db1-897f-7c23a05b9e0e">
          <Coords points="1699,4141 1723,4139 1775,4138 1826,4138 1876,4138 1912,4138 1912,4183 1876,4183 1826,4183 1776,4183 1727,4184 1703,4186"/>
          <TextEquiv>
            <Unicode>passe</Unicode>
          </TextEquiv>
        </Word>
        <Word id="word_c360bf2e-7f28-439a-a281-7f0ab7c8de24">
          <Coords points="1952,4138 1974,4137 2025,4136 2075,4135 2122,4135 2122,4180 2076,4180 2026,4181 1976,4182 1954,4183"/>
          <TextEquiv>
            <Unicode>weer</Unicode>
          </TextEquiv>
        </Word>
        <Word id="word_1233369e-c166-4f24-b54c-ee6474cd9bd4">
          <Coords points="2164,4135 2176,4135 2226,4135 2246,4134 2248,4179 2226,4180 2176,4180 2164,4180"/>
          <TextEquiv>
            <Unicode>te</Unicode>
          </TextEquiv>
        </Word>
        <Word id="word_569bee5f-869a-4018-b52b-18575666c17e">
          <Coords points="2288,4132 2325,4131 2374,4128 2426,4128 2457,4127 2458,4172 2426,4173 2377,4173 2326,4176 2290,4177"/>
          <TextEquiv>
            <Unicode>Rugh</Unicode>
          </TextEquiv>
        </Word>
        <Word id="word_7cbc35c2-73d9-4abf-9dfc-fe58b6e7f4ac">
          <Coords points="2501,4127 2528,4128 2575,4126 2625,4125 2676,4125 2725,4124 2776,4124 2825,4123 2877,4125 2878,4125 2877,4170 2876,4170 2826,4168 2776,4169 2726,4169 2676,4170 2626,4170 2576,4171 2525,4173 2499,4172"/>
          <TextEquiv>
            <Unicode>Gesonden,</Unicode>
          </TextEquiv>
        </Word>
        <Word id="word_b2bb2ffd-881c-49d8-85fe-91139ed517ac">
          <Coords points="2920,4126 2927,4126 2976,4126 3025,4125 3044,4124 3046,4169 3026,4170 2976,4171 2926,4171 2919,4171"/>
          <TextEquiv>
            <Unicode>met</Unicode>
          </TextEquiv>
        </Word>
        <Word id="word_afd5cbc2-bd07-4ed5-8afe-27696f78c7a1">
          <Coords points="3087,4123 3125,4122 3176,4122 3226,4122 3275,4121 3325,4120 3373,4116 3381,4116 3381,4161 3377,4161 3326,4165 3276,4166 3226,4167 3176,4167 3126,4167 3087,4168"/>
          <TextEquiv>
            <Unicode>tzeggen</Unicode>
          </TextEquiv>
        </Word>
        <TextEquiv conf="0.8969821414736014">
          <Unicode>de passe weer te Rugh Gesonden, met tzeggen</Unicode>
        </TextEquiv>
        <TextStyle xHeight="58"/>
      </TextLine>
    </TextRegion>
    <TextRegion id="region_3c58462b-e36e-42d0-b87f-1344d3f321b0_2" custom="structure {type:paragraph;}">
      <Coords points="1943,796 1947,800 1950,800 1954,803 1961,803 1964,807 1978,807 1982,810 2020,810 2023,807 2027,807 2034,800 2037,800 2037,796 2034,793 2030,793 2016,779 2013,779 2009,775 2002,775 1999,772 1989,772 1985,775 1978,775 1975,779 1968,779 1964,782 1961,782 1957,786 1954,786"/>
    </TextRegion>
    <TextRegion id="region_5eed9e38-9b3b-47a8-900c-971a33c4caf0_3" custom="structure {type:catch-word;}">
      <Coords points="3118,4280 3118,4322 3122,4325 3122,4336 3125,4339 3125,4346 3129,4350 3129,4357 3132,4360 3132,4363 3143,4374 3146,4374 3150,4377 3157,4377 3160,4381 3202,4381 3205,4377 3219,4377 3223,4374 3233,4374 3237,4370 3261,4370 3264,4367 3285,4367 3289,4363 3310,4363 3313,4367 3331,4367 3334,4363 3341,4363 3344,4360 3348,4360 3351,4357 3355,4357 3358,4353 3362,4353 3369,4346 3372,4346 3372,4343 3379,4336 3379,4332 3383,4329 3383,4322 3386,4318 3386,4297 3383,4294 3383,4287 3379,4283 3379,4280 3376,4277 3376,4273 3362,4259 3358,4259 3355,4256 3351,4256 3348,4252 3344,4252 3341,4249 3278,4249 3275,4252 3223,4252 3219,4249 3178,4249 3174,4252 3153,4252 3150,4256 3139,4256 3136,4259 3132,4259 3125,4266 3125,4270 3122,4273 3122,4277"/>
      <TextLine id="ddf24774-2a91-4ab2-9713-296fda529615">
        <Coords points="3083,4240 3358,4245 3376,4232 3404,4260 3437,4260 3437,4353 3388,4353 3373,4362 3083,4367"/>
        <Baseline points="3129,4339 3179,4337 3229,4337 3279,4334 3329,4332 3379,4329 3392,4330"/>
        <Word id="word_4407f924-7995-415e-8a52-4bddbc127c59">
          <Coords points="3128,4304 3178,4302 3229,4302 3277,4299 3278,4299 3280,4344 3280,4344 3229,4347 3179,4347 3129,4349"/>
          <TextEquiv>
            <Unicode>niet</Unicode>
          </TextEquiv>
        </Word>
        <Word id="word_0c39b812-34ad-43d0-9231-d49e9c78157e">
          <Coords points="3316,4298 3328,4297 3377,4294 3395,4295 3391,4340 3380,4339 3329,4342 3317,4342"/>
          <TextEquiv>
            <Unicode>va</Unicode>
          </TextEquiv>
        </Word>
        <TextEquiv conf="0.7712288944468713">
          <Unicode>niet va</Unicode>
        </TextEquiv>
        <TextStyle xHeight="43"/>
      </TextLine>
    </TextRegion>
    <TextRegion id="region_584017c2-72f9-431d-91cd-6e44376b266c">
      <Coords points="633,323 701,323 701,331 633,331"/>
      <TextLine id="line_59d4a666-f323-4170-9c53-0b4c834d4216">
        <Coords points="591,263 628,275 657,260 668,268 692,261 711,276 740,255 740,348 698,383 659,391 605,378 591,366"/>
        <Baseline points="637,328 687,326 695,325"/>
        <TextStyle xHeight="34"/>
      </TextLine>
    </TextRegion>
    <TextRegion id="d29add36-385a-40f6-8caf-c05e9bbae42c">
      <Coords points="718,286 1240,286 1240,321 718,321"/>
      <TextLine id="line_58d84546-2001-40a8-bdbf-14dc14ed1e45">
        <Coords points="673,314 695,306 795,298 940,293 965,274 995,274 1052,218 1074,222 1108,209 1123,221 1148,221 1155,214 1175,218 1203,194 1227,190 1284,228 1284,323 1274,332 1250,320 1220,335 1194,319 1166,327 1158,320 1118,329 1102,324 1082,335 971,335 963,327 934,328 906,319 884,335 815,339 795,347 735,403 673,411"/>
        <Baseline points="719,315 769,313 819,307 869,304 919,301 969,301 1019,300 1069,298 1119,298 1169,299 1219,299 1239,299"/>
        <Word id="word_c8cd9fad-c7ca-4165-b0e9-74e269860e08">
          <Coords points="718,280 768,278 815,272 867,269 890,268 893,313 870,314 820,317 769,323 719,325"/>
          <TextEquiv>
            <Unicode>Julio</Unicode>
          </TextEquiv>
        </Word>
        <Word id="word_3bde471c-1826-4881-beb9-4de53a725ab6">
          <Coords points="927,266 969,266 995,265 996,310 969,311 927,311"/>
          <TextEquiv>
            <Unicode>a.</Unicode>
          </TextEquiv>
        </Word>
        <Word id="word_5e3de089-b6fe-4dc3-bea0-c5fe2a73e3eb">
          <Coords points="1029,265 1064,263 1066,308 1031,310"/>
          <TextEquiv>
            <Unicode>o</Unicode>
          </TextEquiv>
        </Word>
        <Word id="word_c0136b2f-9c67-42a3-bd41-c84d260c99c9">
          <Coords points="1103,262 1122,263 1170,264 1219,264 1239,264 1239,309 1219,309 1169,309 1118,308 1099,307"/>
          <TextEquiv>
            <Unicode>1646</Unicode>
          </TextEquiv>
        </Word>
        <TextEquiv conf="0.876034675531625">
          <Unicode>Julio a. o 1646</Unicode>
        </TextEquiv>
        <TextStyle xHeight="45"/>
      </TextLine>
    </TextRegion>
    <TextRegion id="f7620773-01cf-475b-a7a0-218ac365495f">
      <Coords points="1412,809 2897,809 2897,853 1412,853"/>
      <TextLine id="c5e8579c-2719-467c-861a-2ee978403554">
        <Coords points="1367,806 1477,705 1605,713 1641,738 1663,729 1681,737 1734,737 1741,730 1833,730 1845,721 2053,722 2061,714 2600,717 2644,721 2668,745 2728,765 2941,772 2941,865 2612,861 2571,872 2558,866 2539,885 2525,878 2497,885 2455,878 2433,886 2404,877 2347,930 2320,938 2272,937 2264,929 2138,941 1892,945 1648,929 1557,938 1367,938"/>
        <Baseline points="1413,828 1463,828 1513,828 1563,827 1613,829 1663,828 1713,828 1763,825 1813,825 1863,824 1913,822 1963,821 2013,822 2063,826 2113,827 2163,828 2213,830 2263,831 2313,832 2363,834 2413,835 2463,838 2513,840 2563,839 2613,840 2663,839 2713,838 2763,839 2813,840 2863,842 2896,842"/>
        <Word id="word_f841e222-453c-46c9-8325-ea258a9b861f">
          <Coords points="1413,793 1463,793 1513,793 1562,792 1584,793 1582,838 1563,837 1513,838 1463,838 1413,838"/>
          <TextEquiv>
            <Unicode>Dagh</Unicode>
          </TextEquiv>
        </Word>
        <Word id="word_cb86d324-482a-4fef-a655-daa06f99ec92">
          <Coords points="1624,795 1662,793 1713,793 1761,790 1813,790 1862,789 1912,787 1962,786 1965,786 1964,831 1963,831 1913,832 1863,834 1813,835 1764,835 1713,838 1663,838 1625,839"/>
          <TextEquiv>
            <Unicode>Register</Unicode>
          </TextEquiv>
        </Word>
        <Word id="word_b96e1b65-ead3-4662-a7a1-33547cd13600">
          <Coords points="2007,787 2014,787 2066,791 2114,792 2164,793 2214,795 2261,796 2260,841 2213,840 2163,838 2113,837 2062,836 2013,832 2006,832"/>
          <TextEquiv>
            <Unicode>wegens</Unicode>
          </TextEquiv>
        </Word>
        <Word id="word_4e5e94a9-a2de-4987-b901-abfbae2ce638">
          <Coords points="2303,797 2314,797 2364,799 2388,799 2387,844 2363,844 2313,842 2303,842"/>
          <TextEquiv>
            <Unicode>'t</Unicode>
          </TextEquiv>
        </Word>
        <Word id="word_9268d184-d963-44e0-9080-85fcfc5e9c08">
          <Coords points="2433,800 2466,803 2514,805 2562,804 2614,805 2662,804 2712,803 2764,804 2814,805 2864,807 2896,807 2896,852 2863,852 2813,850 2763,849 2713,848 2663,849 2613,850 2563,849 2513,850 2462,848 2429,845"/>
          <TextEquiv>
            <Unicode>gepasseerde</Unicode>
          </TextEquiv>
        </Word>
        <TextEquiv conf="0.9223891686510524">
          <Unicode>Dagh Register wegens 't gepasseerde</Unicode>
        </TextEquiv>
        <TextStyle xHeight="58"/>
      </TextLine>
    </TextRegion>
    <TextRegion id="region_2800f2f5-4682-4384-832b-191fc579ef63">
      <Coords points="1998,596 2177,596 2177,620 1998,620"/>
      <TextLine id="f0751d0a-f8af-45f7-a3cf-e5a255a786c3">
        <Coords points="1954,527 2000,532 2016,524 2044,528 2052,520 2132,515 2168,536 2221,536 2221,629 2200,629 2188,619 2045,616 1954,624"/>
        <Baseline points="2000,606 2050,608 2100,607 2150,608 2176,606"/>
        <Word id="word_e5c13bb7-c7c3-443d-b667-c7bba03c6b10">
          <Coords points="2001,571 2051,573 2099,572 2151,573 2173,571 2177,616 2150,618 2100,617 2050,618 2000,616"/>
          <TextEquiv>
            <Unicode>pue</Unicode>
          </TextEquiv>
        </Word>
        <TextEquiv conf="0.523407767069924">
          <Unicode>pue</Unicode>
        </TextEquiv>
        <TextStyle xHeight="45"/>
      </TextLine>
    </TextRegion>
    <TextRegion id="region_6becc0bb-1e9a-4b1d-839d-2409df5339d2">
      <Coords points="1906,469 2363,469 2363,503 1906,503"/>
      <TextLine id="line_047a3569-ff8a-408c-a982-04aa74e5a975">
        <Coords points="1861,477 1898,473 1943,434 1987,426 2021,405 2123,418 2131,410 2198,402 2223,378 2233,385 2246,374 2263,374 2295,405 2354,417 2365,410 2402,422 2407,417 2407,510 2370,511 2294,570 2251,585 2233,586 2198,568 2155,527 2042,531 2019,518 1889,518 1875,531 1861,530"/>
        <Baseline points="1907,478 1957,482 2007,483 2057,483 2107,483 2157,486 2207,488 2257,488 2307,490 2357,487 2362,487"/>
        <Word id="word_6149250d-a823-42df-b597-8938a8ebf11f">
          <Coords points="1910,443 1960,447 2008,448 2057,448 2107,448 2159,451 2208,453 2257,453 2308,455 2355,452 2362,452 2362,497 2358,497 2307,500 2257,498 2207,498 2156,496 2107,493 2057,493 2007,493 1956,492 1906,488"/>
          <TextEquiv>
            <Unicode>Jonckem</Unicode>
          </TextEquiv>
        </Word>
        <TextEquiv conf="0.9173668931776338">
          <Unicode>Jonckem</Unicode>
        </TextEquiv>
        <TextStyle xHeight="77"/>
      </TextLine>
    </TextRegion>
    <TextRegion id="a6e4d2a9-8f26-4abe-9d54-099eed0846fd">
      <Coords points="2922,478 3207,478 3207,505 2922,505"/>
      <TextLine id="line_386ca8a7-875d-4a73-ade8-7f21bfb3dfee">
        <Coords points="2877,318 2910,316 2922,308 2955,313 2963,321 2980,313 3011,341 3022,339 3034,351 3041,345 3071,373 3127,373 3152,396 3186,413 3197,416 3210,405 3251,422 3251,516 3231,526 3219,517 3204,522 3177,499 3142,503 3107,525 3083,514 3055,522 2955,522 2911,513 2877,522"/>
        <Baseline points="2923,492 2973,489 3023,492 3073,490 3123,490 3173,491 3206,493"/>
        <Word id="word_e468e8b8-08bb-4e59-9dfe-5b9a64ecf68e">
          <Coords points="2921,457 2971,454 3025,457 3072,455 3123,455 3174,456 3208,458 3205,503 3173,501 3123,500 3073,500 3022,502 2974,499 2924,502"/>
          <TextEquiv>
            <Unicode>1646</Unicode>
          </TextEquiv>
        </Word>
        <TextEquiv conf="0.9281500804142182">
          <Unicode>1646</Unicode>
        </TextEquiv>
        <TextStyle xHeight="73"/>
      </TextLine>
    </TextRegion>
  </Page>
</PcGts>
