3553 4917
2877 262 3025 318 636

327 389 559 440 April
601 379 697 433 ao
739 362 926 418 1646

557 308 656 362 wa

2314 386 2396 433 mn
2433 381 2883 430 Mangasachij
2922 377 3005 428 /.

952 541 1068 590 wint
1095 546 1211 595 inde
1238 551 1410 605 rehoir
1437 561 1524 609 van
1551 565 1724 615 asacca
1751 571 1923 620 hadden
1950 576 2151 626 gelegen
2178 582 2476 637 vertrocken

724 704 834 752 adij
859 695 997 747 13:en
1024 695 1161 743 ditto
1187 698 1243 745 in
1268 701 1486 752 nangesan
1514 707 1596 754 kij
1622 710 1707 757 wel
1731 714 2031 773 aengecomen,
2057 729 2166 778 daer
2192 733 2275 780 ons
2301 735 2356 781 de
2383 736 2576 788 tolcken
2600 744 2764 790 quamen
2791 745 3010 794 bewelle„

954 805 1133 853 commen
1161 808 1458 867 verhalende
1487 822 1638 872 onder
1665 829 1875 880 anderen
1901 838 1992 886 een
2020 843 2140 890 seer
2168 845 2437 899 aengename
2464 856 2732 904 tijdinghe
2761 858 2850 904 als
2879 857 2971 906 dat

962 920 1084 967 voor
1114 923 1237 973 twee
1265 929 1420 982 dagen
1448 938 1572 988 inde
1600 945 1724 993 stad
1752 950 2087 1006 Nangasachij
2117 960 2301 1012 alomme
2330 968 2636 1024 gecondicht
2665 980 2756 1027 den
2786 981 3034 1030 uijtvoer

964 1039 1052 1085 van
1080 1040 1254 1092 Cooper
1282 1047 1630 1106 geliccktulkt
1657 1062 1774 1113 was,
1802 1069 1948 1118 doch,
1975 1074 2034 1120 op
2062 1076 2180 1125 onse
2206 1082 2409 1131 vordere
2437 1086 2727 1136 versoecken
2755 1092 2900 1138 niets
2928 1090 3017 1139 ge„

976 1159 1208 1208 volckot,
1236 1164 1382 1212 china
1408 1169 1584 1220 wiekde
1610 1177 1700 1227 van
1726 1184 1901 1236 tortar
1928 1192 2044 1239 noch
2072 1195 2189 1243 hard
2217 1199 2506 1252 beoorlocht
2534 1207 2651 1254 ende
2678 1210 3055 1265 Insonderheijt

985 1286 1199 1333 nanhijn
1229 1288 1627 1344 overweldicht,
1657 1299 1810 1349 sulcx
1840 1304 2055 1353 geenige
2085 1309 2269 1359 Iomken
2298 1314 2390 1362 van
2421 1317 2697 1367 derwaerts
2726 1323 2910 1368 gcomen
2940 1322 3034 1370 als

975 1400 1112 1446 eenen
1140 1401 1224 1449 met
1248 1404 1388 1452 rouwe
1414 1409 1581 1456 sijde,
1606 1413 1717 1462 daer
1743 1417 1827 1466 van
1853 1422 1909 1467 in
1936 1422 1992 1469 d'
2018 1425 2075 1472 op
2101 1428 2268 1478 reijse
2292 1435 2405 1483 naer
2430 1439 2540 1486 tedo
2567 1441 2623 1487 in
2649 1442 2842 1489 osacca,
2870 1441 3062 1488 wesende

974 1523 1042 1571 26
1074 1522 1338 1570 Januario
1370 1526 1568 1574 mentie
1600 1530 1700 1579 van
1731 1535 1996 1588 maacken,
2027 1544 2324 1596 diermaels
2355 1552 2488 1600 ware
2520 1557 2717 1603 vanden
2750 1555 2948 1603 chines

984 1646 1135 1695 Iquan
1164 1648 1495 1703 assistentie
1523 1660 1613 1708 tot
1642 1663 1943 1718 wederstand
1972 1674 2122 1724 vande
2151 1679 2182 1724 n
2211 1679 2392 1727 tartar
2421 1683 2600 1729 alhier
2630 1684 2900 1732 versocht,
2930 1687 3005 1734 en

973 1775 1111 1824 door
1144 1778 1249 1827 den
1283 1782 1629 1835 Gouverneur
1662 1791 2077 1845 Compassdonne
2110 1801 2249 1848 uijt
2282 1802 2663 1851 nangasackij
2696 1807 2835 1855 naer
2868 1808 3008 1854 Jedo

982 1889 1319 1943 geadviseert,
1346 1898 1459 1945 doch
1486 1900 1655 1950 sonder
1682 1906 1851 1958 eenich
1878 1914 2047 1961 effect
2074 1917 2382 1967 verscheijde
2410 1922 2606 1968 chinese
2633 1922 2857 1969 Iouckjes
2885 1923 3027 1972 waren

990 2007 1133 2057 hier
1168 2010 1312 2058 niet
1346 2014 1418 2061 te
1453 2016 1561 2062 min
1595 2018 1917 2074 aengeland
1950 2029 2059 2075 als
2093 2030 2165 2076 te
2200 2032 2379 2084 weten

844 2181 877 2228 9
905 2175 1000 2224 van
1030 2174 1278 2222 hockseuw
1309 2176 1650 2231 haerladinge
1679 2187 1898 2238 bestond
1926 2195 2020 2244 ten
2050 2200 2390 2251 principalen
2420 2204 2483 2251 in
2512 2202 2575 2250 34
2605 2203 2669 2249 ps
2698 2205 2853 2252 witte
2883 2204 3038 2252 rouwe

990 2283 1165 2331 sijde,
1191 2288 1336 2336 1530:
1364 2291 1394 2336 p
1421 2292 1567 2340 witte
1594 2296 1854 2351 pelinghs,
1882 2307 1998 2358 620:
2026 2314 2057 2360 p
2083 2317 2286 2367 pangus,
2313 2323 2430 2369 9550
2458 2324 2487 2369 p
2515 2324 2747 2373 kennippe
2774 2328 3007 2377 lijwaten

981 2410 1082 2458 1300
1107 2409 1183 2454 p:s
1208 2409 1334 2455 witte
1358 2410 1534 2456 poeijer
1558 2410 1761 2465 suijcker
1784 2421 1860 2467 200
1884 2422 1961 2471 p:s
1985 2427 2161 2477 alwijn,
2185 2432 2286 2479 100:
2311 2434 2386 2480 p:s
2411 2434 2688 2484 sappanhoud,
2712 2440 2762 2485 10
2787 2439 2864 2485 p:s
2887 2441 3014 2488 wasch

987 2526 1106 2572 ende
1135 2526 1462 2575 verscheijde
1492 2526 1700 2574 Chinese
1729 2530 2027 2587 medecijnen
2054 2542 2146 2588 als
2173 2545 2500 2596 cramerijen,
2530 2550 2708 2596 werden
2737 2549 2797 2595 te
2826 2546 2980 2596 samen

989 2633 1351 2682 geerstimaekt
1381 2636 1441 2681 op
1471 2634 1622 2681 63400
1652 2634 1863 2682 teijlen

964 2762 1113 2810 ditto
1142 2762 1233 2809 van
1261 2765 1469 2812 Nankijn
1498 2767 1588 2813 met
1617 2768 1706 2814 250
1735 2768 1824 2814 p:s
1854 2769 2003 2816 witte
2031 2768 2180 2816 rouwe
2208 2765 2387 2812 zijde;
2417 2765 2506 2811 350
2535 2765 2565 2810 l
2590 2759 2802 2810 sabitas
2831 2760 2921 2806 200
2949 2761 3009 2807 lb

976 2862 1195 2916 damasten
1223 2871 1279 2918 10
1304 2874 1359 2920 fr
1386 2874 1606 2921 pelinghs
1632 2876 1743 2922 mede
1769 2877 1934 2925 tijnen
1960 2881 2071 2928 ecte
2097 2883 2207 2930 werd
2232 2882 2427 2931 geschad
2452 2887 2507 2934 op
2533 2881 2699 2933 191000
2724 2876 2917 2924 teijlen

876 3010 934 3055 en
960 3007 1019 3053 't
1046 3006 1190 3053 ditto
1219 3008 1305 3054 van
1331 3005 1562 3054 Chincheo
1589 3006 1704 3052 door
1733 3006 1876 3054 Iguan
1904 3009 2219 3062 geequipeert
2247 3017 2362 3065 mede
2390 3020 2647 3066 Brengende
2675 3017 2790 3064 2170
2818 3013 2876 3061 ps
2903 3011 3048 3060 witte

997 3112 1266 3163 pelinghs,
1296 3118 1386 3163 720
1416 3118 1477 3164 ps
1504 3116 1688 3164 vilems
1715 3121 1806 3169 400
1835 3125 1865 3170 p
1894 3123 2134 3174 pangies,
2163 3128 2254 3177 450
2284 3132 2314 3177 l
2343 3131 2585 3183 satijnen
2612 3139 2703 3185 250
2732 3138 2763 3183 p
2792 3137 3032 3183 damosten

992 3235 1045 3283 50
1070 3238 1096 3283 p
1120 3233 1224 3282 kimp
1249 3233 1455 3279 touants,
1480 3235 1660 3281 partije
1685 3236 1891 3284 kennippe
1916 3238 2123 3286 lijwaten
2147 3242 2225 3289 e't
2249 3245 2353 3293 taer
2377 3249 2583 3294 gissinge
2607 3247 2814 3294 waerdich
2838 3247 2967 3293 25000
2992 3246 3071 3292 t:o

1008 3332 1033 3377 ^en

1054 3330 1089 3377 en

757 3381 874 3431 adij
903 3380 1019 3426 15:e
1048 3378 1165 3424 doto
1191 3372 1484 3422 verschijnt
1512 3372 1687 3419 allier
1715 3372 1804 3419 een
1831 3374 2007 3422 Chrues
2032 3376 2239 3427 Jonkjen
2267 3382 2355 3429 van
2383 3383 2645 3430 hocksieuw
2673 3382 2761 3428 met
2790 3383 2877 3429 250
2905 3381 2994 3428 p=l

986 3486 1136 3536 witte
1163 3488 1583 3539 poeijersuijker
1612 3495 1731 3540 4000
1759 3494 1791 3540 p
1820 3494 2000 3541 kennie
2029 3495 2297 3549 lijwaten,
2326 3505 2416 3552 600
2444 3503 2713 3552 fvelinghs
2742 3496 2952 3550 partije

993 3604 1222 3655 chinesen
1249 3601 1450 3648 boecken
1479 3602 1593 3648 ende
1621 3602 1908 3657 medecijnen
1935 3613 2050 3661 werd
2078 3617 2393 3670 gecaecueert
2420 3626 2479 3673 op
2505 3626 2621 3673 9000
2649 3623 2821 3671 scheen

805 3758 927 3808 adij
957 3755 1080 3805 17:e
1109 3752 1232 3799 dito
1262 3752 1446 3799 gingen
1476 3753 1568 3800 den
1596 3752 1904 3802 Gouverneur
1933 3758 2300 3811 Gompassdonne
2331 3765 2606 3812 begroeten
2636 3766 2759 3813 ende
2787 3765 3075 3816 bedancken

991 3868 1110 3914 voor
1138 3870 1255 3915 sijn
1284 3869 1372 3915 Ed.
1400 3868 1489 3914 les
1518 3868 1693 3916 faveur
1722 3871 1782 3917 en
1810 3872 2190 3924 Recommandatie
2218 3877 2365 3924 onser
2394 3875 2599 3922 zaacken
2628 3874 2687 3921 in
2715 3873 2862 3920 tedo,
2891 3875 2985 3928 met

983 3986 1223 4033 versoeck
1252 3984 1432 4031 sijner
1462 3983 1612 4030 goede
1641 3984 2062 4036 Getegentheijts
2089 3990 2420 4037 Continuatie
2449 3989 2569 4036 sijn
2597 3985 2719 4034 Ed:e
2748 3984 3018 4031 antwoorde

987 4107 1079 4155 hem
1108 4107 1229 4154 seer
1259 4106 1531 4152 aengenaem
1561 4106 1621 4152 te
1651 4104 1803 4151 wesen
1830 4101 2013 4148 zeefts
2043 4103 2104 4149 in
2134 4104 2345 4150 persoon
2374 4099 2496 4148 voor
2525 4095 2587 4143 de
2616 4081 3009 4139 keijserlijcke

2360 4273 3052 4337 Maijesteijt

131 639 176 685 en

852 2762 936 2812 1
