<?xml version="1.0" encoding="UTF-8"?>
<PcGts xmlns="http://schema.primaresearch.org/PAGE/gts/pagecontent/2013-07-15">
  <Metadata externalRef="1389f5c4-6fb1-48cd-b0a0-6dbc7ee4ad61">
    <Creator>Laypa</Creator>
    <Created>2023-09-08T02:19:52</Created>
    <LastChange>2023-09-08T03:38:21</LastChange>
    <Comment>license: CC0</Comment>
    <MetadataItem type="processingStep" name="layout-analysis" value="laypa">
      <Labels>
        <Label value="228a7d24385cff0e51687c00d0e65a2c2a9703d5" type="githash"/>
        <Label value="61334eb4-edff-4af5-b036-b5927f35bbcf" type="uuid"/>
        <Label value="https://hdl.handle.net/10622/VMSCBR" type="laypamodelremote"/>
      </Labels>
    </MetadataItem>
    <MetadataItem type="processingStep" name="region-analysis" value="laypa">
      <Labels>
        <Label value="0a3442b4-835c-44bc-9115-3fd08263a5dc" type="uuid"/>
        <Label value="https://hdl.handle.net/10622/DMAS2T" type="laypamodelremote"/>
      </Labels>
    </MetadataItem>
    <MetadataItem type="processingStep" name="htr" value="loghi-htr">
      <Labels>
        <Label value="9efb3e0ff4338dc6e07d110ac4d435f27f5b0e16&#10;" type="githash"/>
        <Label value="3a9bdaa3-493c-483e-bbb2-f51961b8e5a0" type="uuid"/>
        <Label value="64" type="batch_size"/>
        <Label value="https://hdl.handle.net/10622/X2JZYY" type="loghihtrmodelremote"/>
      </Labels>
    </MetadataItem>
    <MetadataItem type="processingStep" name="word-splitting" value="loghi-htr-tooling"/>
    <MetadataItem type="other" name="dataset" value="https://hdl.handle.net/10622/LVXSBW">
      <Labels>
        <Label value="VOC transcriptions v2 - GLOBALISE" type="name"/>
        <Label value="Dataset in pagexml and txt format, including data card." type="description"/>
        <Label value="https://globalise.huygens.knaw.nl/" type="creator"/>
        <Label value="https://hdl.handle.net/10622/LVXSBW" type="url"/>
      </Labels>
    </MetadataItem>
  </Metadata>
  <Page imageFilename="NL-HaNA_1.04.02_1161_1063.jpg" imageWidth="3348" imageHeight="5142">
    <ReadingOrder>
      <OrderedGroup id="orderedgroup_d2896e9a-2c69-42b8-b092-1ec0109d63ca">
        <RegionRefIndexed index="0" regionRef="region_01e21084-06b4-4d10-9677-6eb0a55853b1_6"/>
        <RegionRefIndexed index="1" regionRef="region_f24d0479-a2e9-4f09-86b8-cf2b175b4dd9_3"/>
        <RegionRefIndexed index="2" regionRef="region_3b69b979-eeaf-4c96-b60d-905ca27dc86f_1"/>
        <RegionRefIndexed index="3" regionRef="region_f3c6b6d5-8c34-47f2-9b16-2ad64a58701e_2"/>
        <RegionRefIndexed index="4" regionRef="region_78e4645b-888e-4058-9251-45d4e609a45a_4"/>
        <RegionRefIndexed index="5" regionRef="region_171208d0-584e-4b59-8b6c-855f1f98c820_5"/>
        <RegionRefIndexed index="6" regionRef="f4d6cdee-bda3-4546-9a5d-97cec6d3178e"/>
        <RegionRefIndexed index="7" regionRef="fa5acac8-7a55-409b-9b45-05e58bc69d0f"/>
      </OrderedGroup>
    </ReadingOrder>
    <TextRegion id="region_01e21084-06b4-4d10-9677-6eb0a55853b1_6" custom="structure {type:header;}">
      <Coords points="1210,716 1213,716 1223,726 1223,736 1226,736 1229,739 1239,739 1242,742 1259,742 1262,745 1331,745 1334,742 1367,742 1370,739 1383,739 1376,739 1373,736 1363,736 1360,732 1337,732 1334,729 1327,729 1324,726 1305,726 1301,722 1282,722 1278,719 1262,719 1259,716"/>
    </TextRegion>
    <TextRegion id="region_f24d0479-a2e9-4f09-86b8-cf2b175b4dd9_3" custom="structure {type:paragraph;}">
      <Coords points="729,974 732,977 732,984 749,1000 752,1000 755,1004 762,1004 765,1007 896,1007 899,1010 929,1010 932,1013 942,1013 945,1010 948,1010 951,1013 987,1013 991,1017 1014,1017 1017,1013 1030,1013 1033,1010 1043,1010 1046,1007 1053,1007 1056,1004 1072,1000 1076,997 1092,990 1105,977 1108,977 1125,968 1135,968 1138,964 1148,964 1151,961 1184,961 1187,958 1200,958 1203,955 1213,955 1216,951 1229,951 1233,948 1242,948 1246,945 1252,945 1256,941 1262,941 1265,938 1282,938 1285,935 1327,935 1331,932 1357,932 1360,928 1373,928 1376,925 1390,925 1393,922 1412,922 1416,919 1448,919 1452,915 1497,915 1501,912 1550,912 1553,909 1569,909 1573,912 1658,912 1661,909 1677,909 1694,899 1694,896 1700,886 1700,879 1713,856 1713,840 1710,837 1710,820 1707,817 1707,785 1703,781 1703,771 1700,768 1697,758 1690,752 1687,752 1684,749 1677,749 1674,745 1664,745 1661,742 1641,742 1638,739 1618,739 1615,736 1599,736 1596,732 1540,732 1537,729 1511,729 1507,732 1491,732 1488,736 1475,736 1471,739 1455,739 1452,742 1370,742 1367,745 1334,745 1331,749 1262,749 1259,745 1242,745 1239,742 1229,742 1226,739 1223,739 1220,736 1220,726 1213,719 1210,719 1206,716 1197,716 1193,713 1154,713 1151,709 1125,709 1121,706 1102,706 1099,703 1082,703 1079,700 1059,700 1056,696 1023,696 1020,700 1007,700 1004,703 994,703 991,706 974,709 968,716 965,716 961,719 955,719 951,722 945,722 938,729 935,729 932,732 925,732 915,739 909,739 906,742 899,742 889,749 883,749 876,755 873,755 860,768 860,771 857,775 857,788 853,791 853,794 837,811 837,814 834,817 830,817 827,820 824,820 794,837 778,840 775,843 765,847 759,853 749,856 749,860 742,866 742,870 752,879 772,879 775,883 781,883 785,879 791,879 794,883 821,883 824,886 834,886 837,889 847,889 850,892 857,892 860,896 860,899 866,905 860,912 850,912 847,915 837,915 834,919 827,919 824,922 801,922 798,925 785,925 781,928 772,928 768,932 745,941 732,955 732,958 729,961"/>
      <TextLine id="line_393b7228-2a2b-46b8-849f-de00d19f9715">
        <Coords points="967,638 1013,651 1065,643 1085,630 1100,638 1129,620 1145,631 1172,622 1200,623 1207,630 1218,627 1268,674 1292,661 1413,669 1456,642 1567,643 1579,634 1712,760 1712,816 1663,817 1655,825 1621,817 1579,844 1542,824 1535,828 1509,805 1482,805 1464,821 1443,825 1418,805 1137,808 1123,798 1069,805 1017,851 981,835 967,842"/>
        <Baseline points="994,791 1044,788 1094,784 1144,784 1194,784 1244,785 1294,789 1344,792 1394,794 1444,796 1494,798 1544,799 1594,799 1644,801 1686,803"/>
        <Word id="word_c0552478-dbc4-4c02-b7ee-b4e1b238b703">
          <Coords points="992,756 1042,753 1091,749 1144,749 1194,749 1245,750 1297,754 1346,757 1395,759 1410,760 1409,805 1394,804 1343,802 1293,799 1244,795 1194,794 1144,794 1095,794 1045,798 995,801"/>
          <TextEquiv>
            <Unicode>Heeren</Unicode>
          </TextEquiv>
        </Word>
        <Word id="word_a96a2465-3d79-4c1a-bee8-057f58968fa1">
          <Coords points="1480,762 1495,763 1545,764 1594,764 1645,766 1688,768 1686,813 1644,811 1594,809 1544,809 1494,808 1478,807"/>
          <TextEquiv>
            <Unicode>Be„</Unicode>
          </TextEquiv>
        </Word>
        <TextEquiv conf="0.9250563713753841">
          <Unicode>Heeren Be„</Unicode>
        </TextEquiv>
        <TextStyle xHeight="53"/>
      </TextLine>
      <TextLine id="ca7b72de-40e3-4a94-8c25-8de11a8caa60">
        <Coords points="514,818 764,810 844,797 859,806 880,801 908,807 923,821 945,800 964,807 1015,849 1048,821 1119,820 1139,805 1347,810 1355,802 1416,802 1443,817 1460,809 1471,814 1481,806 1511,806 1527,821 1544,817 1551,824 1596,829 1615,814 1636,817 1651,828 1676,828 1720,863 1720,919 1575,914 1530,946 1495,954 1459,949 1443,933 1402,921 1386,937 1371,927 1343,946 1076,958 1043,974 1012,949 980,949 961,934 933,949 908,945 858,905 824,897 778,921 680,922 616,982 600,971 514,961"/>
        <Baseline points="541,884 591,883 641,881 691,880 741,880 791,881 841,882 891,882 941,883 991,884 1041,886 1091,889 1141,888 1191,887 1241,889 1291,891 1341,892 1391,892 1441,893 1491,893 1541,895 1591,896 1641,899 1691,903 1694,906"/>
        <Word id="word_b6b14db8-ab3c-4056-b1f5-66f7b3b52008">
          <Coords points="540,849 590,848 640,846 690,845 741,845 792,846 842,847 891,847 942,848 992,849 1042,851 1043,851 1041,896 1041,896 991,894 941,893 891,892 841,892 791,891 741,890 691,890 641,891 591,893 541,894"/>
          <TextEquiv>
            <Unicode>winthebberen)</Unicode>
          </TextEquiv>
        </Word>
        <Word id="word_817439c4-593d-431b-9da7-81d1ccd6555f">
          <Coords points="1082,853 1093,854 1140,853 1190,852 1235,854 1233,899 1191,897 1141,898 1090,899 1079,898"/>
          <TextEquiv>
            <Unicode>Mijn</Unicode>
          </TextEquiv>
        </Word>
        <Word id="word_43494b8f-bc28-4540-9b07-7e56053681d2">
          <Coords points="1274,855 1292,856 1342,857 1391,857 1442,858 1491,858 1542,860 1592,861 1621,863 1618,908 1591,906 1541,905 1491,903 1441,903 1391,902 1341,902 1291,901 1272,900"/>
          <TextEquiv>
            <Unicode>gebieden.</Unicode>
          </TextEquiv>
        </Word>
        <Word id="word_a905d5fd-8250-45b6-b5d1-46c76688e868">
          <Coords points="1660,865 1694,868 1719,881 1690,913 1687,913 1656,910"/>
          <TextEquiv>
            <Unicode>e</Unicode>
          </TextEquiv>
        </Word>
        <TextEquiv conf="0.8294676093959974">
          <Unicode>winthebberen) Mijn gebieden. e</Unicode>
        </TextEquiv>
        <TextStyle xHeight="51"/>
      </TextLine>
      <TextLine id="line_50accd77-5cbd-48a0-a850-eea17cfc139f">
        <Coords points="648,919 733,924 783,919 806,903 843,903 862,919 914,923 953,951 961,943 1014,951 1046,978 1086,948 1119,946 1116,1004 690,1003 648,1039"/>
        <Baseline points="675,986 725,987 775,987 825,987 875,986 925,986 975,989 1025,989 1075,990 1093,989"/>
        <Word id="word_6e774248-546a-4e88-a977-8125076d5b1d">
          <Coords points="676,951 726,952 775,952 825,952 874,951 925,951 977,954 1025,954 1076,955 1091,954 1094,999 1075,1000 1025,999 974,999 925,996 875,996 825,997 775,997 725,997 675,996"/>
          <TextEquiv>
            <Unicode>Heeren</Unicode>
          </TextEquiv>
        </Word>
        <TextEquiv conf="0.969473294404964">
          <Unicode>Heeren</Unicode>
        </TextEquiv>
        <TextStyle xHeight="34"/>
      </TextLine>
    </TextRegion>
    <TextRegion id="region_3b69b979-eeaf-4c96-b60d-905ca27dc86f_1" custom="structure {type:paragraph;}">
      <Coords points="2606,1089 2586,1102 2531,1111 2410,1115 2295,1098 2217,1102 2200,1085 2161,1082 2148,1089 2161,1128 2135,1147 2030,1167 1972,1190 1873,1196 1802,1219 1697,1298 1648,1317 1638,1327 1635,1360 1602,1393 1481,1406 1220,1406 1076,1383 830,1386 788,1376 723,1396 706,1458 726,1487 752,1654 755,2262 768,2399 765,2622 775,2726 772,3338 752,3815 759,4053 752,4243 778,4711 801,4737 853,4743 1602,4724 2243,4727 2302,4720 2514,4720 2625,4730 2864,4684 3028,4671 3060,4639 3100,4469 3073,4315 3064,4299 3028,4279 2943,4286 2890,4269 2874,4250 2890,4227 2913,4220 2933,4197 3008,4187 3028,4194 3086,4178 3113,4142 3126,4086 3126,4040 3109,3968 3122,3825 3122,3586 3100,3465 3067,3393 3067,3351 3054,3308 3054,3233 3080,3174 3077,3141 3096,3089 3100,3024 3083,2949 3047,2883 3041,2847 3028,2834 2959,2815 2907,2782 2880,2779 2818,2710 2792,2658 2730,2494 2717,2393 2714,2252 2704,2216 2710,2144 2701,1955 2753,1719 2727,1667 2724,1478 2717,1445 2694,1412 2694,1393 2733,1363 2733,1298 2691,1245 2697,1213 2684,1174"/>
      <TextLine id="line_4d5d38f6-7962-4ab0-8d10-f98d4a2a0edc">
        <Coords points="2176,1185 2190,1185 2230,1150 2240,1149 2284,1153 2313,1181 2334,1185 2353,1166 2413,1158 2445,1127 2475,1133 2516,1099 2535,1098 2551,1110 2570,1102 2613,1134 2655,1098 2670,1102 2694,1126 2704,1124 2785,1185 2792,1178 2792,1233 2766,1233 2747,1245 2719,1235 2706,1244 2680,1229 2657,1237 2622,1230 2606,1240 2599,1233 2575,1233 2556,1242 2505,1222 2477,1233 2466,1226 2437,1233 2417,1221 2406,1229 2400,1224 2356,1260 2349,1253 2337,1256 2317,1238 2293,1241 2284,1233 2214,1233 2176,1225"/>
        <Baseline points="2203,1185 2253,1194 2303,1195 2353,1202 2403,1206 2453,1209 2503,1212 2553,1215 2603,1217 2653,1219 2703,1213 2753,1215 2766,1220"/>
        <Word id="word_19f75a9d-3388-45d0-8012-995987e24024">
          <Coords points="2209,1151 2259,1160 2304,1160 2358,1167 2406,1171 2455,1174 2505,1177 2555,1180 2604,1182 2654,1184 2699,1178 2754,1180 2779,1187 2762,1229 2753,1225 2704,1223 2653,1229 2603,1227 2552,1225 2502,1222 2452,1219 2402,1216 2352,1212 2303,1205 2251,1204 2201,1195"/>
          <TextEquiv>
            <Unicode>Arentfes</Unicode>
          </TextEquiv>
        </Word>
        <TextEquiv conf="0.8593878138621707">
          <Unicode>Arentfes</Unicode>
        </TextEquiv>
        <TextStyle xHeight="30"/>
      </TextLine>
      <TextLine id="line_3428585b-e24a-471d-94ff-d3a339045637">
        <Coords points="1755,1252 1826,1251 1844,1237 1861,1249 1929,1185 2013,1189 2034,1176 2071,1176 2079,1184 2134,1186 2181,1227 2233,1227 2293,1240 2329,1228 2372,1244 2404,1216 2453,1216 2472,1228 2505,1220 2546,1255 2587,1224 2597,1232 2608,1228 2655,1242 2674,1228 2707,1243 2730,1227 2755,1239 2778,1232 2806,1255 2813,1247 2813,1303 2800,1289 2744,1319 2711,1304 2696,1311 2681,1299 2669,1307 2640,1304 2628,1315 2593,1311 2576,1317 2566,1308 2558,1315 2540,1306 2528,1315 2477,1311 2452,1322 2445,1315 2360,1303 2333,1282 2308,1307 2299,1300 2284,1315 2245,1319 2217,1311 2189,1287 2113,1283 2062,1323 2043,1326 2030,1315 1985,1318 1934,1276 1825,1272 1755,1284"/>
        <Baseline points="1782,1260 1832,1259 1882,1261 1932,1262 1982,1264 2032,1266 2082,1266 2132,1267 2182,1267 2232,1268 2282,1269 2332,1271 2382,1274 2432,1276 2482,1279 2532,1282 2582,1283 2632,1281 2682,1283 2732,1287 2782,1290 2787,1290"/>
        <Word id="word_10201e82-e0ec-415a-b845-eba8db4ae02c">
          <Coords points="1781,1225 1831,1224 1883,1226 1933,1227 1983,1229 2033,1231 2082,1231 2132,1232 2132,1277 2082,1276 2032,1276 1982,1274 1932,1272 1882,1271 1832,1269 1782,1270"/>
          <TextEquiv>
            <Unicode>manhafte</Unicode>
          </TextEquiv>
        </Word>
        <Word id="word_9d99b740-bbf4-436e-8e9f-d275b36e6091">
          <Coords points="2171,1233 2177,1232 2233,1233 2283,1234 2308,1235 2306,1280 2282,1279 2232,1278 2183,1277 2177,1278"/>
          <TextEquiv>
            <Unicode>wel</Unicode>
          </TextEquiv>
        </Word>
        <Word id="word_9fe6ce66-2a82-4bd9-815e-44eedb610f1a">
          <Coords points="2353,1237 2384,1239 2433,1241 2484,1244 2534,1247 2569,1248 2568,1293 2531,1292 2481,1289 2432,1286 2381,1284 2350,1282"/>
          <TextEquiv>
            <Unicode>wijse</Unicode>
          </TextEquiv>
        </Word>
        <Word id="word_f2615955-b0e7-438f-a81f-fd9eb5c9d6bd">
          <Coords points="2608,1249 2627,1246 2683,1248 2735,1252 2784,1255 2787,1255 2787,1300 2781,1300 2731,1297 2682,1293 2633,1291 2614,1294"/>
          <TextEquiv>
            <Unicode>voor</Unicode>
          </TextEquiv>
        </Word>
        <TextEquiv conf="0.8883032894706883">
          <Unicode>manhafte wel wijse voor</Unicode>
        </TextEquiv>
        <TextStyle xHeight="35"/>
      </TextLine>
      <TextLine id="d37a032c-6db7-4a36-822d-499af71b9a32">
        <Coords points="1659,1292 1713,1292 1721,1285 1825,1272 1936,1276 1984,1319 2028,1313 2052,1324 2076,1317 2120,1277 2312,1277 2346,1292 2353,1288 2368,1303 2451,1320 2482,1311 2526,1316 2537,1307 2558,1315 2566,1309 2573,1316 2608,1310 2608,1367 2596,1376 2555,1381 2535,1364 2499,1369 2465,1361 2451,1373 2367,1405 2304,1396 2224,1397 2192,1417 2148,1417 2092,1384 2056,1376 2012,1385 1896,1389 1869,1413 1840,1421 1693,1424 1685,1416 1659,1417"/>
        <Baseline points="1686,1365 1736,1361 1786,1358 1836,1355 1886,1354 1936,1354 1986,1355 2036,1355 2086,1354 2136,1354 2186,1354 2236,1353 2286,1353 2336,1351 2386,1351 2436,1353 2486,1354 2536,1353 2582,1353"/>
        <Word id="word_d17fb10b-720e-49ac-af85-477f11b7cc87">
          <Coords points="1683,1330 1733,1326 1784,1323 1834,1320 1856,1320 1857,1365 1837,1365 1787,1368 1737,1371 1687,1375"/>
          <TextEquiv>
            <Unicode>seer</Unicode>
          </TextEquiv>
        </Word>
        <Word id="word_a219bb4f-bb9d-4b62-9b82-f7b856d2418e">
          <Coords points="1899,1319 1936,1319 1987,1320 2036,1320 2085,1319 2136,1319 2186,1319 2235,1318 2283,1318 2283,1363 2236,1363 2186,1364 2136,1364 2086,1364 2036,1365 1986,1365 1936,1364 1899,1364"/>
          <TextEquiv>
            <Unicode>Genereuse</Unicode>
          </TextEquiv>
        </Word>
        <Word id="word_e08d4b9f-80cc-49e2-9468-206b1a6b348c">
          <Coords points="2319,1319 2329,1317 2386,1316 2437,1318 2487,1319 2535,1318 2582,1318 2582,1363 2536,1363 2486,1364 2436,1363 2386,1361 2338,1361 2328,1363"/>
          <TextEquiv>
            <Unicode>Heeren</Unicode>
          </TextEquiv>
        </Word>
        <TextEquiv conf="0.9852851990728844">
          <Unicode>seer Genereuse Heeren</Unicode>
        </TextEquiv>
        <TextStyle xHeight="42"/>
      </TextLine>
      <TextLine id="line_8ba355d6-4e27-4785-9071-ca161d69568c">
        <Coords points="701,1366 855,1368 908,1418 927,1402 1107,1401 1595,1401 1603,1409 1639,1409 1651,1418 1855,1418 1895,1390 1959,1390 1967,1382 2012,1386 2035,1375 2067,1374 2147,1418 2195,1418 2223,1398 2361,1397 2370,1406 2414,1410 2523,1405 2539,1417 2579,1426 2611,1418 2635,1398 2648,1397 2663,1406 2670,1399 2710,1425 2725,1422 2756,1445 2778,1445 2804,1429 2826,1433 2837,1444 2855,1429 2866,1429 2898,1453 2916,1446 2916,1501 2904,1511 2886,1519 2863,1500 2848,1500 2810,1531 2778,1519 2745,1542 2722,1527 2697,1535 2659,1499 2619,1504 2584,1492 2495,1496 2471,1512 2451,1503 2415,1539 2402,1531 2386,1546 2368,1542 2321,1495 2307,1496 2262,1539 2255,1532 2246,1539 2207,1507 2171,1507 2159,1495 2124,1484 2104,1484 2097,1491 2059,1491 2052,1484 1791,1484 1754,1519 1719,1488 1523,1491 1491,1519 1479,1519 1455,1518 1420,1484 1339,1487 1295,1480 1279,1488 1264,1480 1227,1480 1209,1496 1196,1487 1131,1488 1120,1480 1084,1476 823,1476 788,1507 701,1503"/>
        <Baseline points="728,1458 778,1459 828,1464 878,1466 928,1466 978,1467 1028,1468 1078,1469 1128,1470 1178,1471 1228,1472 1278,1472 1328,1473 1378,1474 1428,1474 1478,1475 1528,1475 1578,1476 1628,1477 1678,1477 1728,1474 1778,1474 1828,1474 1878,1474 1928,1474 1978,1474 2028,1474 2078,1474 2128,1477 2178,1478 2228,1477 2278,1478 2328,1479 2378,1479 2428,1480 2478,1482 2528,1484 2578,1485 2628,1485 2678,1485 2728,1485 2778,1488 2828,1491 2878,1490 2890,1487"/>
        <Word id="word_2be074da-f86d-424b-9aee-45b036f38f42">
          <Coords points="729,1423 779,1424 831,1429 827,1474 778,1469 728,1468"/>
          <TextEquiv>
            <Unicode>ijn</Unicode>
          </TextEquiv>
        </Word>
        <Word id="word_3595a87d-dc86-4af7-a3b9-9c3a0868e421">
          <Coords points="858,1432 875,1431 928,1431 979,1432 1029,1433 1061,1434 1060,1479 1028,1478 978,1477 928,1476 879,1476 861,1477"/>
          <TextEquiv>
            <Unicode>Heeren</Unicode>
          </TextEquiv>
        </Word>
        <Word id="word_5020649c-c641-4c3b-b8e5-ec70c658a8e0">
          <Coords points="1094,1434 1129,1435 1179,1436 1194,1436 1193,1481 1178,1481 1128,1480 1093,1479"/>
          <TextEquiv>
            <Unicode>met</Unicode>
          </TextEquiv>
        </Word>
        <Word id="word_e62b1e5a-d4ab-443a-b1f2-ac9cd22cd022">
          <Coords points="1227,1437 1229,1437 1278,1437 1329,1438 1379,1439 1428,1439 1479,1440 1526,1440 1526,1485 1478,1485 1428,1484 1378,1484 1328,1483 1278,1482 1228,1482 1226,1482"/>
          <TextEquiv>
            <Unicode>leetwesen</Unicode>
          </TextEquiv>
        </Word>
        <Word id="word_cac73ce8-8c6f-406f-933a-44c280622b62">
          <Coords points="1561,1440 1580,1441 1629,1442 1659,1442 1659,1487 1628,1487 1577,1486 1559,1485"/>
          <TextEquiv>
            <Unicode>end</Unicode>
          </TextEquiv>
        </Word>
        <Word id="word_d29a96af-6f5e-4fea-a33e-e462e1a90b47">
          <Coords points="1690,1442 1725,1439 1778,1439 1828,1439 1878,1439 1928,1439 1978,1439 2025,1439 2025,1484 1978,1484 1928,1484 1878,1484 1828,1484 1778,1484 1729,1484 1693,1487"/>
          <TextEquiv>
            <Unicode>hartelicke</Unicode>
          </TextEquiv>
        </Word>
        <Word id="word_b8c5e703-d7ea-46e9-b2ca-7003b77dde23">
          <Coords points="2059,1439 2078,1439 2130,1442 2179,1443 2227,1442 2279,1443 2329,1444 2378,1444 2429,1445 2459,1446 2457,1491 2428,1490 2378,1489 2328,1489 2278,1488 2228,1487 2178,1488 2127,1487 2078,1484 2059,1484"/>
          <TextEquiv>
            <Unicode>droeffenisse</Unicode>
          </TextEquiv>
        </Word>
        <Word id="word_f03d637c-0956-4695-a68b-1bbc4fa66b85">
          <Coords points="2492,1448 2529,1449 2579,1450 2624,1450 2624,1495 2578,1495 2528,1494 2491,1493"/>
          <TextEquiv>
            <Unicode>int'</Unicode>
          </TextEquiv>
        </Word>
        <Word id="word_854d8d1f-764e-4afb-85f6-b0c1878b5e11">
          <Coords points="2657,1450 2678,1450 2728,1450 2780,1453 2830,1456 2877,1455 2881,1453 2892,1497 2878,1500 2827,1501 2777,1498 2728,1495 2678,1495 2657,1495"/>
          <TextEquiv>
            <Unicode>binnent</Unicode>
          </TextEquiv>
        </Word>
        <TextEquiv conf="0.9293233322652512">
          <Unicode>ijn Heeren met leetwesen end hartelicke droeffenisse int' binnent</Unicode>
        </TextEquiv>
        <TextStyle xHeight="36"/>
      </TextLine>
      <TextLine id="ed0486f7-0a1c-408e-a615-87966646b5dc">
        <Coords points="711,1499 773,1499 786,1507 817,1476 1082,1476 1118,1480 1128,1488 1247,1488 1263,1480 1281,1488 1297,1480 1326,1480 1337,1487 1413,1484 1449,1519 1489,1520 1525,1484 1721,1486 1727,1492 1748,1484 2125,1484 2160,1495 2172,1507 2216,1511 2248,1537 2268,1532 2308,1496 2320,1495 2376,1547 2400,1532 2415,1540 2464,1492 2484,1500 2548,1492 2585,1492 2620,1504 2660,1499 2692,1531 2724,1524 2740,1540 2767,1521 2795,1531 2804,1524 2811,1528 2842,1500 2851,1506 2863,1500 2885,1521 2885,1579 2859,1599 2842,1587 2805,1595 2784,1584 2749,1603 2707,1576 2696,1583 2688,1579 2662,1603 2605,1572 2544,1592 2519,1575 2488,1576 2477,1568 2392,1568 2337,1603 2316,1602 2304,1591 2208,1599 2185,1576 2171,1583 2156,1568 2124,1568 2104,1588 2028,1592 2009,1579 1986,1591 1960,1568 1745,1568 1713,1595 1681,1595 1650,1568 1529,1572 1497,1571 1490,1564 1417,1564 1397,1572 1386,1564 1353,1564 1326,1591 1295,1599 1249,1565 1220,1564 1185,1599 1176,1591 1153,1591 1129,1567 1097,1567 1050,1607 1017,1607 969,1570 773,1564 761,1576 711,1575"/>
        <Baseline points="738,1559 788,1554 838,1552 888,1551 938,1551 988,1550 1038,1550 1088,1551 1138,1551 1188,1552 1238,1553 1288,1553 1338,1552 1388,1552 1438,1553 1488,1552 1538,1552 1588,1553 1638,1553 1688,1552 1738,1553 1788,1552 1838,1552 1888,1552 1938,1551 1988,1551 2038,1550 2088,1551 2138,1550 2188,1552 2238,1553 2288,1553 2338,1555 2388,1556 2438,1558 2488,1558 2538,1558 2588,1559 2638,1561 2688,1564 2738,1566 2788,1567 2838,1567 2859,1565"/>
        <Word id="word_21169125-d9a8-47bb-bace-c8b8ec439e61">
          <Coords points="735,1524 785,1519 830,1517 832,1562 789,1564 739,1569"/>
          <TextEquiv>
            <Unicode>van</Unicode>
          </TextEquiv>
        </Word>
        <Word id="word_01dbe999-cee4-4ad8-a52f-6008ac1531a2">
          <Coords points="862,1516 888,1516 938,1516 987,1515 988,1560 938,1561 888,1561 863,1561"/>
          <TextEquiv>
            <Unicode>onse</Unicode>
          </TextEquiv>
        </Word>
        <Word id="word_c8326c3b-e366-47fa-a5fa-36a7e66c223a">
          <Coords points="1020,1514 1039,1515 1089,1516 1138,1516 1189,1517 1206,1517 1206,1562 1188,1562 1138,1561 1088,1561 1038,1560 1018,1559"/>
          <TextEquiv>
            <Unicode>siele,</Unicode>
          </TextEquiv>
        </Word>
        <Word id="word_16b6c7e0-65e0-41d3-99dd-6694837095bf">
          <Coords points="1238,1518 1239,1518 1288,1518 1337,1517 1388,1517 1425,1518 1424,1563 1388,1562 1338,1562 1288,1563 1238,1563 1237,1563"/>
          <TextEquiv>
            <Unicode>hebben</Unicode>
          </TextEquiv>
        </Word>
        <Word id="word_c3df734a-48f5-4945-9f2b-37f1c04a91d8">
          <Coords points="1454,1518 1487,1517 1538,1517 1589,1518 1638,1518 1642,1518 1643,1563 1638,1563 1588,1563 1538,1562 1488,1562 1456,1563"/>
          <TextEquiv>
            <Unicode>moeten</Unicode>
          </TextEquiv>
        </Word>
        <Word id="word_eb275649-b6db-4b98-aff2-0e416b9259f3">
          <Coords points="1673,1517 1687,1517 1739,1518 1787,1517 1838,1517 1861,1517 1861,1562 1838,1562 1788,1562 1738,1563 1688,1562 1674,1562"/>
          <TextEquiv>
            <Unicode>hooren</Unicode>
          </TextEquiv>
        </Word>
        <Word id="word_f53f4c55-43dc-4825-89b0-9df37b1aa92e">
          <Coords points="1891,1517 1937,1516 1954,1516 1954,1561 1938,1561 1892,1562"/>
          <TextEquiv>
            <Unicode>en</Unicode>
          </TextEquiv>
        </Word>
        <Word id="word_d0fbce76-6bb0-432f-870b-f50be7e2510f">
          <Coords points="1986,1516 1988,1516 2037,1515 2089,1516 2137,1515 2143,1515 2141,1560 2138,1560 2088,1561 2038,1560 1988,1561 1986,1561"/>
          <TextEquiv>
            <Unicode>selfs</Unicode>
          </TextEquiv>
        </Word>
        <Word id="word_741a6ea7-4053-4829-a38a-f81398aa73d8">
          <Coords points="2174,1516 2189,1517 2239,1518 2288,1518 2339,1520 2389,1521 2393,1521 2391,1566 2388,1566 2338,1565 2288,1563 2238,1563 2188,1562 2172,1561"/>
          <TextEquiv>
            <Unicode>gesien,</Unicode>
          </TextEquiv>
        </Word>
        <Word id="word_284649c0-7a97-4060-a0ca-652181d319b1">
          <Coords points="2424,1522 2439,1523 2488,1523 2516,1523 2516,1568 2488,1568 2438,1568 2422,1567"/>
          <TextEquiv>
            <Unicode>dat</Unicode>
          </TextEquiv>
        </Word>
        <Word id="word_23203826-8f0d-4f4c-9653-fc0e7703750b">
          <Coords points="2548,1523 2589,1524 2611,1525 2609,1570 2588,1569 2547,1568"/>
          <TextEquiv>
            <Unicode>U:</Unicode>
          </TextEquiv>
        </Word>
        <Word id="word_d738127e-4d7b-4727-9c6c-d5ecdb1339e1">
          <Coords points="2643,1526 2690,1529 2736,1531 2734,1576 2687,1574 2640,1571"/>
          <TextEquiv>
            <Unicode>Ed:</Unicode>
          </TextEquiv>
        </Word>
        <Word id="word_46a60f82-eef8-4743-9943-e842428217d8">
          <Coords points="2765,1532 2788,1532 2838,1532 2856,1530 2860,1575 2838,1577 2788,1577 2765,1577"/>
          <TextEquiv>
            <Unicode>ons</Unicode>
          </TextEquiv>
        </Word>
        <TextEquiv conf="0.8930129970911196">
          <Unicode>van onse siele, hebben moeten hooren en selfs gesien, dat U: Ed: ons</Unicode>
        </TextEquiv>
        <TextStyle xHeight="38"/>
      </TextLine>
      <TextLine id="d0ca2b78-9c38-4238-a906-89b376af07a0">
        <Coords points="703,1566 729,1575 761,1575 773,1563 889,1562 897,1570 969,1570 1017,1607 1050,1607 1096,1563 1124,1559 1248,1564 1275,1585 1294,1566 1304,1572 1320,1559 1396,1571 1412,1563 1464,1559 1633,1563 1648,1566 1684,1595 1712,1595 1754,1563 1799,1559 1980,1559 2027,1594 2039,1586 2107,1587 2127,1567 2161,1570 2171,1564 2211,1599 2307,1594 2315,1602 2343,1606 2395,1567 2480,1567 2491,1575 2526,1570 2550,1594 2584,1594 2602,1606 2626,1607 2646,1594 2664,1606 2713,1579 2741,1591 2750,1584 2764,1593 2791,1586 2801,1594 2817,1590 2835,1602 2857,1598 2880,1614 2895,1607 2895,1663 2889,1669 2854,1654 2830,1666 2802,1666 2772,1655 2744,1674 2721,1657 2684,1673 2623,1654 2610,1654 2598,1666 2567,1651 2523,1651 2487,1666 2415,1666 2387,1661 2376,1651 2189,1651 2181,1658 2139,1654 2118,1674 2003,1673 1980,1651 1963,1651 1940,1673 1911,1677 1896,1665 1768,1665 1736,1661 1721,1647 1680,1647 1647,1678 1626,1676 1615,1685 1599,1669 1587,1673 1575,1661 1528,1661 1513,1647 1472,1647 1456,1658 1446,1650 1438,1658 1340,1662 1304,1661 1284,1650 821,1647 776,1682 703,1682"/>
        <Baseline points="730,1640 780,1638 830,1639 880,1637 930,1636 980,1634 1030,1633 1080,1631 1130,1631 1180,1630 1230,1629 1280,1629 1330,1630 1380,1631 1430,1629 1480,1631 1530,1634 1580,1635 1630,1636 1680,1636 1730,1635 1780,1635 1830,1635 1880,1635 1930,1636 1980,1636 2030,1637 2080,1638 2130,1638 2180,1639 2230,1638 2280,1638 2330,1640 2380,1639 2430,1639 2480,1641 2530,1641 2580,1642 2630,1643 2680,1643 2730,1644 2780,1645 2830,1647 2869,1649"/>
        <Word id="word_cee27e3a-ec38-42ad-9634-6ae5872390a9">
          <Coords points="729,1605 779,1603 831,1604 879,1602 929,1601 979,1599 981,1599 982,1644 980,1644 930,1646 880,1647 830,1649 780,1648 730,1650"/>
          <TextEquiv>
            <Unicode>gelieven</Unicode>
          </TextEquiv>
        </Word>
        <Word id="word_9506d49c-1e6c-4f9b-bae9-ed1bc3349248">
          <Coords points="1012,1598 1029,1598 1075,1596 1076,1641 1030,1643 1013,1643"/>
          <TextEquiv>
            <Unicode>te</Unicode>
          </TextEquiv>
        </Word>
        <Word id="word_d73400d3-113f-4792-a679-a153c96b79e9">
          <Coords points="1109,1595 1132,1596 1179,1595 1229,1594 1280,1594 1331,1595 1360,1596 1359,1641 1330,1640 1280,1639 1230,1639 1180,1640 1130,1641 1107,1640"/>
          <TextEquiv>
            <Unicode>belasten</Unicode>
          </TextEquiv>
        </Word>
        <Word id="word_c2945f1f-5b00-48e6-996b-8cd85de3f9b7">
          <Coords points="1389,1596 1428,1594 1455,1595 1453,1640 1431,1639 1391,1641"/>
          <TextEquiv>
            <Unicode>p.</Unicode>
          </TextEquiv>
        </Word>
        <Word id="word_9cd76a83-8886-49eb-88c3-640171ded07a">
          <Coords points="1487,1596 1518,1598 1516,1643 1484,1641"/>
          <TextEquiv>
            <Unicode>r</Unicode>
          </TextEquiv>
        </Word>
        <Word id="word_8ca4ab27-80bb-42a2-b698-f7101619d807">
          <Coords points="1548,1600 1580,1600 1631,1601 1680,1601 1729,1600 1768,1600 1768,1645 1730,1645 1680,1646 1630,1646 1580,1645 1548,1645"/>
          <TextEquiv>
            <Unicode>missive</Unicode>
          </TextEquiv>
        </Word>
        <Word id="word_be463e83-2204-4b96-81f7-eebdd93b0dcb">
          <Coords points="1799,1600 1830,1600 1880,1600 1894,1600 1894,1645 1880,1645 1830,1645 1799,1645"/>
          <TextEquiv>
            <Unicode>als</Unicode>
          </TextEquiv>
        </Word>
        <Word id="word_cf4e42f6-89b0-43ce-b2b5-488addc10bc7">
          <Coords points="1926,1601 1931,1601 1980,1601 2031,1602 2052,1602 2051,1647 2030,1647 1980,1646 1930,1646 1925,1646"/>
          <TextEquiv>
            <Unicode>ofte</Unicode>
          </TextEquiv>
        </Word>
        <Word id="word_002f952d-a0e5-4bf8-b999-218a6e3410b6">
          <Coords points="2082,1603 2130,1603 2146,1603 2145,1648 2130,1648 2082,1648"/>
          <TextEquiv>
            <Unicode>U.</Unicode>
          </TextEquiv>
        </Word>
        <Word id="word_f66fa56e-c387-4d07-805d-6e423b4590f5">
          <Coords points="2178,1604 2181,1604 2229,1603 2271,1603 2271,1648 2230,1648 2180,1649 2177,1649"/>
          <TextEquiv>
            <Unicode>Ed:</Unicode>
          </TextEquiv>
        </Word>
        <Word id="word_8ba0b01b-5fc7-45fa-98d1-b8c96bace232">
          <Coords points="2305,1603 2333,1605 2379,1604 2430,1604 2461,1605 2460,1650 2430,1649 2380,1649 2329,1650 2302,1648"/>
          <TextEquiv>
            <Unicode>ordre</Unicode>
          </TextEquiv>
        </Word>
        <Word id="word_513650ef-4cb0-4c09-b81a-b4ccfe741e7a">
          <Coords points="2491,1606 2530,1606 2581,1607 2586,1607 2586,1652 2580,1652 2530,1651 2492,1651"/>
          <TextEquiv>
            <Unicode>die</Unicode>
          </TextEquiv>
        </Word>
        <Word id="word_aaeb638e-3e40-490b-bc61-965e0428974e">
          <Coords points="2618,1608 2631,1608 2680,1608 2731,1609 2781,1610 2831,1612 2871,1614 2868,1659 2830,1657 2780,1655 2730,1654 2680,1653 2630,1653 2617,1653"/>
          <TextEquiv>
            <Unicode>nochtans</Unicode>
          </TextEquiv>
        </Word>
        <TextEquiv conf="0.8897699648767282">
          <Unicode>gelieven te belasten p. r missive als ofte U. Ed: ordre die nochtans</Unicode>
        </TextEquiv>
        <TextStyle xHeight="35"/>
      </TextLine>
      <TextLine id="line_3915c689-fef2-44dd-9e02-b5e6158c9c7e">
        <Coords points="734,1683 773,1683 820,1647 1284,1650 1307,1662 1447,1665 1477,1643 1580,1643 1608,1646 1616,1654 1631,1643 1651,1651 1662,1643 1670,1650 1679,1643 1724,1643 1751,1667 1897,1666 1910,1675 1946,1647 1974,1646 2002,1674 2127,1674 2150,1651 2174,1647 2303,1647 2373,1649 2390,1662 2410,1662 2430,1682 2466,1683 2502,1667 2542,1662 2562,1662 2593,1682 2621,1654 2667,1670 2689,1662 2701,1674 2720,1676 2729,1669 2745,1675 2772,1655 2817,1667 2843,1655 2876,1666 2897,1658 2924,1682 2946,1677 2946,1733 2938,1726 2926,1738 2887,1742 2828,1731 2780,1750 2755,1738 2703,1754 2673,1737 2649,1734 2637,1741 2590,1727 2574,1727 2563,1738 2506,1730 2481,1742 2446,1741 2435,1730 2406,1738 2380,1730 2305,1738 2288,1727 2281,1734 2214,1734 2186,1761 2154,1737 2094,1730 2062,1730 2038,1746 2014,1750 1990,1741 1878,1741 1858,1727 1723,1731 1715,1738 1595,1741 1571,1758 1539,1741 1459,1746 1404,1731 1367,1731 1356,1741 1342,1734 1334,1742 1283,1742 1272,1734 1203,1734 1195,1741 1182,1731 1145,1731 1138,1738 1084,1738 1070,1750 1040,1750 1028,1741 1017,1748 999,1734 971,1762 959,1754 950,1762 824,1758 793,1734 734,1737"/>
        <Baseline points="761,1729 811,1723 861,1719 911,1717 961,1716 1011,1715 1061,1715 1111,1715 1161,1714 1211,1713 1261,1713 1311,1713 1361,1711 1411,1711 1461,1712 1511,1711 1561,1711 1611,1710 1661,1710 1711,1709 1761,1710 1811,1711 1861,1711 1911,1712 1961,1713 2011,1713 2061,1713 2111,1714 2161,1714 2211,1715 2261,1716 2311,1716 2361,1717 2411,1717 2461,1717 2511,1718 2561,1719 2611,1719 2661,1719 2711,1721 2761,1721 2811,1723 2861,1725 2911,1721 2920,1720"/>
        <Word id="word_d609176e-6324-45d4-977a-59eff40c6c40">
          <Coords points="757,1694 807,1688 858,1684 910,1682 934,1682 935,1727 911,1727 862,1729 812,1733 762,1739"/>
          <TextEquiv>
            <Unicode>stale</Unicode>
          </TextEquiv>
        </Word>
        <Word id="word_a5dbd3d4-af6d-4757-8897-5816d0b87fc1">
          <Coords points="969,1681 1010,1680 1061,1680 1074,1680 1074,1725 1061,1725 1011,1725 970,1726"/>
          <TextEquiv>
            <Unicode>wet</Unicode>
          </TextEquiv>
        </Word>
        <Word id="word_0be357d9-57b7-4b29-9356-02590dcc2ed9">
          <Coords points="1109,1680 1111,1680 1160,1679 1210,1678 1248,1678 1248,1723 1211,1723 1161,1724 1111,1725 1109,1725"/>
          <TextEquiv>
            <Unicode>moet</Unicode>
          </TextEquiv>
        </Word>
        <Word id="word_3653bd5e-43fc-470d-a934-98c21a9d1e9c">
          <Coords points="1283,1678 1311,1678 1360,1676 1411,1676 1462,1677 1510,1676 1561,1676 1610,1675 1661,1675 1665,1675 1666,1720 1661,1720 1611,1720 1561,1721 1511,1721 1461,1722 1411,1721 1361,1721 1311,1723 1283,1723"/>
          <TextEquiv>
            <Unicode>onderhouden</Unicode>
          </TextEquiv>
        </Word>
        <Word id="word_41c209ce-95b8-483f-9323-90e2871ef35a">
          <Coords points="1700,1674 1710,1674 1762,1675 1812,1676 1861,1676 1912,1677 1946,1678 1945,1723 1911,1722 1861,1721 1811,1721 1761,1720 1711,1719 1701,1719"/>
          <TextEquiv>
            <Unicode>worden,</Unicode>
          </TextEquiv>
        </Word>
        <Word id="word_41f90cc1-1209-43cc-9045-9afb9bdb5925">
          <Coords points="1979,1678 2011,1678 2049,1678 2049,1723 2011,1723 1980,1723"/>
          <TextEquiv>
            <Unicode>de</Unicode>
          </TextEquiv>
        </Word>
        <Word id="word_40dd5c71-f111-4efe-8622-ae8003ff34f2">
          <Coords points="2086,1678 2112,1679 2161,1679 2212,1680 2259,1681 2258,1726 2211,1725 2161,1724 2111,1724 2084,1723"/>
          <TextEquiv>
            <Unicode>selve</Unicode>
          </TextEquiv>
        </Word>
        <Word id="word_df337827-e267-4b88-bbc9-c6a7c1c4c4b8">
          <Coords points="2292,1682 2310,1681 2362,1682 2398,1682 2398,1727 2361,1727 2311,1726 2294,1727"/>
          <TextEquiv>
            <Unicode>bij</Unicode>
          </TextEquiv>
        </Word>
        <Word id="word_31618c9f-993f-4d2b-af2d-b0780d5f9b5c">
          <Coords points="2433,1682 2461,1682 2512,1683 2538,1684 2537,1729 2511,1728 2461,1727 2433,1727"/>
          <TextEquiv>
            <Unicode>ons</Unicode>
          </TextEquiv>
        </Word>
        <Word id="word_b1f67df7-5c0f-4ac5-ae87-f7cf4f1d6333">
          <Coords points="2572,1684 2611,1684 2661,1684 2712,1686 2761,1686 2812,1688 2817,1688 2815,1733 2811,1733 2761,1731 2711,1731 2661,1729 2611,1729 2572,1729"/>
          <TextEquiv>
            <Unicode>willens</Unicode>
          </TextEquiv>
        </Word>
        <Word id="word_bddddf1f-d51f-4088-9eca-d54739fe6f79">
          <Coords points="2852,1690 2862,1690 2908,1686 2916,1685 2921,1730 2912,1731 2861,1735 2850,1735"/>
          <TextEquiv>
            <Unicode>en</Unicode>
          </TextEquiv>
        </Word>
        <TextEquiv conf="0.9203089770836752">
          <Unicode>stale wet moet onderhouden worden, de selve bij ons willens en</Unicode>
        </TextEquiv>
        <TextStyle xHeight="37"/>
      </TextLine>
      <TextLine id="ec8e4a4f-fa1f-497f-b426-99d828e192d8">
        <Coords points="720,1738 943,1726 961,1734 975,1726 1001,1733 1020,1750 1050,1722 1147,1722 1154,1729 1180,1729 1192,1741 1210,1733 1270,1733 1286,1742 1324,1738 1342,1722 1366,1721 1406,1725 1422,1741 1538,1741 1570,1758 1618,1718 1714,1721 1766,1738 1853,1738 1878,1718 1897,1737 1993,1741 2005,1750 2037,1746 2061,1729 2129,1733 2153,1737 2178,1761 2197,1750 2265,1750 2294,1746 2313,1733 2383,1726 2433,1729 2453,1742 2537,1729 2549,1741 2584,1746 2605,1733 2637,1738 2645,1732 2673,1737 2687,1749 2702,1742 2720,1750 2757,1737 2781,1749 2822,1734 2917,1746 2940,1738 2972,1745 2994,1734 3026,1753 3026,1811 3020,1817 2998,1806 2979,1817 2957,1809 2937,1829 2922,1829 2847,1806 2808,1825 2785,1819 2755,1832 2741,1825 2722,1836 2713,1836 2677,1802 2613,1817 2602,1828 2589,1821 2561,1837 2509,1828 2498,1817 2482,1825 2458,1802 2413,1802 2406,1809 2373,1809 2364,1817 2297,1821 2269,1805 2185,1805 2145,1837 2112,1836 2097,1824 2077,1824 2062,1809 1957,1812 1909,1851 1851,1806 1782,1813 1698,1806 1670,1825 1586,1812 1394,1817 1379,1806 1334,1813 1306,1806 1292,1817 1214,1821 1195,1806 1154,1806 1130,1829 1113,1833 971,1836 943,1809 778,1809 769,1817 720,1816"/>
        <Baseline points="747,1804 797,1800 847,1797 897,1795 947,1793 997,1792 1047,1792 1097,1791 1147,1791 1197,1791 1247,1791 1297,1791 1347,1791 1397,1791 1447,1791 1497,1790 1547,1790 1597,1788 1647,1785 1697,1785 1747,1784 1797,1784 1847,1784 1897,1784 1947,1784 1997,1784 2047,1785 2097,1785 2147,1785 2197,1787 2247,1790 2297,1791 2347,1792 2397,1792 2447,1793 2497,1794 2547,1794 2597,1794 2647,1793 2697,1793 2747,1793 2797,1794 2847,1796 2897,1796 2947,1795 2997,1797 3000,1797"/>
        <Word id="word_6e30ec7f-773c-4f75-b2bf-d2a1877426fa">
          <Coords points="744,1769 794,1765 845,1762 891,1760 893,1805 848,1807 798,1810 748,1814"/>
          <TextEquiv>
            <Unicode>voor</Unicode>
          </TextEquiv>
        </Word>
        <Word id="word_38296e43-3c59-49d3-9bcb-e3bd09c7fb75">
          <Coords points="927,1759 946,1758 996,1757 1047,1757 1096,1756 1147,1756 1197,1756 1247,1756 1256,1756 1256,1801 1247,1801 1197,1801 1147,1801 1097,1801 1047,1802 997,1802 947,1803 929,1804"/>
          <TextEquiv>
            <Unicode>bedachten</Unicode>
          </TextEquiv>
        </Word>
        <Word id="word_73522dd6-1611-49f5-aa6a-1a23b074b717">
          <Coords points="1292,1756 1297,1756 1347,1756 1397,1756 1437,1756 1437,1801 1397,1801 1347,1801 1297,1801 1292,1801"/>
          <TextEquiv>
            <Unicode>rade</Unicode>
          </TextEquiv>
        </Word>
        <Word id="word_da3db5d7-4297-4992-954c-02cab2f3b7a6">
          <Coords points="1472,1756 1496,1755 1547,1755 1596,1753 1617,1752 1620,1797 1597,1798 1547,1800 1497,1800 1474,1801"/>
          <TextEquiv>
            <Unicode>ware</Unicode>
          </TextEquiv>
        </Word>
        <Word id="word_4f69bb11-a7df-442a-8182-79b340f43798">
          <Coords points="1656,1750 1697,1750 1746,1749 1797,1749 1847,1749 1897,1749 1947,1749 1997,1749 2048,1750 2097,1750 2147,1750 2198,1752 2203,1752 2200,1797 2197,1797 2147,1795 2097,1795 2047,1795 1997,1794 1947,1794 1897,1794 1847,1794 1797,1794 1747,1794 1697,1795 1655,1795"/>
          <TextEquiv>
            <Unicode>gecontrarieert,</Unicode>
          </TextEquiv>
        </Word>
        <Word id="word_ae737ce6-37fb-4d03-9cad-1d3be741dc1d">
          <Coords points="2239,1754 2249,1755 2298,1756 2346,1757 2346,1802 2297,1801 2246,1800 2236,1799"/>
          <TextEquiv>
            <Unicode>dat</Unicode>
          </TextEquiv>
        </Word>
        <Word id="word_18041221-7bf9-4d60-935e-6d68a7d75235">
          <Coords points="2380,1758 2395,1757 2448,1758 2498,1759 2547,1759 2564,1759 2564,1804 2547,1804 2497,1804 2447,1803 2397,1802 2383,1803"/>
          <TextEquiv>
            <Unicode>verre</Unicode>
          </TextEquiv>
        </Word>
        <Word id="word_c40e313a-a76c-4337-979c-761c767869c6">
          <Coords points="2599,1759 2646,1758 2697,1758 2709,1758 2709,1803 2697,1803 2647,1803 2600,1804"/>
          <TextEquiv>
            <Unicode>van</Unicode>
          </TextEquiv>
        </Word>
        <Word id="word_8386890e-e0fe-4bd1-915b-1f08f6305347">
          <Coords points="2746,1758 2747,1758 2798,1759 2848,1761 2855,1761 2855,1806 2847,1806 2797,1804 2747,1803 2746,1803"/>
          <TextEquiv>
            <Unicode>ons</Unicode>
          </TextEquiv>
        </Word>
        <Word id="word_29437996-019c-48ee-b0af-1e9685a6d347">
          <Coords points="2891,1761 2897,1761 2946,1760 2998,1762 3000,1762 3000,1807 2997,1807 2947,1805 2897,1806 2891,1806"/>
          <TextEquiv>
            <Unicode>mae</Unicode>
          </TextEquiv>
        </Word>
        <TextEquiv conf="0.9245905790569288">
          <Unicode>voor bedachten rade ware gecontrarieert, dat verre van ons mae</Unicode>
        </TextEquiv>
        <TextStyle xHeight="37"/>
      </TextLine>
      <TextLine id="line_87d93eb9-96bb-406d-aaf1-7c6127986c60">
        <Coords points="732,1817 769,1817 778,1809 942,1808 970,1836 1113,1833 1130,1829 1162,1800 1190,1800 1210,1820 1246,1821 1292,1817 1313,1798 1363,1798 1377,1800 1397,1817 1585,1812 1671,1825 1713,1797 1926,1794 1941,1801 1986,1801 2014,1794 2270,1805 2294,1821 2457,1801 2484,1823 2508,1805 2532,1804 2578,1832 2677,1801 2717,1836 2741,1825 2754,1832 2778,1812 2797,1825 2827,1821 2846,1805 2857,1805 2936,1836 2957,1830 2957,1886 2940,1894 2905,1878 2885,1894 2875,1889 2856,1898 2834,1878 2796,1882 2787,1890 2777,1881 2750,1889 2712,1881 2687,1901 2675,1897 2656,1914 2608,1887 2588,1906 2572,1910 2548,1901 2512,1901 2500,1889 2420,1889 2412,1881 2361,1885 2332,1906 2298,1878 2253,1881 2241,1890 2197,1890 2173,1914 2162,1905 2152,1913 2125,1913 2101,1889 1933,1894 1911,1878 1901,1886 1890,1878 1709,1878 1689,1898 1645,1898 1621,1885 1593,1910 1561,1883 1537,1889 1530,1882 1373,1882 1317,1886 1309,1894 1266,1889 1254,1898 1222,1882 1214,1890 1194,1890 1173,1909 1156,1901 1054,1897 1033,1885 1011,1906 1002,1900 985,1914 950,1889 852,1893 845,1886 810,1886 801,1894 732,1894"/>
        <Baseline points="759,1878 809,1878 859,1877 909,1876 959,1875 1009,1875 1059,1875 1109,1875 1159,1874 1209,1874 1259,1872 1309,1871 1359,1870 1409,1871 1459,1870 1509,1870 1559,1870 1609,1869 1659,1868 1709,1868 1759,1868 1809,1868 1859,1867 1909,1866 1959,1866 2009,1865 2059,1864 2109,1865 2159,1865 2209,1867 2259,1868 2309,1869 2359,1869 2409,1870 2459,1871 2509,1871 2559,1870 2609,1869 2659,1870 2709,1869 2759,1870 2809,1869 2859,1870 2909,1870 2931,1872"/>
        <Word id="word_c59b8376-a620-4843-8097-a1a44642b6c9">
          <Coords points="759,1843 809,1843 858,1842 908,1841 958,1840 1009,1840 1031,1840 1031,1885 1009,1885 959,1885 909,1886 859,1887 809,1888 759,1888"/>
          <TextEquiv>
            <Unicode>blijven,</Unicode>
          </TextEquiv>
        </Word>
        <Word id="word_ddba5241-195d-48cd-8ba2-74bf66530b74">
          <Coords points="1064,1840 1109,1840 1158,1839 1209,1839 1258,1837 1308,1836 1358,1835 1405,1836 1404,1881 1359,1880 1309,1881 1259,1882 1209,1884 1159,1884 1109,1885 1064,1885"/>
          <TextEquiv>
            <Unicode>wenschende</Unicode>
          </TextEquiv>
        </Word>
        <Word id="word_03385f71-c6c2-440c-b926-767d6b488f7b">
          <Coords points="1435,1837 1456,1835 1509,1835 1540,1835 1540,1880 1509,1880 1460,1880 1439,1882"/>
          <TextEquiv>
            <Unicode>van</Unicode>
          </TextEquiv>
        </Word>
        <Word id="word_4dfc34ec-3dc9-4b6a-ae92-5cca7ee77456">
          <Coords points="1573,1835 1608,1834 1658,1833 1709,1833 1759,1833 1809,1833 1810,1833 1811,1878 1809,1878 1759,1878 1709,1878 1659,1878 1609,1879 1574,1880"/>
          <TextEquiv>
            <Unicode>harten,</Unicode>
          </TextEquiv>
        </Word>
        <Word id="word_6cc960a5-9bb1-4328-9d4e-988c6bba120a">
          <Coords points="1844,1832 1858,1832 1908,1831 1913,1831 1913,1876 1909,1876 1859,1877 1845,1877"/>
          <TextEquiv>
            <Unicode>t'</Unicode>
          </TextEquiv>
        </Word>
        <Word id="word_ed4cbf00-e35f-45f8-ba1b-7883ab80521d">
          <Coords points="1947,1831 1959,1831 2008,1830 2058,1829 2110,1830 2117,1830 2117,1875 2109,1875 2059,1874 2009,1875 1959,1876 1947,1876"/>
          <TextEquiv>
            <Unicode>selve</Unicode>
          </TextEquiv>
        </Word>
        <Word id="word_62f87e07-5b3f-422c-870c-ca2481871b13">
          <Coords points="2150,1830 2159,1830 2210,1832 2260,1833 2310,1834 2359,1834 2389,1835 2388,1880 2359,1879 2309,1879 2259,1878 2209,1877 2159,1875 2150,1875"/>
          <TextEquiv>
            <Unicode>buijten</Unicode>
          </TextEquiv>
        </Word>
        <Word id="word_0c49b338-9798-4ce0-ab81-0f7b5e6096f2">
          <Coords points="2423,1835 2460,1836 2490,1836 2490,1881 2459,1881 2422,1880"/>
          <TextEquiv>
            <Unicode>U:</Unicode>
          </TextEquiv>
        </Word>
        <Word id="word_434f0bcf-b4b4-4422-aaa5-3836a9a7b470">
          <Coords points="2523,1836 2558,1835 2608,1834 2626,1834 2625,1879 2609,1879 2559,1880 2524,1881"/>
          <TextEquiv>
            <Unicode>Ed:</Unicode>
          </TextEquiv>
        </Word>
        <Word id="word_d2aec7bf-4265-436a-b0f9-16a27074a64d">
          <Coords points="2659,1835 2708,1834 2760,1835 2808,1834 2860,1835 2909,1835 2934,1837 2930,1882 2909,1880 2859,1880 2809,1879 2759,1880 2709,1879 2660,1880"/>
          <TextEquiv>
            <Unicode>gedachen</Unicode>
          </TextEquiv>
        </Word>
        <TextEquiv conf="0.9194127679115703">
          <Unicode>blijven, wenschende van harten, t' selve buijten U: Ed: gedachen</Unicode>
        </TextEquiv>
        <TextStyle xHeight="32"/>
      </TextLine>
      <TextLine id="b42b17fc-1deb-4fd6-82f9-2ce4052a5369">
        <Coords points="718,1902 796,1906 840,1924 888,1890 948,1890 986,1914 1000,1905 1009,1910 1034,1886 1164,1890 1175,1899 1187,1887 1226,1883 1251,1902 1271,1886 1534,1879 1563,1881 1590,1906 1619,1886 1631,1886 1647,1899 1691,1899 1715,1878 1886,1878 1918,1903 1938,1891 2102,1890 2114,1899 2140,1899 2150,1890 2173,1911 2201,1890 2214,1890 2238,1907 2294,1907 2314,1892 2334,1907 2367,1882 2463,1887 2509,1902 2549,1902 2573,1913 2604,1891 2615,1891 2658,1914 2675,1898 2685,1902 2709,1879 2748,1901 2774,1900 2774,1956 2717,1992 2700,1981 2680,1986 2657,1975 2644,1984 2619,1979 2562,1952 2469,1960 2421,1972 2382,1963 2321,1964 2310,1956 2258,1956 2250,1964 2190,1964 2159,1956 1902,1956 1862,1980 1816,1975 1798,1992 1780,1996 1727,1983 1599,1983 1583,1967 1503,1967 1495,1959 1479,1959 1463,1960 1432,1988 1403,1968 1351,2012 1284,2015 1263,2015 1200,1956 1044,1960 1036,1952 892,1952 832,1956 816,1972 792,1972 772,1984 718,1984"/>
        <Baseline points="745,1942 795,1944 845,1944 895,1944 945,1943 995,1942 1045,1943 1095,1944 1145,1944 1195,1946 1245,1945 1295,1944 1345,1946 1395,1947 1445,1948 1495,1948 1545,1948 1595,1948 1645,1948 1695,1947 1745,1947 1795,1948 1845,1947 1895,1946 1945,1946 1995,1946 2045,1946 2095,1947 2145,1947 2195,1947 2245,1947 2295,1946 2345,1946 2395,1945 2445,1943 2495,1942 2545,1938 2595,1938 2645,1942 2695,1946 2745,1945 2748,1943"/>
        <Word id="word_2bf54e73-475c-4835-a16f-0a7991797bea">
          <Coords points="746,1907 796,1909 845,1909 895,1909 944,1908 994,1907 1046,1908 1096,1909 1130,1909 1130,1954 1095,1954 1045,1953 995,1952 945,1953 895,1954 845,1954 795,1954 745,1952"/>
          <TextEquiv>
            <Unicode>geraecken,</Unicode>
          </TextEquiv>
        </Word>
        <Word id="word_9322bead-7bb7-488f-89f7-bfa44b164d3b">
          <Coords points="1172,1909 1198,1911 1244,1910 1284,1909 1285,1954 1245,1955 1194,1956 1168,1954"/>
          <TextEquiv>
            <Unicode>wij</Unicode>
          </TextEquiv>
        </Word>
        <Word id="word_9264f53b-7639-4fa2-ab48-b3b7c43f9794">
          <Coords points="1327,1909 1349,1911 1396,1912 1446,1913 1495,1913 1545,1913 1595,1913 1645,1913 1669,1913 1670,1958 1645,1958 1595,1958 1545,1958 1495,1958 1445,1958 1395,1957 1344,1956 1322,1953"/>
          <TextEquiv>
            <Unicode>verclaren</Unicode>
          </TextEquiv>
        </Word>
        <Word id="word_69b1cc68-b87b-40a2-8089-476ee8e13fdc">
          <Coords points="1709,1912 1745,1912 1796,1913 1844,1912 1894,1911 1945,1911 1995,1911 2017,1911 2017,1956 1995,1956 1945,1956 1895,1956 1845,1957 1795,1958 1745,1957 1708,1957"/>
          <TextEquiv>
            <Unicode>tusschen</Unicode>
          </TextEquiv>
        </Word>
        <Word id="word_e5f4e567-55c5-4634-aa6a-89a6f54fb7db">
          <Coords points="2056,1911 2096,1912 2145,1912 2171,1912 2171,1957 2145,1957 2095,1957 2055,1956"/>
          <TextEquiv>
            <Unicode>ons</Unicode>
          </TextEquiv>
        </Word>
        <Word id="word_ffa2e580-078f-42a7-aa82-330855a35d2d">
          <Coords points="2209,1912 2245,1912 2294,1911 2345,1911 2363,1911 2364,1956 2345,1956 2295,1956 2245,1957 2209,1957"/>
          <TextEquiv>
            <Unicode>ende</Unicode>
          </TextEquiv>
        </Word>
        <Word id="word_2ec3ebc9-5da1-49cf-a974-0a06b4c08939">
          <Coords points="2401,1910 2443,1908 2494,1907 2542,1903 2556,1903 2556,1948 2546,1948 2495,1952 2445,1953 2403,1955"/>
          <TextEquiv>
            <Unicode>onse</Unicode>
          </TextEquiv>
        </Word>
        <Word id="word_18ab1f62-91f5-4cb3-9c9c-5320cb32de84">
          <Coords points="2595,1903 2595,1903 2648,1907 2698,1911 2728,1914 2744,1910 2753,1951 2745,1955 2694,1956 2644,1952 2595,1948 2595,1948"/>
          <TextEquiv>
            <Unicode>Godt</Unicode>
          </TextEquiv>
        </Word>
        <TextEquiv conf="0.9272625065370089">
          <Unicode>geraecken, wij verclaren tusschen ons ende onse Godt</Unicode>
        </TextEquiv>
        <TextStyle xHeight="29"/>
      </TextLine>
      <TextLine id="line_192f2b82-6604-43a5-948e-42a566c4fa32">
        <Coords points="726,1983 776,1983 792,1971 817,1971 832,1956 892,1952 1036,1952 1044,1960 1124,1964 1271,1952 1310,1983 1344,1983 1355,1974 1364,1982 1390,1982 1405,1971 1433,1987 1464,1960 1496,1959 1504,1967 1581,1967 1596,1982 1728,1982 1777,1998 1788,1989 1797,1994 1819,1974 1860,1979 1904,1956 2133,1956 2188,1964 2308,1956 2324,1964 2453,1967 2556,1953 2562,1959 2576,1956 2597,1975 2623,1962 2655,1986 2662,1979 2695,1983 2708,1971 2728,1986 2751,1968 2774,1977 2801,1955 2820,1971 2832,1967 2853,1987 2853,2044 2836,2035 2810,2046 2787,2039 2754,2070 2724,2050 2687,2063 2667,2063 2655,2054 2628,2062 2589,2036 2564,2039 2544,2055 2496,2059 2488,2067 2408,2062 2394,2050 2372,2050 2358,2036 2332,2043 2264,2043 2242,2036 2233,2043 2211,2039 2200,2050 2184,2036 2156,2036 2148,2043 1932,2036 1889,2070 1868,2070 1834,2036 1796,2036 1772,2047 1664,2042 1633,2070 1568,2067 1552,2081 1540,2069 1496,2069 1465,2039 1368,2039 1349,2055 1264,2050 1241,2070 1164,2070 1116,2050 1052,2055 1040,2067 1012,2066 995,2054 988,2061 956,2063 925,2039 726,2051"/>
        <Baseline points="753,2035 803,2037 853,2035 903,2032 953,2030 1003,2027 1053,2025 1103,2022 1153,2022 1203,2022 1253,2022 1303,2022 1353,2025 1403,2026 1453,2026 1503,2026 1553,2026 1603,2026 1653,2025 1703,2024 1753,2024 1803,2024 1853,2024 1903,2025 1953,2024 2003,2024 2053,2024 2103,2024 2153,2025 2203,2024 2253,2023 2303,2023 2353,2024 2403,2027 2453,2028 2503,2028 2553,2026 2603,2027 2653,2025 2703,2026 2753,2029 2803,2030 2827,2031"/>
        <Word id="word_a3b2e4c8-d904-49bc-8c1c-d5d39de924d0">
          <Coords points="754,2000 804,2002 822,2001 824,2046 803,2047 753,2045"/>
          <TextEquiv>
            <Unicode>w:</Unicode>
          </TextEquiv>
        </Word>
        <Word id="word_207b0adb-e98a-4d57-b5da-b4bade884380">
          <Coords points="856,2000 901,1997 952,1995 962,1994 964,2039 953,2040 904,2042 859,2045"/>
          <TextEquiv>
            <Unicode>Ed:</Unicode>
          </TextEquiv>
        </Word>
        <Word id="word_47737521-3b99-45ce-a30e-2a62fb0a6116">
          <Coords points="997,1992 1001,1992 1052,1990 1101,1987 1153,1987 1175,1987 1175,2032 1153,2032 1104,2032 1053,2035 1004,2037 999,2037"/>
          <TextEquiv>
            <Unicode>enige</Unicode>
          </TextEquiv>
        </Word>
        <Word id="word_8afd67a4-dc85-4cb2-bf63-3833085ca2d5">
          <Coords points="1210,1987 1253,1987 1303,1987 1352,1990 1350,2035 1303,2032 1253,2032 1210,2032"/>
          <TextEquiv>
            <Unicode>last</Unicode>
          </TextEquiv>
        </Word>
        <Word id="word_50ba141f-17d8-4e2e-9df7-6c278027b163">
          <Coords points="1384,1992 1401,1991 1453,1991 1503,1991 1553,1991 1603,1991 1652,1990 1702,1989 1753,1989 1803,1989 1843,1989 1843,2034 1803,2034 1753,2034 1703,2034 1653,2035 1603,2036 1553,2036 1503,2036 1453,2036 1404,2036 1386,2037"/>
          <TextEquiv>
            <Unicode>dienaengaende</Unicode>
          </TextEquiv>
        </Word>
        <Word id="word_e45899e7-12ee-4ac6-898f-3d06dc09f0f4">
          <Coords points="1879,1989 1904,1990 1952,1989 2003,1989 2053,1989 2089,1989 2089,2034 2053,2034 2003,2034 1953,2034 1903,2035 1877,2034"/>
          <TextEquiv>
            <Unicode>hebben</Unicode>
          </TextEquiv>
        </Word>
        <Word id="word_2dd3409c-9912-4eec-9cd6-22a07cfa61cf">
          <Coords points="2125,1989 2154,1990 2202,1989 2252,1988 2303,1988 2354,1989 2405,1992 2406,1992 2405,2037 2402,2037 2353,2034 2303,2033 2253,2033 2203,2034 2153,2035 2124,2034"/>
          <TextEquiv>
            <Unicode>becomen,</Unicode>
          </TextEquiv>
        </Word>
        <Word id="word_abf849b7-6864-4ab7-a717-04d45e8d2f30">
          <Coords points="2441,1993 2454,1993 2503,1993 2509,1993 2511,2038 2503,2038 2453,2038 2440,2038"/>
          <TextEquiv>
            <Unicode>U.</Unicode>
          </TextEquiv>
        </Word>
        <Word id="word_220f579f-c1a3-4f00-a124-54af0f9b3493">
          <Coords points="2544,1991 2552,1991 2604,1992 2650,1990 2652,2035 2603,2037 2553,2036 2546,2036"/>
          <TextEquiv>
            <Unicode>Ed:</Unicode>
          </TextEquiv>
        </Word>
        <Word id="word_2c7a8efd-2664-41bb-8912-200d174343fd">
          <Coords points="2691,1989 2708,1991 2755,1994 2804,1995 2828,1996 2826,2041 2803,2040 2752,2039 2702,2036 2685,2034"/>
          <TextEquiv>
            <Unicode>goed</Unicode>
          </TextEquiv>
        </Word>
        <TextEquiv conf="0.9328527731710878">
          <Unicode>w: Ed: enige last dienaengaende hebben becomen, U. Ed: goed</Unicode>
        </TextEquiv>
        <TextStyle xHeight="36"/>
      </TextLine>
      <TextLine id="line_2b9d91d2-e9b2-4c81-afd5-d296d29dc05f">
        <Coords points="736,2051 762,2044 925,2040 946,2055 978,2036 1026,2067 1038,2067 1050,2055 1114,2050 1122,2058 1150,2058 1162,2070 1238,2071 1277,2032 1466,2036 1497,2066 1541,2066 1557,2075 1569,2066 1629,2067 1661,2043 1777,2044 1801,2035 1834,2035 1869,2070 1886,2071 1933,2035 1981,2035 1997,2044 2141,2044 2149,2036 2183,2035 2197,2046 2213,2032 2333,2032 2356,2035 2372,2050 2393,2050 2408,2062 2464,2066 2541,2055 2568,2036 2589,2036 2604,2051 2642,2067 2721,2050 2754,2070 2787,2040 2833,2056 2829,2116 2788,2128 2762,2126 2751,2115 2733,2112 2713,2115 2686,2135 2623,2127 2603,2112 2456,2116 2345,2108 2311,2116 2117,2112 2097,2131 2034,2138 2005,2126 1905,2127 1855,2116 1681,2116 1649,2119 1641,2127 1593,2127 1573,2147 1529,2138 1437,2139 1415,2123 1242,2123 1222,2139 1189,2139 1157,2166 1106,2126 1021,2127 1001,2147 942,2147 902,2182 859,2150 736,2150"/>
        <Baseline points="763,2125 813,2122 863,2120 913,2117 963,2114 1013,2112 1063,2109 1113,2107 1163,2105 1213,2105 1263,2106 1313,2105 1363,2104 1413,2103 1463,2104 1513,2105 1563,2104 1613,2104 1663,2103 1713,2102 1763,2101 1813,2100 1863,2100 1913,2100 1963,2099 2013,2100 2063,2099 2113,2098 2163,2098 2213,2099 2263,2099 2313,2099 2363,2100 2413,2100 2463,2100 2513,2100 2563,2102 2613,2102 2663,2102 2713,2103 2763,2104 2807,2100"/>
        <Word id="word_8abf0507-7268-4fc4-9edd-62c8afcdb968">
          <Coords points="761,2090 811,2087 862,2085 872,2084 875,2129 863,2130 814,2132 764,2135"/>
          <TextEquiv>
            <Unicode>can</Unicode>
          </TextEquiv>
        </Word>
        <Word id="word_dc326d80-9102-471c-b38e-7d3597d816be">
          <Coords points="909,2082 911,2082 961,2079 1012,2077 1061,2074 1112,2072 1162,2070 1213,2070 1247,2071 1246,2116 1213,2115 1163,2115 1113,2117 1064,2119 1013,2122 964,2124 914,2127 912,2127"/>
          <TextEquiv>
            <Unicode>soodanich</Unicode>
          </TextEquiv>
        </Word>
        <Word id="word_0495eee6-d0f7-4487-9247-e4cd0bb027e9">
          <Coords points="1281,2071 1311,2070 1362,2069 1412,2068 1464,2069 1514,2070 1542,2069 1543,2114 1513,2115 1463,2114 1413,2113 1363,2114 1313,2115 1283,2116"/>
          <TextEquiv>
            <Unicode>geweest</Unicode>
          </TextEquiv>
        </Word>
        <Word id="word_3a38941e-8a54-4316-8cea-727c2eb9233e">
          <Coords points="1581,2069 1613,2069 1662,2068 1712,2067 1762,2066 1766,2066 1766,2111 1763,2111 1713,2112 1663,2113 1613,2114 1580,2114"/>
          <TextEquiv>
            <Unicode>sijn,</Unicode>
          </TextEquiv>
        </Word>
        <Word id="word_49fbf01a-640c-4692-8c44-b991adb3aa08">
          <Coords points="1803,2065 1812,2065 1863,2065 1913,2065 1951,2064 1952,2109 1913,2110 1863,2110 1813,2110 1804,2110"/>
          <TextEquiv>
            <Unicode>maer</Unicode>
          </TextEquiv>
        </Word>
        <Word id="word_52a42e4d-9978-4a7d-b473-9dffc7abc8d0">
          <Coords points="1992,2064 2015,2065 2062,2064 2100,2063 2101,2108 2063,2109 2012,2110 1989,2108"/>
          <TextEquiv>
            <Unicode>ter</Unicode>
          </TextEquiv>
        </Word>
        <Word id="word_ec719448-cec9-48dc-a408-b09746fe2898">
          <Coords points="2139,2063 2164,2063 2214,2064 2263,2064 2313,2064 2362,2065 2361,2110 2313,2109 2263,2109 2213,2109 2163,2108 2138,2107"/>
          <TextEquiv>
            <Unicode>goeder</Unicode>
          </TextEquiv>
        </Word>
        <Word id="word_8c2e9231-ccca-4fbe-8e5d-bfbad1b0a190">
          <Coords points="2397,2066 2411,2065 2463,2065 2513,2065 2564,2067 2613,2067 2658,2067 2658,2112 2613,2112 2563,2112 2513,2110 2463,2110 2413,2110 2399,2111"/>
          <TextEquiv>
            <Unicode>trouwen</Unicode>
          </TextEquiv>
        </Word>
        <Word id="word_d5a9ded4-ef5d-48b4-9a63-8a2e47841f69">
          <Coords points="2698,2067 2715,2068 2764,2069 2804,2065 2808,2110 2763,2114 2712,2113 2695,2112"/>
          <TextEquiv>
            <Unicode>aen</Unicode>
          </TextEquiv>
        </Word>
        <TextEquiv conf="0.9627265105763214">
          <Unicode>can soodanich geweest sijn, maer ter goeder trouwen aen</Unicode>
        </TextEquiv>
        <TextStyle xHeight="34"/>
      </TextLine>
      <TextLine id="line_52d67639-779f-4da9-80d4-1bb8f84e9453">
        <Coords points="742,2149 860,2149 903,2182 968,2122 1024,2118 1093,2118 1159,2166 1188,2138 1224,2138 1248,2121 1323,2121 1359,2142 1547,2141 1558,2149 1575,2146 1607,2114 1639,2113 1851,2113 1863,2121 1899,2121 1907,2129 2081,2134 2096,2133 2119,2110 2159,2106 2464,2110 2510,2113 2526,2122 2574,2110 2620,2110 2638,2125 2659,2118 2675,2129 2686,2118 2707,2121 2734,2112 2797,2152 2854,2129 2871,2138 2906,2138 2939,2128 2961,2106 2978,2113 3002,2105 3047,2132 3047,2190 2997,2231 2950,2225 2919,2205 2894,2210 2866,2233 2844,2226 2810,2237 2793,2225 2758,2243 2696,2201 2658,2226 2634,2217 2591,2236 2576,2226 2554,2232 2542,2221 2447,2221 2415,2241 2367,2236 2344,2214 2295,2205 2276,2190 2235,2202 2206,2201 2195,2190 1963,2190 1910,2237 1887,2236 1871,2221 1836,2222 1821,2209 1787,2205 1671,2205 1655,2217 1642,2205 1559,2201 1448,2210 1347,2205 1314,2233 1304,2233 1268,2205 960,2202 920,2241 891,2213 872,2209 832,2249 742,2248"/>
        <Baseline points="769,2201 819,2198 869,2198 919,2196 969,2195 1019,2193 1069,2191 1119,2190 1169,2189 1219,2189 1269,2188 1319,2188 1369,2186 1419,2186 1469,2185 1519,2184 1569,2183 1619,2183 1669,2182 1719,2181 1769,2181 1819,2181 1869,2180 1919,2181 1969,2180 2019,2180 2069,2180 2119,2179 2169,2179 2219,2179 2269,2180 2319,2180 2369,2179 2419,2179 2469,2182 2519,2183 2569,2182 2619,2183 2669,2184 2719,2186 2769,2186 2819,2177 2869,2178 2919,2179 2969,2176 3019,2177 3021,2176"/>
        <Word id="word_d2e00b22-333c-4a82-80de-29a19054a3ce">
          <Coords points="767,2166 817,2163 869,2163 918,2161 968,2160 1018,2158 1068,2156 1118,2155 1139,2155 1139,2200 1119,2200 1069,2201 1019,2203 969,2205 919,2206 869,2208 820,2208 770,2211"/>
          <TextEquiv>
            <Unicode>geopenbaert,</Unicode>
          </TextEquiv>
        </Word>
        <Word id="word_80411135-485b-40cc-8c17-dd3e45289861">
          <Coords points="1170,2154 1219,2154 1262,2153 1263,2198 1219,2199 1170,2199"/>
          <TextEquiv>
            <Unicode>ten</Unicode>
          </TextEquiv>
        </Word>
        <Word id="word_8cad0b74-0de0-4bf4-871c-7aad04f07ee3">
          <Coords points="1294,2153 1320,2153 1368,2151 1417,2151 1417,2196 1369,2196 1319,2198 1293,2198"/>
          <TextEquiv>
            <Unicode>ware</Unicode>
          </TextEquiv>
        </Word>
        <Word id="word_48718612-95f9-47cd-ad58-ae9a6bd9ebc8">
          <Coords points="1446,2151 1467,2150 1509,2149 1510,2194 1469,2195 1448,2196"/>
          <TextEquiv>
            <Unicode>t'</Unicode>
          </TextEquiv>
        </Word>
        <Word id="word_11072d42-109b-4053-bc77-fc849c7fd24c">
          <Coords points="1540,2149 1568,2148 1619,2148 1668,2147 1694,2146 1695,2191 1669,2192 1619,2193 1569,2193 1541,2194"/>
          <TextEquiv>
            <Unicode>selve</Unicode>
          </TextEquiv>
        </Word>
        <Word id="word_f875c683-126d-456e-b7f3-dbf17f3d0c2f">
          <Coords points="1726,2146 1769,2146 1818,2146 1818,2191 1769,2191 1726,2191"/>
          <TextEquiv>
            <Unicode>bij</Unicode>
          </TextEquiv>
        </Word>
        <Word id="word_d2f33cd0-e8c9-4d4f-9ba4-905ef539f7e1">
          <Coords points="1847,2146 1867,2145 1920,2146 1941,2146 1942,2191 1919,2191 1870,2190 1850,2191"/>
          <TextEquiv>
            <Unicode>ons</Unicode>
          </TextEquiv>
        </Word>
        <Word id="word_7b8b435f-dd9a-4de6-ade5-8f61c53ad136">
          <Coords points="1973,2145 2019,2145 2065,2145 2065,2190 2019,2190 1973,2190"/>
          <TextEquiv>
            <Unicode>ten</Unicode>
          </TextEquiv>
        </Word>
        <Word id="word_5c42f364-743b-453c-a5f5-aefde93d2af9">
          <Coords points="2095,2145 2117,2144 2169,2144 2219,2144 2270,2145 2319,2145 2368,2144 2374,2144 2374,2189 2369,2189 2319,2190 2269,2190 2219,2189 2169,2189 2119,2189 2097,2190"/>
          <TextEquiv>
            <Unicode>onrechten</Unicode>
          </TextEquiv>
        </Word>
        <Word id="word_75cf5b30-787c-48c6-a301-5e0a6a8cf12c">
          <Coords points="2405,2144 2419,2144 2471,2147 2520,2148 2528,2148 2528,2193 2519,2193 2468,2192 2419,2189 2405,2189"/>
          <TextEquiv>
            <Unicode>ofte</Unicode>
          </TextEquiv>
        </Word>
        <Word id="word_2124da0a-3f85-475c-b573-1f545ceeb3f3">
          <Coords points="2558,2147 2568,2147 2620,2148 2670,2149 2684,2150 2682,2195 2669,2194 2619,2193 2569,2192 2559,2192"/>
          <TextEquiv>
            <Unicode>door</Unicode>
          </TextEquiv>
        </Word>
        <Word id="word_bbdd66dd-ea90-4adb-a92f-c2dcce47b1f7">
          <Coords points="2715,2151 2720,2151 2769,2151 2813,2143 2837,2142 2836,2187 2821,2187 2769,2196 2719,2196 2713,2196"/>
          <TextEquiv>
            <Unicode>dens</Unicode>
          </TextEquiv>
        </Word>
        <Word id="word_12e5d39a-723b-4b9b-82cd-b08386b31f37">
          <Coords points="2868,2143 2870,2143 2920,2144 2967,2141 3005,2145 3020,2142 3025,2185 3019,2187 2970,2186 2919,2189 2869,2188 2867,2188"/>
          <TextEquiv>
            <Unicode>verst</Unicode>
          </TextEquiv>
        </Word>
        <TextEquiv conf="0.8530143190000112">
          <Unicode>geopenbaert, ten ware t' selve bij ons ten onrechten ofte door dens verst</Unicode>
        </TextEquiv>
        <TextStyle xHeight="37"/>
      </TextLine>
      <TextLine id="ea1f49df-2832-45b3-88a7-37e1fec0ce45">
        <Coords points="743,2247 826,2251 874,2208 889,2208 922,2228 945,2205 985,2204 1269,2208 1285,2217 1303,2204 1312,2212 1324,2204 1524,2204 1560,2216 1624,2217 1647,2240 1661,2233 1672,2241 1688,2241 1728,2205 1788,2204 1820,2208 1834,2221 1872,2220 1888,2236 1911,2237 1952,2197 2104,2197 2168,2189 2208,2192 2236,2220 2281,2221 2300,2205 2316,2204 2356,2232 2408,2241 2424,2241 2452,2213 2499,2208 2551,2232 2583,2228 2591,2236 2635,2217 2651,2225 2690,2224 2714,2208 2753,2205 2790,2216 2811,2236 2855,2224 2871,2236 2915,2240 2952,2212 2965,2224 2997,2232 3017,2216 3043,2232 3060,2232 3068,2224 3068,2280 3061,2284 3048,2276 3001,2300 2964,2277 2931,2284 2923,2277 2841,2280 2778,2322 2717,2281 2698,2296 2669,2296 2640,2279 2596,2277 2578,2277 2559,2292 2498,2284 2408,2288 2401,2281 2264,2295 2251,2284 2243,2292 2184,2288 2154,2316 2096,2315 2064,2284 1884,2284 1844,2315 1804,2310 1773,2288 1740,2288 1676,2322 1669,2315 1661,2323 1628,2307 1608,2311 1557,2288 1484,2288 1425,2342 1408,2342 1392,2327 1380,2327 1360,2307 1293,2307 1265,2295 1225,2295 1210,2285 1180,2285 1163,2300 1077,2288 1053,2308 985,2308 934,2285 841,2288 811,2315 796,2300 743,2300"/>
        <Baseline points="770,2283 820,2281 870,2279 920,2277 970,2276 1020,2274 1070,2272 1120,2271 1170,2270 1220,2269 1270,2268 1320,2267 1370,2265 1420,2265 1470,2265 1520,2264 1570,2264 1620,2263 1670,2264 1720,2264 1770,2264 1820,2264 1870,2265 1920,2266 1970,2265 2020,2264 2070,2264 2120,2264 2170,2265 2220,2267 2270,2270 2320,2272 2370,2274 2420,2272 2470,2267 2520,2268 2570,2268 2620,2268 2670,2267 2720,2268 2770,2267 2820,2270 2870,2270 2920,2268 2970,2267 3020,2265 3042,2267"/>
        <Word id="word_c7ea9c9c-c4ff-49c5-86bc-b9874b9d9c31">
          <Coords points="769,2248 819,2246 869,2244 919,2242 969,2241 1010,2239 1011,2284 970,2286 920,2287 870,2289 820,2291 770,2293"/>
          <TextEquiv>
            <Unicode>qualick</Unicode>
          </TextEquiv>
        </Word>
        <Word id="word_b8d376b9-cc7f-48e1-8efc-9f723c465672">
          <Coords points="1044,2238 1069,2237 1119,2236 1169,2235 1219,2234 1269,2233 1319,2232 1369,2230 1420,2230 1470,2230 1492,2230 1493,2275 1470,2275 1420,2275 1370,2275 1320,2277 1270,2278 1220,2279 1170,2280 1120,2281 1070,2282 1046,2283"/>
          <TextEquiv>
            <Unicode>geapprendeert</Unicode>
          </TextEquiv>
        </Word>
        <Word id="word_979a19e4-4ca5-48a8-a722-88bf06bcb602">
          <Coords points="1528,2229 1570,2229 1619,2228 1666,2229 1665,2274 1620,2273 1570,2274 1527,2274"/>
          <TextEquiv>
            <Unicode>was,</Unicode>
          </TextEquiv>
        </Word>
        <Word id="word_be607b5b-d7b3-45c8-b22d-a573650b7632">
          <Coords points="1699,2230 1719,2229 1768,2229 1768,2274 1720,2274 1700,2275"/>
          <TextEquiv>
            <Unicode>t'</Unicode>
          </TextEquiv>
        </Word>
        <Word id="word_53aaf7ea-02db-4452-9776-f4031c7628cc">
          <Coords points="1803,2229 1820,2229 1871,2230 1872,2230 1872,2275 1870,2275 1820,2274 1803,2274"/>
          <TextEquiv>
            <Unicode>is</Unicode>
          </TextEquiv>
        </Word>
        <Word id="word_c3f60545-6fb3-43cd-995f-0e9ce010fa38">
          <Coords points="1907,2231 1921,2231 1969,2230 2019,2229 2044,2229 2044,2274 2020,2274 1970,2275 1920,2276 1906,2276"/>
          <TextEquiv>
            <Unicode>waer</Unicode>
          </TextEquiv>
        </Word>
        <Word id="word_4e9b0922-f753-4fda-a750-90a43e54238e">
          <Coords points="2078,2229 2120,2229 2148,2230 2147,2275 2120,2274 2078,2274"/>
          <TextEquiv>
            <Unicode>p.</Unicode>
          </TextEquiv>
        </Word>
        <Word id="word_20917486-f086-45f5-ade9-7737a1684d86">
          <Coords points="2183,2230 2218,2232 2216,2277 2181,2275"/>
          <TextEquiv>
            <Unicode>r</Unicode>
          </TextEquiv>
        </Word>
        <Word id="word_39f664b0-21a1-4de6-a232-1ba787cfb65e">
          <Coords points="2253,2234 2273,2235 2321,2237 2319,2282 2269,2280 2250,2278"/>
          <TextEquiv>
            <Unicode>d'</Unicode>
          </TextEquiv>
        </Word>
        <Word id="word_5f225a0f-2d29-4713-be99-0276c6edb6bd">
          <Coords points="2355,2238 2371,2239 2419,2237 2419,2237 2424,2282 2420,2282 2370,2284 2353,2283"/>
          <TextEquiv>
            <Unicode>H.</Unicode>
          </TextEquiv>
        </Word>
        <Word id="word_b182f060-1bed-43c4-9e86-2e2f179e7b39">
          <Coords points="2453,2233 2467,2232 2492,2232 2491,2277 2471,2277 2458,2278"/>
          <TextEquiv>
            <Unicode>r</Unicode>
          </TextEquiv>
        </Word>
        <Word id="word_049ff174-f8c5-4fa2-8cf8-c14b6f904f1d">
          <Coords points="2526,2233 2570,2233 2620,2233 2669,2232 2721,2233 2766,2232 2767,2277 2720,2278 2670,2277 2620,2278 2570,2278 2526,2278"/>
          <TextEquiv>
            <Unicode>antonij</Unicode>
          </TextEquiv>
        </Word>
        <Word id="word_4cfa9289-e181-4b01-b845-97d1e8177c62">
          <Coords points="2808,2232 2827,2236 2870,2235 2903,2234 2904,2279 2870,2280 2818,2280 2799,2276"/>
          <TextEquiv>
            <Unicode>Cam</Unicode>
          </TextEquiv>
        </Word>
        <Word id="word_3c846ae9-fb30-43a2-bf2f-34319486fa88">
          <Coords points="2938,2232 2970,2232 3019,2230 3045,2232 3041,2277 3020,2275 2970,2277 2939,2277"/>
          <TextEquiv>
            <Unicode>aen</Unicode>
          </TextEquiv>
        </Word>
        <TextEquiv conf="0.8751605305875386">
          <Unicode>qualick geapprendeert was, t' is waer p. r d' H. r antonij Cam aen</Unicode>
        </TextEquiv>
        <TextStyle xHeight="35"/>
      </TextLine>
      <TextLine id="adbd036a-7a27-48e0-9e53-9b405dea0af9">
        <Coords points="760,2312 783,2312 804,2324 842,2290 862,2286 936,2286 966,2296 978,2308 1050,2309 1082,2282 1100,2281 1159,2282 1170,2289 1189,2278 1437,2274 1471,2301 1501,2274 1862,2274 1873,2285 2068,2285 2100,2316 2150,2317 2172,2304 2198,2304 2208,2313 2232,2300 2255,2305 2268,2293 2334,2282 2349,2289 2356,2282 2492,2281 2504,2289 2559,2293 2582,2278 2597,2282 2620,2304 2645,2305 2665,2321 2729,2294 2779,2321 2795,2317 2835,2282 2878,2281 2898,2295 2919,2286 2932,2293 2952,2277 2967,2278 2982,2281 3003,2300 3019,2298 3043,2281 3077,2285 3098,2266 3160,2303 3160,2361 3148,2372 3139,2368 3102,2398 3083,2380 3069,2388 3049,2376 3033,2376 2992,2405 2975,2392 2947,2392 2919,2376 2907,2380 2864,2364 2839,2365 2804,2392 2743,2363 2723,2374 2702,2369 2696,2375 2682,2365 2644,2376 2622,2369 2604,2373 2574,2400 2538,2404 2528,2395 2496,2400 2476,2384 2460,2392 2420,2364 2300,2365 2233,2354 2168,2385 2120,2384 2089,2357 2069,2354 1717,2361 1676,2400 1653,2408 1635,2395 1533,2395 1493,2360 1476,2373 1397,2381 1373,2380 1361,2368 1325,2368 1317,2360 1177,2361 1099,2427 1074,2407 1030,2407 1022,2399 994,2400 969,2416 934,2415 886,2380 850,2376 826,2377 787,2393 760,2393"/>
        <Baseline points="787,2355 837,2361 887,2363 937,2360 987,2359 1037,2356 1087,2355 1137,2355 1187,2354 1237,2352 1287,2351 1337,2351 1387,2349 1437,2349 1487,2348 1537,2347 1587,2346 1637,2344 1687,2345 1737,2345 1787,2344 1837,2346 1887,2346 1937,2346 1987,2345 2037,2345 2087,2345 2137,2344 2187,2345 2237,2345 2287,2345 2337,2345 2387,2347 2437,2348 2487,2348 2537,2349 2587,2351 2637,2352 2687,2352 2737,2353 2787,2352 2837,2353 2887,2353 2937,2352 2987,2350 3037,2346 3087,2347 3134,2347"/>
        <Word id="word_33cb595a-27b7-4c64-b5c7-f600416f7a1a">
          <Coords points="791,2320 841,2326 855,2327 853,2372 836,2371 786,2365"/>
          <TextEquiv>
            <Unicode>st</Unicode>
          </TextEquiv>
        </Word>
        <Word id="word_e2f25649-5f21-42d2-8e52-c8dda06e30d1">
          <Coords points="885,2328 935,2325 986,2324 1019,2322 1022,2367 987,2369 938,2370 888,2373"/>
          <TextEquiv>
            <Unicode>Jago</Unicode>
          </TextEquiv>
        </Word>
        <Word id="word_de102f9e-5c78-4cff-8eb3-dab4447e1d70">
          <Coords points="1055,2320 1087,2320 1137,2320 1186,2319 1221,2318 1223,2363 1187,2364 1137,2365 1087,2365 1055,2365"/>
          <TextEquiv>
            <Unicode>hebbe</Unicode>
          </TextEquiv>
        </Word>
        <Word id="word_7caa4f1b-f985-4f26-9986-d4b802ca9402">
          <Coords points="1256,2316 1287,2316 1323,2316 1323,2361 1287,2361 1256,2361"/>
          <TextEquiv>
            <Unicode>u.</Unicode>
          </TextEquiv>
        </Word>
        <Word id="word_9f99e5c5-5540-4096-91b6-fb9d10416b40">
          <Coords points="1354,2316 1385,2314 1437,2314 1456,2314 1457,2359 1437,2359 1388,2359 1357,2361"/>
          <TextEquiv>
            <Unicode>Ed:</Unicode>
          </TextEquiv>
        </Word>
        <Word id="word_200a71d6-d906-40d8-bb38-64f826cd5917">
          <Coords points="1490,2313 1536,2312 1586,2311 1636,2309 1688,2310 1725,2310 1725,2355 1687,2355 1637,2354 1587,2356 1537,2357 1491,2358"/>
          <TextEquiv>
            <Unicode>missive</Unicode>
          </TextEquiv>
        </Word>
        <Word id="word_5d46a5f1-6f50-4033-8162-6a7b972e746c">
          <Coords points="1758,2310 1786,2309 1838,2311 1887,2311 1937,2311 1986,2310 1994,2310 1994,2355 1987,2355 1937,2356 1887,2356 1837,2356 1787,2354 1759,2355"/>
          <TextEquiv>
            <Unicode>becomen</Unicode>
          </TextEquiv>
        </Word>
        <Word id="word_1b1da1a3-ed61-45b0-8287-148a4638893c">
          <Coords points="2027,2310 2037,2310 2087,2310 2136,2309 2188,2310 2237,2310 2287,2310 2329,2310 2329,2355 2287,2355 2237,2355 2187,2355 2137,2354 2087,2355 2037,2355 2027,2355"/>
          <TextEquiv>
            <Unicode>gedateert</Unicode>
          </TextEquiv>
        </Word>
        <Word id="word_318dfdfc-30d5-405e-b909-10a0d7ddfb2f">
          <Coords points="2366,2310 2390,2312 2438,2313 2463,2313 2463,2358 2437,2358 2386,2357 2362,2355"/>
          <TextEquiv>
            <Unicode>20.</Unicode>
          </TextEquiv>
        </Word>
        <Word id="word_dfd7683a-4895-4203-a07e-f83accc74f07">
          <Coords points="2498,2313 2531,2314 2530,2359 2497,2358"/>
          <TextEquiv>
            <Unicode>'</Unicode>
          </TextEquiv>
        </Word>
        <Word id="word_d8470c1c-0884-41ca-a680-7fd829c0a5fe">
          <Coords points="2566,2315 2589,2316 2638,2317 2687,2317 2738,2318 2786,2317 2799,2317 2798,2362 2787,2362 2737,2363 2687,2362 2637,2362 2586,2361 2563,2360"/>
          <TextEquiv>
            <Unicode>aprilis</Unicode>
          </TextEquiv>
        </Word>
        <Word id="word_0c6e81d9-d2ff-46f0-82c6-3a9199448288">
          <Coords points="2833,2318 2838,2318 2887,2318 2932,2317 2933,2362 2887,2363 2837,2363 2832,2363"/>
          <TextEquiv>
            <Unicode>als</Unicode>
          </TextEquiv>
        </Word>
        <Word id="word_d4e446be-c54b-4b9d-b135-360942c37a6e">
          <Coords points="2964,2316 2985,2315 3034,2311 3088,2312 3134,2312 3134,2357 3087,2357 3038,2356 2988,2360 2967,2361"/>
          <TextEquiv>
            <Unicode>pader</Unicode>
          </TextEquiv>
        </Word>
        <TextEquiv conf="0.8622099237686011">
          <Unicode>st Jago hebbe u. Ed: missive becomen gedateert 20. ' aprilis als pader</Unicode>
        </TextEquiv>
        <TextStyle xHeight="38"/>
      </TextLine>
      <TextLine id="line_06365c3d-266b-4fde-b4da-b6d383d1d353">
        <Coords points="745,2396 851,2375 879,2379 899,2399 935,2414 968,2415 999,2399 1097,2400 1109,2388 1119,2395 1140,2376 1150,2386 1175,2368 1474,2372 1493,2360 1535,2395 1636,2395 1652,2407 1663,2397 1670,2403 1715,2361 1875,2361 1966,2353 2086,2356 2122,2388 2170,2384 2231,2353 2298,2365 2422,2364 2460,2392 2494,2376 2542,2380 2622,2369 2640,2379 2658,2368 2726,2373 2741,2361 2804,2361 2826,2379 2841,2364 2869,2364 2936,2388 2962,2386 2992,2404 3030,2376 3069,2387 3085,2379 3103,2395 3103,2451 3082,2453 3048,2481 3030,2481 3015,2493 2980,2492 2950,2472 2889,2473 2858,2460 2825,2461 2813,2472 2799,2469 2761,2500 2734,2500 2727,2493 2666,2492 2598,2460 2538,2465 2526,2457 2512,2469 2470,2469 2459,2477 2446,2464 2414,2452 2326,2461 2183,2449 2122,2453 2104,2469 2066,2469 2046,2489 1926,2489 1883,2460 1835,2461 1825,2469 1447,2453 1343,2456 1323,2471 1259,2471 1247,2460 1215,2460 1160,2504 1146,2492 1119,2492 1105,2501 1063,2496 1027,2460 1011,2469 895,2469 871,2489 839,2488 819,2468 745,2468"/>
        <Baseline points="772,2453 822,2453 872,2451 922,2447 972,2445 1022,2445 1072,2443 1122,2442 1172,2442 1222,2440 1272,2439 1322,2437 1372,2437 1422,2436 1472,2435 1522,2435 1572,2434 1622,2433 1672,2433 1722,2434 1772,2433 1822,2433 1872,2433 1922,2433 1972,2433 2022,2433 2072,2433 2122,2432 2172,2432 2222,2431 2272,2432 2322,2432 2372,2431 2422,2433 2472,2434 2522,2435 2572,2435 2622,2437 2672,2439 2722,2435 2772,2435 2822,2443 2872,2445 2922,2444 2972,2443 3022,2441 3072,2438 3077,2438"/>
        <Word id="word_3f2c027e-598b-4cad-b853-1d6aafeeae64">
          <Coords points="772,2418 822,2418 871,2416 919,2412 927,2412 929,2457 923,2457 872,2461 822,2463 772,2463"/>
          <TextEquiv>
            <Unicode>U:E:</Unicode>
          </TextEquiv>
        </Word>
        <Word id="word_a8a14f1c-d302-4ff0-88c1-e3edf324d05f">
          <Coords points="966,2410 971,2410 1022,2410 1071,2408 1121,2407 1172,2407 1221,2405 1271,2404 1278,2404 1280,2449 1272,2449 1222,2450 1172,2452 1122,2452 1072,2453 1022,2455 972,2455 968,2455"/>
          <TextEquiv>
            <Unicode>gelieven</Unicode>
          </TextEquiv>
        </Word>
        <Word id="word_5a83a8da-5abe-4d61-b46c-6db6e514ddea">
          <Coords points="1318,2402 1321,2402 1372,2402 1421,2401 1471,2400 1522,2400 1571,2399 1621,2398 1672,2398 1723,2399 1771,2398 1822,2398 1827,2398 1827,2443 1822,2443 1772,2443 1722,2444 1672,2443 1622,2443 1572,2444 1522,2445 1472,2445 1422,2446 1372,2447 1322,2447 1319,2447"/>
          <TextEquiv>
            <Unicode>t'ordonneren,</Unicode>
          </TextEquiv>
        </Word>
        <Word id="word_34f1ff71-1c99-4ea1-893c-093d0e0e47ee">
          <Coords points="1866,2398 1872,2398 1922,2398 1972,2398 2022,2398 2072,2398 2121,2397 2172,2397 2221,2396 2258,2397 2257,2442 2222,2441 2172,2442 2122,2442 2072,2443 2022,2443 1972,2443 1922,2443 1872,2443 1866,2443"/>
          <TextEquiv>
            <Unicode>verstaende</Unicode>
          </TextEquiv>
        </Word>
        <Word id="word_985d5e3a-2d90-43c8-9a0a-7949c7185dfe">
          <Coords points="2296,2397 2321,2397 2371,2396 2415,2398 2413,2443 2372,2441 2322,2442 2296,2442"/>
          <TextEquiv>
            <Unicode>met</Unicode>
          </TextEquiv>
        </Word>
        <Word id="word_291906f6-da1d-4d73-850f-8a0ab4f1c5cc">
          <Coords points="2452,2399 2472,2399 2523,2400 2570,2400 2570,2445 2522,2445 2472,2444 2453,2444"/>
          <TextEquiv>
            <Unicode>ons</Unicode>
          </TextEquiv>
        </Word>
        <Word id="word_6d14b215-7a7f-4067-94f8-8862406981c5">
          <Coords points="2614,2400 2627,2402 2673,2404 2719,2400 2726,2400 2726,2445 2723,2445 2672,2449 2620,2447 2607,2445"/>
          <TextEquiv>
            <Unicode>bij</Unicode>
          </TextEquiv>
        </Word>
        <Word id="word_e76f762c-e2bf-41f0-a0e8-36fe2d635896">
          <Coords points="2765,2400 2772,2400 2828,2408 2873,2410 2921,2409 2971,2408 3021,2406 3070,2403 3077,2403 3077,2448 3073,2448 3022,2451 2972,2453 2922,2454 2872,2455 2820,2453 2772,2445 2765,2445"/>
          <TextEquiv>
            <Unicode>hebbende</Unicode>
          </TextEquiv>
        </Word>
        <TextEquiv conf="0.907965807207315">
          <Unicode>U:E: gelieven t'ordonneren, verstaende met ons bij hebbende</Unicode>
        </TextEquiv>
        <TextStyle xHeight="39"/>
      </TextLine>
      <TextLine id="e1a89b16-3b11-46db-818a-d1299f00ac0b">
        <Coords points="756,2470 822,2470 842,2490 862,2491 894,2471 1002,2471 1038,2451 1242,2458 1258,2474 1324,2474 1346,2455 1378,2454 1566,2454 1598,2458 1610,2470 1650,2471 1826,2467 1846,2458 1881,2458 1913,2482 2044,2491 2069,2467 2101,2470 2117,2455 2169,2450 2220,2459 2445,2462 2507,2470 2515,2478 2565,2454 2625,2466 2645,2482 2717,2503 2747,2494 2761,2499 2799,2467 2814,2471 2833,2458 2857,2458 2889,2474 2915,2470 2948,2483 2972,2467 2982,2473 2982,2530 2974,2526 2961,2538 2949,2527 2923,2527 2916,2534 2848,2531 2827,2550 2820,2543 2806,2550 2782,2542 2742,2574 2728,2566 2711,2574 2695,2558 2677,2554 2645,2555 2630,2570 2561,2573 2477,2538 2441,2551 2402,2535 2201,2538 2181,2555 1993,2546 1778,2550 1766,2538 1746,2535 1711,2567 1602,2567 1586,2574 1546,2562 1526,2542 1486,2542 1438,2551 1419,2570 1408,2566 1396,2578 1380,2580 1354,2554 1242,2555 1183,2543 956,2543 917,2582 857,2582 842,2574 814,2597 800,2591 756,2593"/>
        <Baseline points="783,2542 833,2540 883,2538 933,2535 983,2533 1033,2531 1083,2529 1133,2527 1183,2526 1233,2525 1283,2522 1333,2522 1383,2523 1433,2522 1483,2523 1533,2523 1583,2522 1633,2522 1683,2522 1733,2523 1783,2522 1833,2521 1883,2522 1933,2522 1983,2522 2033,2522 2083,2522 2133,2523 2183,2523 2233,2524 2283,2523 2333,2524 2383,2525 2433,2525 2483,2525 2533,2526 2583,2526 2633,2526 2683,2526 2733,2525 2783,2525 2833,2525 2883,2522 2933,2517 2956,2517"/>
        <Word id="word_669b1214-75a8-41d3-8609-af4afcf72743">
          <Coords points="782,2507 832,2505 882,2503 931,2500 982,2498 1032,2496 1039,2496 1041,2541 1033,2541 983,2543 934,2545 883,2548 833,2550 783,2552"/>
          <TextEquiv>
            <Unicode>schepen</Unicode>
          </TextEquiv>
        </Word>
        <Word id="word_e0475261-2861-405f-97a3-8897b0be7b6f">
          <Coords points="1076,2494 1082,2494 1132,2492 1150,2492 1151,2537 1133,2537 1083,2539 1078,2539"/>
          <TextEquiv>
            <Unicode>in</Unicode>
          </TextEquiv>
        </Word>
        <Word id="word_f91acd5b-ead6-4e1e-8c19-cc1074a2b189">
          <Coords points="1187,2491 1232,2490 1281,2487 1333,2487 1384,2488 1432,2487 1446,2487 1446,2532 1433,2532 1383,2533 1333,2532 1284,2532 1233,2535 1188,2536"/>
          <TextEquiv>
            <Unicode>Zelandt</Unicode>
          </TextEquiv>
        </Word>
        <Word id="word_c95c3f92-f792-4bfc-833d-74a73bc19bd8">
          <Coords points="1483,2488 1484,2488 1533,2488 1582,2487 1633,2487 1683,2487 1734,2488 1740,2488 1741,2533 1733,2533 1683,2532 1633,2532 1583,2532 1533,2533 1483,2533 1482,2533"/>
          <TextEquiv>
            <Unicode>gelopen</Unicode>
          </TextEquiv>
        </Word>
        <Word id="word_a433e578-81eb-404b-8116-dba0549df9ca">
          <Coords points="1777,2487 1782,2487 1832,2486 1884,2487 1933,2487 1962,2487 1962,2532 1933,2532 1883,2532 1833,2531 1783,2532 1778,2532"/>
          <TextEquiv>
            <Unicode>waren</Unicode>
          </TextEquiv>
        </Word>
        <Word id="word_f65988a4-8125-4b4c-ade6-0d5bf465757a">
          <Coords points="1998,2487 2033,2487 2083,2487 2110,2488 2109,2533 2083,2532 2033,2532 1998,2532"/>
          <TextEquiv>
            <Unicode>ons</Unicode>
          </TextEquiv>
        </Word>
        <Word id="word_d34e9669-99f0-47b7-9847-ea6ad095d61d">
          <Coords points="2146,2488 2183,2488 2234,2489 2282,2488 2334,2489 2384,2490 2404,2490 2404,2535 2383,2535 2333,2534 2283,2533 2233,2534 2183,2533 2146,2533"/>
          <TextEquiv>
            <Unicode>dateljk</Unicode>
          </TextEquiv>
        </Word>
        <Word id="word_1f9f674f-1df7-4a1e-ab45-daba43574001">
          <Coords points="2441,2490 2483,2490 2534,2491 2551,2491 2551,2536 2533,2536 2483,2535 2441,2535"/>
          <TextEquiv>
            <Unicode>van</Unicode>
          </TextEquiv>
        </Word>
        <Word id="word_f6bfee67-6d6c-44b4-9ac6-e3bd6ff34a52">
          <Coords points="2588,2491 2633,2491 2683,2491 2732,2490 2735,2490 2735,2535 2733,2535 2683,2536 2633,2536 2588,2536"/>
          <TextEquiv>
            <Unicode>daer</Unicode>
          </TextEquiv>
        </Word>
        <Word id="word_c857cf80-3602-40f8-bab7-f0bb99a0abd5">
          <Coords points="2772,2490 2783,2490 2833,2490 2881,2487 2930,2482 2956,2482 2956,2527 2934,2527 2884,2532 2833,2535 2783,2535 2772,2535"/>
          <TextEquiv>
            <Unicode>soude</Unicode>
          </TextEquiv>
        </Word>
        <TextEquiv conf="0.939341758299571">
          <Unicode>schepen in Zelandt gelopen waren ons dateljk van daer soude</Unicode>
        </TextEquiv>
        <TextStyle xHeight="35"/>
      </TextLine>
      <TextLine id="line_08ad28e8-f61c-4183-9e93-f272fd395964">
        <Coords points="748,2592 786,2588 814,2596 838,2576 858,2583 872,2576 918,2580 958,2541 1094,2540 1269,2553 1379,2549 1388,2540 1413,2553 1461,2553 1489,2540 1521,2540 1541,2560 1561,2560 1573,2572 1588,2573 1605,2564 1711,2565 1745,2533 2285,2533 2340,2541 2397,2533 2435,2557 2456,2549 2508,2548 2540,2572 2596,2573 2607,2566 2628,2572 2648,2557 2680,2552 2706,2576 2730,2564 2741,2571 2775,2541 2793,2544 2802,2536 2811,2542 2824,2533 2834,2540 2851,2535 2863,2545 2895,2529 2943,2525 2975,2547 2996,2536 3010,2545 3035,2523 3075,2523 3098,2536 3112,2524 3133,2545 3152,2552 3152,2609 3141,2620 3095,2620 3087,2628 3074,2620 2991,2620 2939,2658 2899,2631 2879,2632 2871,2640 2859,2636 2844,2651 2821,2655 2778,2620 2759,2624 2747,2636 2731,2628 2692,2636 2667,2658 2619,2620 2596,2639 2580,2640 2560,2624 2456,2620 2440,2635 2401,2617 2382,2632 2316,2632 2273,2646 2244,2635 2172,2636 2160,2648 2120,2647 2112,2639 2032,2639 2020,2627 1984,2627 1945,2656 1905,2655 1873,2627 1829,2628 1806,2617 1197,2620 1189,2628 1014,2617 986,2644 962,2643 953,2635 882,2639 867,2624 822,2620 798,2636 748,2636"/>
        <Baseline points="775,2611 825,2613 875,2615 925,2614 975,2612 1025,2610 1075,2610 1125,2612 1175,2612 1225,2612 1275,2613 1325,2613 1375,2611 1425,2611 1475,2610 1525,2610 1575,2608 1625,2608 1675,2607 1725,2608 1775,2607 1825,2607 1875,2607 1925,2606 1975,2607 2025,2608 2075,2608 2125,2607 2175,2608 2225,2607 2275,2607 2325,2607 2375,2608 2425,2609 2475,2609 2525,2610 2575,2611 2625,2612 2675,2612 2725,2613 2775,2612 2825,2611 2875,2609 2925,2607 2975,2607 3025,2605 3075,2602 3125,2595 3126,2595"/>
        <Word id="word_3e1108fb-0873-43cf-91f4-8ad15d9469c0">
          <Coords points="776,2576 826,2578 876,2580 924,2579 974,2577 1024,2575 1075,2575 1126,2577 1175,2577 1225,2577 1276,2578 1281,2578 1281,2623 1275,2623 1225,2622 1175,2622 1125,2622 1075,2620 1025,2620 975,2622 925,2624 875,2625 825,2623 775,2621"/>
          <TextEquiv>
            <Unicode>transporteren,</Unicode>
          </TextEquiv>
        </Word>
        <Word id="word_29843356-c9f1-4ff9-b2c4-5dca79f3f899">
          <Coords points="1318,2578 1325,2578 1374,2576 1425,2576 1462,2575 1462,2620 1425,2621 1375,2621 1325,2623 1318,2623"/>
          <TextEquiv>
            <Unicode>ende</Unicode>
          </TextEquiv>
        </Word>
        <Word id="word_b1726763-4aed-489e-85fa-4791fa0357ea">
          <Coords points="1499,2575 1526,2575 1574,2573 1625,2573 1674,2572 1726,2573 1774,2572 1824,2572 1824,2617 1775,2617 1725,2618 1675,2617 1625,2618 1575,2618 1525,2620 1498,2620"/>
          <TextEquiv>
            <Unicode>beuoorden</Unicode>
          </TextEquiv>
        </Word>
        <Word id="word_c0b7c698-c984-4f4c-9429-ad45e1e147ab">
          <Coords points="1860,2572 1875,2572 1924,2571 1976,2572 2026,2573 2075,2573 2124,2572 2150,2573 2150,2617 2125,2617 2075,2618 2025,2618 1975,2617 1925,2616 1875,2617 1860,2617"/>
          <TextEquiv>
            <Unicode>achterom</Unicode>
          </TextEquiv>
        </Word>
        <Word id="word_8e7c4fad-3af5-4206-a456-3618fc0f670f">
          <Coords points="2185,2573 2224,2572 2275,2572 2325,2572 2368,2573 2367,2618 2325,2617 2275,2617 2225,2617 2186,2618"/>
          <TextEquiv>
            <Unicode>lopen</Unicode>
          </TextEquiv>
        </Word>
        <Word id="word_d39c5d0a-a3d0-4041-815a-722b78f572d5">
          <Coords points="2404,2574 2426,2574 2475,2574 2512,2575 2511,2620 2475,2619 2425,2619 2403,2619"/>
          <TextEquiv>
            <Unicode>dat</Unicode>
          </TextEquiv>
        </Word>
        <Word id="word_cf723869-d008-42d9-8371-48d5fe4dbe6c">
          <Coords points="2548,2575 2576,2576 2626,2577 2675,2577 2693,2577 2692,2622 2675,2622 2625,2622 2575,2621 2548,2620"/>
          <TextEquiv>
            <Unicode>over</Unicode>
          </TextEquiv>
        </Word>
        <Word id="word_7b88a3cc-2d50-4949-b829-c75bc0ad1b16">
          <Coords points="2728,2578 2774,2577 2824,2576 2874,2574 2908,2573 2910,2618 2875,2619 2825,2621 2775,2622 2729,2623"/>
          <TextEquiv>
            <Unicode>lange</Unicode>
          </TextEquiv>
        </Word>
        <Word id="word_932bce0d-d673-41eb-955e-d9ef64bd4da2">
          <Coords points="2947,2571 2976,2572 3024,2570 3073,2567 3120,2560 3126,2560 3126,2605 3126,2605 3076,2612 3025,2615 2975,2617 2945,2616"/>
          <TextEquiv>
            <Unicode>soude</Unicode>
          </TextEquiv>
        </Word>
        <TextEquiv conf="0.9529309857815547">
          <Unicode>transporteren, ende beuoorden achterom lopen dat over lange soude</Unicode>
        </TextEquiv>
        <TextStyle xHeight="35"/>
      </TextLine>
      <TextLine id="fb01bdcb-66f8-4bbc-a525-d8a573ea9ebc">
        <Coords points="739,2637 793,2637 817,2621 857,2621 881,2640 945,2643 954,2652 968,2644 981,2652 1017,2617 1105,2617 1133,2637 1141,2629 1189,2629 1197,2621 1285,2625 1762,2614 1810,2617 1825,2628 1873,2628 1905,2656 1945,2657 1988,2624 2020,2628 2028,2636 2111,2636 2124,2645 2247,2636 2265,2648 2276,2637 2387,2629 2399,2620 2434,2641 2451,2628 2481,2636 2492,2625 2578,2620 2601,2629 2618,2621 2668,2659 2706,2625 2740,2629 2750,2621 2777,2621 2805,2648 2824,2640 2840,2652 2860,2637 2872,2641 2883,2632 2900,2632 2928,2657 2953,2652 3000,2617 3046,2625 3074,2621 3085,2629 3118,2617 3148,2636 3177,2636 3177,2693 3101,2710 3069,2734 3036,2713 3027,2719 2996,2713 2985,2721 2963,2714 2952,2725 2935,2722 2920,2737 2912,2731 2889,2738 2848,2698 2791,2709 2768,2698 2693,2701 2685,2709 2651,2698 2556,2698 2464,2710 2368,2709 2345,2698 2276,2698 2246,2725 2208,2701 2124,2701 2108,2706 2056,2751 2008,2754 1929,2698 1901,2698 1893,2706 1789,2706 1761,2734 1741,2742 1726,2741 1710,2725 1645,2725 1618,2706 1559,2706 1549,2716 1483,2717 1441,2754 1421,2745 1373,2745 1337,2717 1301,2717 1246,2765 1197,2716 1144,2730 1049,2730 1035,2721 841,2721 829,2713 739,2713"/>
        <Baseline points="766,2698 816,2696 866,2696 916,2698 966,2698 1016,2695 1066,2694 1116,2692 1166,2693 1216,2694 1266,2695 1316,2695 1366,2694 1416,2694 1466,2695 1516,2696 1566,2696 1616,2697 1666,2697 1716,2694 1766,2694 1816,2693 1866,2692 1916,2691 1966,2691 2016,2690 2066,2690 2116,2690 2166,2689 2216,2689 2266,2689 2316,2689 2366,2689 2416,2690 2466,2690 2516,2690 2566,2690 2616,2691 2666,2690 2716,2691 2766,2690 2816,2691 2866,2690 2916,2689 2966,2690 3016,2687 3066,2685 3116,2681 3151,2680"/>
        <Word id="word_11f013c2-0f53-495b-8764-ab1aaed87ccc">
          <Coords points="765,2663 815,2661 866,2661 908,2663 906,2708 866,2706 816,2706 766,2708"/>
          <TextEquiv>
            <Unicode>int'</Unicode>
          </TextEquiv>
        </Word>
        <Word id="word_8e7e505c-0579-4c4b-a870-93a89a84c28a">
          <Coords points="940,2664 965,2663 1014,2660 1065,2659 1115,2657 1117,2657 1116,2702 1116,2702 1066,2704 1017,2705 966,2708 942,2709"/>
          <TextEquiv>
            <Unicode>werck</Unicode>
          </TextEquiv>
        </Word>
        <Word id="word_7f5cbcbe-e1ae-47cd-92a5-766ee41a4d38">
          <Coords points="1152,2658 1167,2658 1217,2659 1267,2660 1316,2660 1365,2659 1397,2659 1397,2704 1366,2704 1316,2705 1266,2705 1216,2704 1166,2703 1151,2703"/>
          <TextEquiv>
            <Unicode>gestelt</Unicode>
          </TextEquiv>
        </Word>
        <Word id="word_35492747-ba48-4404-82c3-99904a527438">
          <Coords points="1433,2659 1467,2660 1517,2661 1566,2661 1617,2662 1666,2662 1676,2661 1678,2706 1666,2707 1616,2707 1566,2706 1516,2706 1466,2705 1432,2704"/>
          <TextEquiv>
            <Unicode>hebben,</Unicode>
          </TextEquiv>
        </Word>
        <Word id="word_e598941b-dd63-4103-ad81-266f8213cf73">
          <Coords points="1711,2659 1714,2659 1766,2659 1815,2658 1865,2657 1915,2656 1923,2656 1923,2701 1916,2701 1866,2702 1816,2703 1766,2704 1717,2704 1713,2704"/>
          <TextEquiv>
            <Unicode>hadden</Unicode>
          </TextEquiv>
        </Word>
        <Word id="word_c57f11aa-4c06-4a4b-98e9-5d873b5cb18f">
          <Coords points="1958,2656 1966,2656 2015,2655 2064,2655 2064,2700 2016,2700 1966,2701 1958,2701"/>
          <TextEquiv>
            <Unicode>wij</Unicode>
          </TextEquiv>
        </Word>
        <Word id="word_3413edf0-47ec-4e21-8c45-dd8256ce8db9">
          <Coords points="2099,2655 2116,2655 2165,2654 2216,2654 2266,2654 2274,2654 2274,2699 2266,2699 2216,2699 2166,2699 2116,2700 2099,2700"/>
          <TextEquiv>
            <Unicode>enich</Unicode>
          </TextEquiv>
        </Word>
        <Word id="word_0e96b178-2e2a-4040-8e98-3f6698fa143b">
          <Coords points="2309,2654 2316,2654 2366,2654 2417,2655 2466,2655 2516,2655 2555,2655 2555,2700 2516,2700 2466,2700 2416,2700 2366,2699 2316,2699 2309,2699"/>
          <TextEquiv>
            <Unicode>vordeel</Unicode>
          </TextEquiv>
        </Word>
        <Word id="word_84689e1c-8904-4ec5-8fb3-be9849e37d26">
          <Coords points="2591,2655 2617,2656 2665,2655 2717,2656 2765,2655 2801,2656 2800,2701 2766,2700 2716,2701 2666,2700 2616,2701 2590,2700"/>
          <TextEquiv>
            <Unicode>cunnen</Unicode>
          </TextEquiv>
        </Word>
        <Word id="word_a7601c37-6900-4e47-b4a9-05162c598021">
          <Coords points="2834,2656 2864,2655 2905,2654 2906,2699 2866,2700 2836,2701"/>
          <TextEquiv>
            <Unicode>te</Unicode>
          </TextEquiv>
        </Word>
        <Word id="word_16b0b69a-eebe-4530-b31c-0d198190fbb5">
          <Coords points="2943,2654 2968,2655 3014,2652 3065,2650 3113,2646 3150,2645 3151,2690 3117,2691 3066,2695 3017,2697 2965,2700 2940,2698"/>
          <TextEquiv>
            <Unicode>gemoet</Unicode>
          </TextEquiv>
        </Word>
        <TextEquiv conf="0.9210317242766847">
          <Unicode>int' werck gestelt hebben, hadden wij enich vordeel cunnen te gemoet</Unicode>
        </TextEquiv>
        <TextStyle xHeight="34"/>
      </TextLine>
      <TextLine id="b27d4d0d-fe4c-4d8c-9255-7e1403d83847">
        <Coords points="740,2712 826,2712 842,2721 1058,2720 1150,2729 1194,2713 1245,2764 1298,2717 1334,2716 1378,2748 1418,2748 1439,2756 1485,2717 1553,2717 1566,2705 1611,2705 1634,2720 1708,2724 1730,2744 1761,2733 1786,2709 1890,2709 1898,2701 1931,2701 1943,2709 2037,2705 2047,2715 2063,2700 2074,2700 2094,2716 2114,2717 2158,2701 2210,2698 2248,2723 2278,2697 2343,2697 2366,2705 2526,2705 2586,2697 2611,2701 2627,2713 2641,2704 2672,2717 2685,2709 2693,2713 2706,2701 2731,2705 2742,2697 2768,2697 2786,2709 2809,2701 2852,2740 2869,2732 2897,2740 2914,2728 2925,2734 2938,2721 2954,2724 2965,2714 2986,2721 3000,2713 3022,2720 3043,2713 3070,2732 3081,2725 3101,2732 3111,2724 3111,2781 3060,2784 2996,2832 2936,2801 2921,2816 2898,2812 2879,2824 2853,2813 2838,2823 2823,2809 2808,2820 2785,2820 2745,2816 2722,2796 2694,2811 2669,2792 2642,2792 2627,2777 2608,2777 2586,2796 2573,2797 2510,2796 2494,2780 2465,2780 2452,2793 2424,2792 2416,2784 2367,2792 2354,2784 2318,2785 2284,2817 2262,2817 2248,2827 2206,2823 2199,2816 2187,2820 2170,2808 2138,2817 2086,2817 2057,2796 2044,2809 2026,2809 1997,2788 1946,2789 1914,2816 1879,2785 1846,2785 1838,2793 1818,2793 1767,2839 1754,2828 1646,2827 1614,2800 1462,2800 1441,2817 1354,2817 1335,2828 1315,2808 1198,2808 1174,2792 934,2793 926,2801 858,2801 838,2819 814,2820 782,2852 740,2851"/>
        <Baseline points="767,2788 817,2787 867,2786 917,2786 967,2784 1017,2782 1067,2781 1117,2780 1167,2780 1217,2779 1267,2779 1317,2779 1367,2777 1417,2778 1467,2779 1517,2779 1567,2779 1617,2778 1667,2777 1717,2776 1767,2775 1817,2775 1867,2775 1917,2774 1967,2773 2017,2773 2067,2772 2117,2771 2167,2769 2217,2769 2267,2768 2317,2768 2367,2767 2417,2767 2467,2767 2517,2767 2567,2767 2617,2769 2667,2770 2717,2772 2767,2776 2817,2780 2867,2774 2917,2771 2967,2770 3017,2771 3067,2771 3085,2768"/>
        <Word id="word_87903312-e1b6-4172-84de-51420ecded09">
          <Coords points="766,2753 816,2752 866,2751 917,2751 931,2750 933,2795 917,2796 867,2796 817,2797 767,2798"/>
          <TextEquiv>
            <Unicode>sien,</Unicode>
          </TextEquiv>
        </Word>
        <Word id="word_055c5d95-68d9-4d8a-bb80-f347616e40c3">
          <Coords points="964,2749 966,2749 1016,2747 1066,2746 1116,2745 1167,2745 1197,2744 1198,2789 1167,2790 1117,2790 1067,2791 1017,2792 967,2794 966,2794"/>
          <TextEquiv>
            <Unicode>alwaren</Unicode>
          </TextEquiv>
        </Word>
        <Word id="word_f1f848fe-1e50-4f12-a8ea-40679dfee2ff">
          <Coords points="1231,2744 1267,2744 1317,2744 1329,2744 1331,2788 1317,2789 1267,2789 1231,2789"/>
          <TextEquiv>
            <Unicode>wij</Unicode>
          </TextEquiv>
        </Word>
        <Word id="word_ebb20a19-2cc8-4077-ad3c-04ca93527acf">
          <Coords points="1362,2742 1366,2742 1418,2743 1468,2744 1496,2744 1496,2789 1467,2789 1417,2788 1367,2787 1364,2787"/>
          <TextEquiv>
            <Unicode>uijt</Unicode>
          </TextEquiv>
        </Word>
        <Word id="word_9cf2bb83-60ec-41f9-a9e0-9126c61a4f04">
          <Coords points="1529,2744 1567,2744 1616,2743 1666,2742 1716,2741 1727,2741 1728,2786 1717,2786 1667,2787 1617,2788 1567,2789 1529,2789"/>
          <TextEquiv>
            <Unicode>duijns</Unicode>
          </TextEquiv>
        </Word>
        <Word id="word_8ce3a4f1-a9b6-4a6c-b790-ca2ee6e53cf5">
          <Coords points="1760,2740 1766,2740 1817,2740 1867,2740 1916,2739 1966,2738 1993,2738 1993,2783 1967,2783 1917,2784 1867,2785 1817,2785 1767,2785 1761,2785"/>
          <TextEquiv>
            <Unicode>gelopen</Unicode>
          </TextEquiv>
        </Word>
        <Word id="word_8786a3c2-756c-400b-b205-6556663c880e">
          <Coords points="2025,2738 2066,2737 2116,2736 2124,2736 2126,2781 2117,2781 2067,2782 2026,2783"/>
          <TextEquiv>
            <Unicode>soo</Unicode>
          </TextEquiv>
        </Word>
        <Word id="word_50adef5a-81e7-429c-8550-678478f3ba7e">
          <Coords points="2157,2734 2166,2734 2217,2734 2266,2733 2317,2733 2323,2733 2324,2778 2317,2778 2267,2778 2217,2779 2167,2779 2159,2779"/>
          <TextEquiv>
            <Unicode>haeft</Unicode>
          </TextEquiv>
        </Word>
        <Word id="word_fdede66e-d9ed-46bf-87d1-8a11b10bf56c">
          <Coords points="2356,2732 2366,2732 2417,2732 2467,2732 2490,2732 2490,2777 2467,2777 2417,2777 2367,2777 2357,2777"/>
          <TextEquiv>
            <Unicode>daer</Unicode>
          </TextEquiv>
        </Word>
        <Word id="word_f7cc5ed6-95c5-448c-b3f3-949cdc0b9936">
          <Coords points="2523,2732 2567,2732 2618,2734 2623,2734 2622,2779 2617,2779 2567,2777 2523,2777"/>
          <TextEquiv>
            <Unicode>ten</Unicode>
          </TextEquiv>
        </Word>
        <Word id="word_2aabf904-e7bb-4ce3-8291-6ab0f1035430">
          <Coords points="2656,2735 2668,2735 2718,2737 2770,2741 2820,2745 2849,2741 2855,2786 2816,2790 2766,2786 2717,2782 2667,2780 2655,2780"/>
          <TextEquiv>
            <Unicode>ancker</Unicode>
          </TextEquiv>
        </Word>
        <Word id="word_74bbc5d1-bb24-4635-a5b7-e6a1555f18e0">
          <Coords points="2886,2737 2916,2736 2966,2735 3018,2736 3067,2736 3079,2733 3087,2778 3067,2781 3017,2781 2967,2780 2917,2781 2887,2782"/>
          <TextEquiv>
            <Unicode>quamen</Unicode>
          </TextEquiv>
        </Word>
        <TextEquiv conf="0.9322340560381693">
          <Unicode>sien, alwaren wij uijt duijns gelopen soo haeft daer ten ancker quamen</Unicode>
        </TextEquiv>
        <TextStyle xHeight="38"/>
      </TextLine>
      <TextLine id="b7437427-4ce9-4957-b03e-1b811f537206">
        <Coords points="745,2850 785,2850 809,2826 854,2834 895,2799 959,2791 1170,2790 1198,2806 1313,2806 1342,2827 1354,2818 1438,2819 1462,2799 1614,2799 1647,2826 1666,2807 1734,2807 1769,2786 1794,2803 1810,2787 1835,2783 1875,2783 1917,2818 1945,2791 1989,2787 2021,2807 2051,2807 2061,2798 2089,2815 2177,2810 2193,2826 2285,2819 2321,2783 2381,2783 2407,2775 2433,2794 2452,2795 2473,2782 2497,2803 2569,2799 2587,2795 2604,2779 2629,2779 2653,2802 2691,2788 2701,2795 2720,2791 2750,2818 2778,2814 2788,2822 2855,2813 2879,2825 2919,2798 2928,2802 2948,2784 2970,2791 3004,2818 3039,2798 3061,2802 3061,2858 3028,2878 3006,2874 2994,2863 2979,2874 2962,2862 2940,2863 2916,2886 2844,2886 2802,2913 2748,2905 2720,2877 2597,2885 2577,2894 2561,2893 2549,2881 2481,2881 2432,2906 2381,2871 2281,2871 2273,2877 2262,2866 2242,2874 2225,2867 2182,2905 2145,2897 2105,2902 2098,2909 2065,2881 1921,2877 1880,2913 1846,2889 1778,2890 1757,2908 1662,2889 1570,2898 1377,2893 1364,2902 1262,2906 1230,2877 1208,2871 1078,2874 1065,2886 1019,2890 745,2885"/>
        <Baseline points="772,2873 822,2872 872,2870 922,2869 972,2869 1022,2868 1072,2866 1122,2865 1172,2864 1222,2864 1272,2863 1322,2861 1372,2860 1422,2860 1472,2859 1522,2859 1572,2858 1622,2860 1672,2861 1722,2860 1772,2861 1822,2861 1872,2860 1922,2859 1972,2858 2022,2857 2072,2857 2122,2857 2172,2855 2222,2855 2272,2856 2322,2856 2372,2855 2422,2855 2472,2855 2522,2855 2572,2855 2622,2856 2672,2857 2722,2858 2772,2858 2822,2856 2872,2852 2922,2851 2972,2850 3022,2849 3035,2845"/>
        <Word id="word_df7753d4-015f-4b49-bda8-852c1e4cef42">
          <Coords points="771,2838 821,2837 871,2835 913,2834 914,2879 872,2880 822,2882 772,2883"/>
          <TextEquiv>
            <Unicode>ende</Unicode>
          </TextEquiv>
        </Word>
        <Word id="word_37ab65a7-a233-460a-850f-57cc17ea14d0">
          <Coords points="950,2833 973,2834 1021,2833 1071,2831 1121,2830 1171,2829 1196,2829 1196,2874 1172,2874 1122,2875 1072,2876 1022,2878 972,2879 949,2878"/>
          <TextEquiv>
            <Unicode>Hitlant</Unicode>
          </TextEquiv>
        </Word>
        <Word id="word_f249e482-9a55-49e2-8a21-20467877b3d9">
          <Coords points="1231,2829 1271,2828 1321,2826 1371,2825 1422,2825 1471,2824 1522,2824 1571,2823 1622,2825 1620,2870 1572,2868 1522,2869 1472,2869 1422,2870 1372,2870 1322,2871 1272,2873 1232,2874"/>
          <TextEquiv>
            <Unicode>aengelanght</Unicode>
          </TextEquiv>
        </Word>
        <Word id="word_0e4bb0d6-eecb-4cc7-90b2-a79afa56a7fd">
          <Coords points="1655,2826 1671,2826 1721,2825 1763,2826 1762,2871 1722,2870 1672,2871 1656,2871"/>
          <TextEquiv>
            <Unicode>soo</Unicode>
          </TextEquiv>
        </Word>
        <Word id="word_113d3cc8-ccd6-40bc-a8a8-7d5ed90d5e17">
          <Coords points="1797,2827 1821,2826 1871,2825 1921,2824 1971,2823 2009,2822 2010,2867 1972,2868 1922,2869 1872,2870 1822,2871 1798,2872"/>
          <TextEquiv>
            <Unicode>bleven</Unicode>
          </TextEquiv>
        </Word>
        <Word id="word_5467782c-9205-4a4e-896f-a66e0b2b2e62">
          <Coords points="2046,2822 2073,2822 2122,2822 2171,2820 2187,2820 2187,2865 2172,2865 2122,2867 2072,2867 2045,2867"/>
          <TextEquiv>
            <Unicode>doch</Unicode>
          </TextEquiv>
        </Word>
        <Word id="word_df1b3738-237d-4be9-a1f5-4adde6ea1f56">
          <Coords points="2223,2820 2273,2821 2322,2821 2371,2820 2422,2820 2472,2820 2522,2820 2572,2820 2623,2821 2647,2821 2646,2866 2622,2866 2572,2865 2522,2865 2472,2865 2422,2865 2372,2865 2322,2866 2272,2866 2222,2865"/>
          <TextEquiv>
            <Unicode>genootsaeckt</Unicode>
          </TextEquiv>
        </Word>
        <Word id="word_737804a0-bf3d-4be2-b34d-17d1deec3e94">
          <Coords points="2683,2822 2723,2823 2772,2823 2821,2821 2821,2821 2824,2866 2822,2866 2772,2868 2722,2868 2682,2867"/>
          <TextEquiv>
            <Unicode>door</Unicode>
          </TextEquiv>
        </Word>
        <Word id="word_86f95f5d-7ce0-4840-b3ae-dec384941696">
          <Coords points="2856,2818 2869,2817 2921,2816 2971,2815 3021,2814 3025,2812 3038,2855 3022,2859 2972,2860 2922,2861 2873,2862 2860,2863"/>
          <TextEquiv>
            <Unicode>gesta</Unicode>
          </TextEquiv>
        </Word>
        <TextEquiv conf="0.9327583930284136">
          <Unicode>ende Hitlant aengelanght soo bleven doch genootsaeckt door gesta</Unicode>
        </TextEquiv>
        <TextStyle xHeight="35"/>
      </TextLine>
      <TextLine id="d34d92b2-42b0-4558-a2b7-95a7b0e6326e">
        <Coords points="725,2887 915,2882 1055,2890 1067,2902 1089,2903 1127,2872 1209,2872 1227,2874 1259,2903 1365,2903 1379,2891 1571,2899 1591,2883 1607,2882 1615,2890 1691,2894 1703,2903 1741,2898 1751,2908 1803,2879 1830,2879 1841,2868 1856,2868 1863,2874 2063,2882 2098,2903 2114,2894 2131,2903 2143,2894 2187,2903 2231,2865 2251,2872 2261,2867 2270,2875 2367,2872 2383,2864 2434,2907 2479,2879 2587,2891 2595,2883 2635,2887 2705,2878 2747,2906 2800,2911 2835,2894 2943,2891 2997,2863 3056,2895 3084,2892 3084,2947 3072,2935 3054,2948 3035,2944 3027,2952 2974,2944 2954,2960 2923,2960 2907,2968 2879,2967 2851,2947 2799,2984 2785,2984 2731,2955 2711,2956 2703,2964 2379,2955 1975,2956 1967,2964 1950,2956 1905,2956 1870,2976 1835,2975 1823,2984 1813,2984 1788,2960 1431,2964 1420,2975 1408,2964 1370,2964 1359,2975 1346,2968 1123,2968 1047,2976 1019,3004 999,2998 963,3012 923,2991 899,2992 880,3004 862,2987 725,2987"/>
        <Baseline points="752,2972 802,2967 852,2963 902,2961 952,2958 1002,2956 1052,2954 1102,2953 1152,2953 1202,2951 1252,2951 1302,2949 1352,2947 1402,2947 1452,2947 1502,2946 1552,2946 1602,2945 1652,2945 1702,2946 1752,2945 1802,2944 1852,2943 1902,2942 1952,2942 2002,2941 2052,2940 2102,2938 2152,2937 2202,2937 2252,2937 2302,2937 2352,2937 2402,2940 2452,2940 2502,2940 2552,2942 2602,2942 2652,2941 2702,2942 2752,2940 2802,2937 2852,2936 2902,2937 2952,2936 3002,2935 3052,2934 3058,2934"/>
        <Word id="word_5ac70697-7507-4a3d-a7b9-cafab912cbda">
          <Coords points="749,2937 799,2932 849,2928 901,2926 935,2924 938,2969 902,2971 853,2973 803,2977 753,2982"/>
          <TextEquiv>
            <Unicode>weste</Unicode>
          </TextEquiv>
        </Word>
        <Word id="word_40668440-104e-4311-9e8b-1c8c44c83914">
          <Coords points="974,2922 1001,2921 1051,2919 1101,2918 1152,2918 1196,2916 1198,2961 1152,2963 1102,2963 1052,2964 1002,2966 975,2967"/>
          <TextEquiv>
            <Unicode>winden</Unicode>
          </TextEquiv>
        </Word>
        <Word id="word_26476bf3-71c8-4914-a3a6-d453bb427798">
          <Coords points="1238,2915 1255,2916 1301,2914 1345,2912 1347,2957 1302,2959 1251,2961 1234,2960"/>
          <TextEquiv>
            <Unicode>die</Unicode>
          </TextEquiv>
        </Word>
        <Word id="word_c3525c8d-f1d6-43ff-8f00-6dc6709a3dd6">
          <Coords points="1386,2911 1404,2912 1452,2912 1501,2911 1552,2911 1601,2910 1652,2910 1703,2911 1718,2911 1719,2956 1702,2956 1652,2955 1602,2955 1552,2956 1502,2956 1452,2957 1401,2957 1383,2956"/>
          <TextEquiv>
            <Unicode>doenmaels</Unicode>
          </TextEquiv>
        </Word>
        <Word id="word_90913f7a-8061-40c9-8518-bd8af9ab3e6b">
          <Coords points="1755,2910 1801,2909 1851,2908 1901,2907 1952,2907 2001,2906 2016,2906 2016,2951 2002,2951 1952,2952 1902,2952 1852,2953 1802,2954 1756,2955"/>
          <TextEquiv>
            <Unicode>waijden</Unicode>
          </TextEquiv>
        </Word>
        <Word id="word_69194b45-8768-4231-b10a-3bbf7e55965a">
          <Coords points="2052,2905 2101,2903 2151,2902 2165,2902 2165,2947 2152,2947 2102,2948 2054,2950"/>
          <TextEquiv>
            <Unicode>een</Unicode>
          </TextEquiv>
        </Word>
        <Word id="word_1d8fcc7c-a4ef-4d4e-be85-f68a9f279b0a">
          <Coords points="2202,2902 2252,2902 2302,2902 2352,2902 2404,2905 2425,2905 2425,2950 2401,2950 2352,2947 2302,2947 2252,2947 2202,2947"/>
          <TextEquiv>
            <Unicode>andere</Unicode>
          </TextEquiv>
        </Word>
        <Word id="word_20d4f69e-7580-424c-88c9-2ed9ad6e1b11">
          <Coords points="2463,2905 2502,2905 2553,2907 2602,2907 2648,2906 2649,2951 2602,2952 2552,2952 2502,2950 2463,2950"/>
          <TextEquiv>
            <Unicode>haven</Unicode>
          </TextEquiv>
        </Word>
        <Word id="word_cac225d8-f0bd-4489-911f-45285cbe3eeb">
          <Coords points="2690,2906 2706,2907 2751,2905 2795,2902 2798,2947 2752,2950 2701,2952 2685,2950"/>
          <TextEquiv>
            <Unicode>met</Unicode>
          </TextEquiv>
        </Word>
        <Word id="word_0557d816-9d8a-4a5b-9672-4018e891e956">
          <Coords points="2836,2900 2854,2901 2903,2902 2951,2901 3001,2900 3051,2899 3058,2899 3058,2944 3052,2944 3002,2945 2952,2946 2902,2947 2851,2946 2834,2945"/>
          <TextEquiv>
            <Unicode>groote</Unicode>
          </TextEquiv>
        </Word>
        <TextEquiv conf="0.9608969078456047">
          <Unicode>weste winden die doenmaels waijden een andere haven met groote</Unicode>
        </TextEquiv>
        <TextStyle xHeight="36"/>
      </TextLine>
      <TextLine id="f43d5780-8fed-4614-912b-1ec8acd09741">
        <Coords points="734,2986 861,2986 885,3006 924,2967 1013,2963 1028,2978 1052,2979 1064,2967 1168,2967 1226,2959 1244,2967 1304,2967 1316,2955 1428,2963 1787,2958 1812,2983 1824,2983 1832,2975 1868,2975 1895,2951 2115,2955 2184,2947 2495,2954 2551,2962 2655,2962 2663,2970 2719,2958 2727,2966 2747,2962 2795,3002 2845,2955 2859,2966 2907,2967 2949,2963 2974,2943 2991,2946 3019,2974 3063,2946 3080,2962 3091,2958 3127,2979 3143,2972 3152,2981 3152,3038 3127,3045 3106,3035 3066,3067 3011,3066 2999,3058 2953,3062 2939,3048 2923,3051 2870,3035 2727,3059 2687,3035 2531,3039 2505,3063 2479,3050 2432,3043 2351,3043 2335,3055 2319,3054 2308,3043 2227,3043 2206,3062 2187,3054 2171,3066 2067,3079 2032,3047 1995,3047 1980,3062 1936,3062 1924,3071 1865,3070 1855,3079 1804,3066 1789,3051 1596,3055 1580,3071 1480,3070 1454,3090 1432,3089 1412,3078 1316,3075 1281,3063 1268,3063 1246,3083 1217,3086 1184,3086 1160,3074 1116,3074 1076,3086 1056,3070 992,3071 972,3075 944,3102 924,3101 908,3085 896,3085 882,3094 824,3090 808,3106 734,3106"/>
        <Baseline points="761,3066 811,3059 861,3055 911,3050 961,3047 1011,3044 1061,3042 1111,3040 1161,3039 1211,3037 1261,3035 1311,3033 1361,3032 1411,3032 1461,3032 1511,3031 1561,3030 1611,3029 1661,3028 1711,3028 1761,3027 1811,3026 1861,3026 1911,3025 1961,3025 2011,3025 2061,3025 2111,3024 2161,3022 2211,3023 2261,3022 2311,3022 2361,3022 2411,3022 2461,3022 2511,3023 2561,3023 2611,3024 2661,3025 2711,3024 2761,3023 2811,3022 2861,3022 2911,3024 2961,3024 3011,3024 3061,3024 3111,3021 3126,3025"/>
        <Word id="word_67fd36be-b6b8-4d02-99e5-d2d9b5255296">
          <Coords points="756,3031 806,3024 858,3020 908,3015 959,3012 1009,3009 1060,3007 1086,3006 1088,3051 1061,3052 1012,3054 962,3057 912,3060 862,3065 812,3069 762,3076"/>
          <TextEquiv>
            <Unicode>perijckel</Unicode>
          </TextEquiv>
        </Word>
        <Word id="word_32b8a22c-f600-444d-8813-f60076035c21">
          <Coords points="1124,3004 1161,3004 1195,3003 1197,3048 1161,3049 1124,3049"/>
          <TextEquiv>
            <Unicode>te</Unicode>
          </TextEquiv>
        </Word>
        <Word id="word_442f0b0f-c24d-4a6a-95a9-b4bcc57da43c">
          <Coords points="1232,3001 1260,3000 1310,2998 1360,2997 1411,2997 1461,2997 1510,2996 1524,2996 1525,3041 1511,3041 1461,3042 1411,3042 1361,3042 1311,3043 1261,3045 1234,3046"/>
          <TextEquiv>
            <Unicode>soecken,</Unicode>
          </TextEquiv>
        </Word>
        <Word id="word_f75dfa08-61ac-475e-96a6-9f13ace92d34">
          <Coords points="1560,2995 1560,2995 1610,2994 1660,2993 1707,2993 1707,3038 1661,3038 1611,3039 1561,3040 1561,3040"/>
          <TextEquiv>
            <Unicode>want</Unicode>
          </TextEquiv>
        </Word>
        <Word id="word_fa69d6fe-3eaa-49ad-b95b-46b9b0944c88">
          <Coords points="1741,2993 1759,2992 1810,2991 1816,2991 1816,3036 1811,3036 1762,3037 1743,3038"/>
          <TextEquiv>
            <Unicode>al</Unicode>
          </TextEquiv>
        </Word>
        <Word id="word_589448b3-5025-4850-b41e-16c87411acf2">
          <Coords points="1852,2991 1861,2991 1910,2990 1961,2990 2011,2990 2061,2990 2070,2990 2071,3035 2061,3035 2011,3035 1961,3035 1911,3035 1861,3036 1852,3036"/>
          <TextEquiv>
            <Unicode>hadden</Unicode>
          </TextEquiv>
        </Word>
        <Word id="word_17b749e0-00be-4d58-a22b-0e04f27b659b">
          <Coords points="2106,2989 2110,2989 2160,2987 2212,2988 2216,2988 2216,3033 2211,3033 2161,3032 2111,3034 2107,3034"/>
          <TextEquiv>
            <Unicode>wij</Unicode>
          </TextEquiv>
        </Word>
        <Word id="word_cd42495d-0282-4539-b351-6f240fff602e">
          <Coords points="2252,2987 2260,2987 2311,2987 2361,2987 2411,2987 2461,2987 2472,2987 2471,3032 2461,3032 2411,3032 2361,3032 2311,3032 2261,3032 2253,3032"/>
          <TextEquiv>
            <Unicode>vogels</Unicode>
          </TextEquiv>
        </Word>
        <Word id="word_d029f33b-5bdf-43b7-a488-5abf55001213">
          <Coords points="2508,2988 2512,2988 2561,2988 2612,2989 2662,2990 2710,2989 2760,2988 2762,2988 2763,3033 2761,3033 2711,3034 2661,3035 2611,3034 2561,3033 2511,3033 2507,3033"/>
          <TextEquiv>
            <Unicode>geweest</Unicode>
          </TextEquiv>
        </Word>
        <Word id="word_0cd4cb99-d36e-41ac-8b28-3597a8825eef">
          <Coords points="2798,2987 2810,2987 2861,2987 2873,2987 2871,3032 2861,3032 2811,3032 2799,3032"/>
          <TextEquiv>
            <Unicode>en</Unicode>
          </TextEquiv>
        </Word>
        <Word id="word_43b8b476-9c6a-4eb3-8f3d-03bd594eda71">
          <Coords points="2909,2989 2912,2989 2961,2989 3011,2989 3061,2989 3109,2986 3135,2991 3123,3035 3112,3031 3061,3034 3011,3034 2961,3034 2911,3034 2908,3034"/>
          <TextEquiv>
            <Unicode>conden</Unicode>
          </TextEquiv>
        </Word>
        <TextEquiv conf="0.9313427120671197">
          <Unicode>perijckel te soecken, want al hadden wij vogels geweest en conden</Unicode>
        </TextEquiv>
        <TextStyle xHeight="45"/>
      </TextLine>
      <TextLine id="a858e5bc-7026-47ac-95bb-c2b659545f1d">
        <Coords points="734,3107 808,3107 824,3092 868,3087 882,3095 900,3083 940,3103 972,3076 1055,3067 1080,3088 1108,3075 1249,3084 1295,3041 1412,3041 1455,3064 1566,3060 1575,3051 1787,3047 1807,3067 1827,3067 1843,3080 1864,3071 1926,3072 1938,3063 1966,3063 1986,3044 2027,3044 2066,3080 2123,3075 2134,3067 2173,3068 2190,3054 2206,3060 2222,3044 2307,3044 2326,3056 2350,3044 2435,3044 2473,3047 2504,3064 2530,3041 2550,3037 2693,3033 2757,3040 2785,3052 2822,3032 2831,3040 2861,3032 2881,3044 2911,3044 2921,3052 2957,3040 3049,3040 3081,3057 3103,3052 3122,3059 3122,3116 3092,3117 3077,3132 3015,3116 2979,3152 2901,3145 2881,3132 2862,3140 2834,3129 2822,3136 2800,3121 2785,3129 2776,3125 2746,3153 2726,3153 2709,3140 2682,3152 2662,3144 2550,3136 2533,3124 2479,3121 2226,3121 2218,3129 2146,3129 2126,3149 2102,3148 2094,3140 1990,3141 1975,3129 1767,3129 1667,3133 1634,3165 1607,3165 1571,3185 1523,3140 1491,3168 1460,3137 1362,3137 1355,3144 1323,3137 1255,3149 996,3156 966,3181 940,3180 920,3160 896,3161 889,3168 882,3163 872,3173 852,3160 811,3197 796,3186 734,3193"/>
        <Baseline points="761,3145 811,3142 861,3141 911,3139 961,3136 1011,3135 1061,3134 1111,3132 1161,3130 1211,3127 1261,3126 1311,3123 1361,3121 1411,3120 1461,3119 1511,3118 1561,3118 1611,3117 1661,3116 1711,3114 1761,3114 1811,3114 1861,3113 1911,3112 1961,3111 2011,3111 2061,3110 2111,3111 2161,3112 2211,3112 2261,3111 2311,3109 2361,3110 2411,3111 2461,3111 2511,3110 2561,3109 2611,3108 2661,3108 2711,3110 2761,3112 2811,3111 2861,3111 2911,3110 2961,3107 3011,3104 3061,3103 3096,3103"/>
        <Word id="word_91e9fbc9-3e58-4a37-b43e-5da2ef9f3c31">
          <Coords points="759,3110 809,3107 860,3106 910,3104 959,3101 1010,3100 1060,3099 1110,3097 1160,3095 1202,3093 1204,3137 1161,3140 1111,3142 1061,3144 1011,3145 962,3146 911,3149 861,3151 812,3152 762,3155"/>
          <TextEquiv>
            <Unicode>geduijrende</Unicode>
          </TextEquiv>
        </Word>
        <Word id="word_0248b8b9-8413-4404-990c-0577ce7c4fb6">
          <Coords points="1246,3090 1263,3091 1309,3088 1323,3087 1325,3132 1312,3133 1260,3136 1243,3135"/>
          <TextEquiv>
            <Unicode>de</Unicode>
          </TextEquiv>
        </Word>
        <Word id="word_abc704d2-d6c9-42c2-baa1-984141ebfa45">
          <Coords points="1364,3086 1410,3085 1460,3084 1510,3083 1561,3083 1565,3083 1566,3128 1561,3128 1511,3128 1461,3129 1411,3130 1365,3131"/>
          <TextEquiv>
            <Unicode>harde</Unicode>
          </TextEquiv>
        </Word>
        <Word id="word_131d8655-72f9-448f-bc9e-67f7c8b778c0">
          <Coords points="1605,3082 1610,3082 1660,3081 1710,3079 1761,3079 1807,3079 1807,3124 1761,3124 1711,3124 1661,3126 1611,3127 1606,3127"/>
          <TextEquiv>
            <Unicode>weste</Unicode>
          </TextEquiv>
        </Word>
        <Word id="word_ea11673f-d75b-4d2e-a993-d17850108568">
          <Coords points="1845,3079 1858,3078 1910,3077 1960,3076 2011,3076 2060,3075 2090,3076 2089,3121 2061,3120 2011,3121 1961,3121 1911,3122 1862,3123 1849,3124"/>
          <TextEquiv>
            <Unicode>winden</Unicode>
          </TextEquiv>
        </Word>
        <Word id="word_b755dd5e-7ebf-4880-a333-2c068f85c14b">
          <Coords points="2130,3076 2162,3077 2211,3077 2260,3076 2289,3075 2291,3120 2261,3121 2211,3122 2161,3122 2129,3121"/>
          <TextEquiv>
            <Unicode>geen</Unicode>
          </TextEquiv>
        </Word>
        <Word id="word_23e4009f-7af6-405e-8500-689880aea550">
          <Coords points="2333,3073 2363,3075 2412,3076 2452,3076 2452,3121 2411,3121 2360,3120 2330,3118"/>
          <TextEquiv>
            <Unicode>zee</Unicode>
          </TextEquiv>
        </Word>
        <Word id="word_8199cae4-221e-4e6a-86b4-1cacbd0303a8">
          <Coords points="2490,3076 2509,3075 2560,3074 2610,3073 2661,3073 2712,3075 2762,3077 2773,3077 2774,3122 2761,3122 2711,3120 2661,3118 2611,3118 2561,3119 2512,3120 2493,3121"/>
          <TextEquiv>
            <Unicode>becomen</Unicode>
          </TextEquiv>
        </Word>
        <Word id="word_3861059a-78c9-4cbb-8c0f-5debd7ae510e">
          <Coords points="2814,3076 2861,3076 2910,3075 2959,3072 3009,3069 3060,3068 3096,3068 3096,3113 3061,3113 3012,3114 2962,3117 2911,3120 2861,3121 2814,3121"/>
          <TextEquiv>
            <Unicode>hebben—</Unicode>
          </TextEquiv>
        </Word>
        <TextEquiv conf="0.9158456833762716">
          <Unicode>geduijrende de harde weste winden geen zee becomen hebben—</Unicode>
        </TextEquiv>
        <TextStyle xHeight="34"/>
      </TextLine>
      <TextLine id="line_0d36647e-2094-4bc7-969d-f94b8841a08c">
        <Coords points="747,3162 813,3154 833,3174 874,3148 893,3160 920,3159 941,3179 965,3184 1005,3148 1069,3148 1081,3140 1341,3132 1357,3146 1377,3128 1606,3124 1976,3127 1992,3143 2092,3139 2103,3148 2128,3148 2148,3128 2300,3119 2531,3123 2552,3136 2625,3144 2688,3131 2720,3155 2737,3156 2788,3124 2827,3139 2836,3131 2862,3139 2878,3131 2896,3144 2981,3152 3006,3131 3032,3132 3040,3124 3077,3131 3096,3115 3124,3135 3148,3135 3160,3147 3173,3148 3173,3204 3148,3224 3127,3227 3115,3215 3104,3215 3093,3223 3071,3219 3056,3232 3020,3236 2996,3219 2956,3235 2913,3208 2885,3219 2863,3208 2832,3224 2814,3211 2776,3208 2756,3224 2696,3236 2682,3231 2673,3240 2476,3231 2454,3212 2420,3212 2380,3251 2360,3239 2272,3239 2260,3227 2240,3227 2232,3219 2204,3220 2184,3236 2156,3236 2004,3227 1992,3215 1968,3215 1929,3251 1869,3255 1818,3212 1783,3212 1775,3220 1753,3215 1737,3223 1727,3216 1709,3223 1701,3216 1637,3216 1618,3231 1593,3232 1585,3240 1545,3239 1529,3223 1457,3223 1425,3251 1392,3220 1345,3220 1324,3240 1233,3240 1209,3231 1177,3231 1146,3247 997,3243 978,3251 949,3231 901,3228 879,3247 813,3247 786,3271 747,3270"/>
        <Baseline points="774,3223 824,3221 874,3220 924,3220 974,3217 1024,3215 1074,3214 1124,3211 1174,3209 1224,3208 1274,3206 1324,3205 1374,3204 1424,3203 1474,3201 1524,3201 1574,3200 1624,3199 1674,3200 1724,3199 1774,3199 1824,3198 1874,3198 1924,3198 1974,3199 2024,3199 2074,3199 2124,3200 2174,3201 2224,3201 2274,3202 2324,3202 2374,3202 2424,3202 2474,3202 2524,3203 2574,3202 2624,3202 2674,3201 2724,3201 2774,3200 2824,3199 2874,3198 2924,3198 2974,3196 3024,3193 3074,3191 3124,3190 3147,3191"/>
        <Word id="word_0c089db7-c1a2-4644-87bf-9bbde3e93892">
          <Coords points="773,3188 823,3186 873,3185 924,3185 972,3182 988,3181 990,3226 975,3227 924,3230 874,3230 824,3231 774,3233"/>
          <TextEquiv>
            <Unicode>souden</Unicode>
          </TextEquiv>
        </Word>
        <Word id="word_ff0cf026-62f6-4432-a7b6-7ea27a8dcede">
          <Coords points="1025,3180 1073,3179 1122,3176 1132,3176 1134,3221 1125,3221 1074,3224 1026,3225"/>
          <TextEquiv>
            <Unicode>dan</Unicode>
          </TextEquiv>
        </Word>
        <Word id="word_83313e35-abe2-40cf-ae5f-dcca2f047201">
          <Coords points="1168,3174 1173,3174 1223,3173 1273,3171 1323,3170 1373,3169 1423,3168 1473,3166 1524,3166 1573,3165 1600,3164 1601,3209 1574,3210 1524,3211 1474,3211 1424,3213 1374,3214 1324,3215 1274,3216 1224,3218 1174,3219 1170,3219"/>
          <TextEquiv>
            <Unicode>genootsaeckt</Unicode>
          </TextEquiv>
        </Word>
        <Word id="word_69dc8713-06c4-4d28-a9f7-6de8b6b95ac0">
          <Coords points="1638,3164 1675,3165 1723,3164 1774,3164 1780,3164 1781,3209 1774,3209 1724,3209 1674,3210 1636,3209"/>
          <TextEquiv>
            <Unicode>sijn</Unicode>
          </TextEquiv>
        </Word>
        <Word id="word_26a1404b-5905-419b-bb2b-c683176c4983">
          <Coords points="1816,3163 1823,3163 1874,3163 1924,3163 1975,3164 2024,3164 2068,3164 2068,3209 2024,3209 1974,3209 1924,3208 1874,3208 1824,3208 1817,3208"/>
          <TextEquiv>
            <Unicode>geweest</Unicode>
          </TextEquiv>
        </Word>
        <Word id="word_4bbab8fd-8e09-4722-b8a1-1b1fec50a627">
          <Coords points="2106,3164 2126,3165 2175,3166 2212,3166 2212,3211 2174,3211 2123,3210 2104,3209"/>
          <TextEquiv>
            <Unicode>met</Unicode>
          </TextEquiv>
        </Word>
        <Word id="word_9229c29f-f16d-4b95-8155-754e4b451df8">
          <Coords points="2249,3166 2275,3167 2324,3167 2374,3167 2424,3167 2428,3167 2428,3212 2424,3212 2374,3212 2324,3212 2274,3212 2248,3211"/>
          <TextEquiv>
            <Unicode>groot</Unicode>
          </TextEquiv>
        </Word>
        <Word id="word_c304f3e3-f4c6-4710-8bc9-708368a472b9">
          <Coords points="2464,3167 2474,3167 2525,3168 2573,3167 2624,3167 2673,3166 2716,3166 2716,3211 2674,3211 2624,3212 2574,3212 2524,3213 2474,3212 2464,3212"/>
          <TextEquiv>
            <Unicode>pryckel</Unicode>
          </TextEquiv>
        </Word>
        <Word id="word_55f5bd9e-faa6-48b9-8b7d-ad54c1786b00">
          <Coords points="2750,3166 2772,3165 2823,3164 2859,3163 2860,3208 2824,3209 2774,3210 2752,3211"/>
          <TextEquiv>
            <Unicode>van</Unicode>
          </TextEquiv>
        </Word>
        <Word id="word_1eeda77d-1034-4203-9a69-d7cecf1adfb9">
          <Coords points="2896,3163 2925,3163 2973,3161 3022,3158 3073,3156 3123,3155 3148,3156 3147,3201 3124,3200 3074,3201 3025,3203 2974,3206 2924,3208 2895,3208"/>
          <TextEquiv>
            <Unicode>Schepen</Unicode>
          </TextEquiv>
        </Word>
        <TextEquiv conf="0.9330561132918584">
          <Unicode>souden dan genootsaeckt sijn geweest met groot pryckel van Schepen</Unicode>
        </TextEquiv>
        <TextStyle xHeight="37"/>
      </TextLine>
      <TextLine id="line_436f5174-d5a1-4c33-8a46-1dd4aed15064">
        <Coords points="741,3267 779,3272 815,3248 878,3244 895,3228 947,3231 971,3252 1015,3243 1166,3259 1198,3231 1218,3239 1324,3240 1354,3213 1390,3213 1426,3244 1450,3224 1531,3224 1546,3239 1584,3240 1618,3228 1627,3235 1650,3212 1700,3212 1708,3220 1718,3212 1733,3224 1754,3209 1787,3209 1822,3216 1870,3256 1930,3252 1973,3212 1993,3212 2009,3227 2157,3236 2185,3236 2201,3227 2261,3227 2273,3239 2357,3239 2383,3251 2437,3212 2454,3212 2477,3231 2585,3231 2649,3244 2682,3232 2729,3232 2780,3213 2805,3216 2812,3209 2840,3235 2852,3236 2912,3208 2949,3228 2984,3263 3012,3236 3056,3232 3071,3220 3093,3224 3116,3216 3140,3231 3173,3233 3173,3289 3160,3289 3140,3304 3108,3304 3096,3295 3072,3304 2884,3295 2852,3322 2827,3319 2803,3296 2717,3295 2701,3308 2609,3307 2594,3319 2577,3307 2529,3307 2514,3296 2477,3296 2468,3304 2229,3296 2194,3323 2085,3328 2057,3327 2026,3296 2016,3296 1984,3328 1965,3328 1932,3299 1890,3293 1822,3296 1772,3338 1741,3307 1650,3307 1628,3324 1566,3331 1534,3307 1154,3300 1031,3304 1011,3316 831,3316 790,3347 741,3347"/>
        <Baseline points="768,3302 818,3302 868,3302 918,3301 968,3299 1018,3298 1068,3295 1118,3293 1168,3292 1218,3291 1268,3291 1318,3290 1368,3289 1418,3288 1468,3286 1518,3285 1568,3285 1618,3284 1668,3284 1718,3284 1768,3283 1818,3283 1868,3284 1918,3286 1968,3288 2018,3289 2068,3289 2118,3289 2168,3288 2218,3288 2268,3289 2318,3289 2368,3288 2418,3288 2468,3289 2518,3288 2568,3288 2618,3287 2668,3286 2718,3286 2768,3286 2818,3285 2868,3283 2918,3281 2968,3280 3018,3279 3068,3277 3118,3275 3147,3276"/>
        <Word id="word_10ed2d2a-111d-47f4-b81b-e6c57680d8f9">
          <Coords points="768,3267 818,3267 868,3267 917,3266 967,3264 1017,3263 1046,3261 1048,3306 1018,3308 968,3309 918,3311 868,3312 818,3312 768,3312"/>
          <TextEquiv>
            <Unicode>goederen</Unicode>
          </TextEquiv>
        </Word>
        <Word id="word_920b80c2-e898-415a-884f-9eda45be4cc5">
          <Coords points="1082,3259 1117,3258 1167,3257 1217,3256 1223,3256 1223,3301 1218,3301 1168,3302 1118,3303 1083,3304"/>
          <TextEquiv>
            <Unicode>ende</Unicode>
          </TextEquiv>
        </Word>
        <Word id="word_b7f75f8d-aa57-4795-88b5-ac3afc15bce8">
          <Coords points="1258,3256 1268,3256 1317,3255 1367,3254 1417,3253 1431,3252 1433,3297 1418,3298 1368,3299 1318,3300 1268,3301 1258,3301"/>
          <TextEquiv>
            <Unicode>volck</Unicode>
          </TextEquiv>
        </Word>
        <Word id="word_61dff74e-ed9f-44a6-acf1-13b5918e62c3">
          <Coords points="1466,3251 1467,3251 1517,3250 1538,3250 1538,3295 1518,3295 1468,3296 1468,3296"/>
          <TextEquiv>
            <Unicode>te</Unicode>
          </TextEquiv>
        </Word>
        <Word id="word_3cb8a977-0098-4884-876a-8d01313cf6b8">
          <Coords points="1572,3250 1617,3249 1668,3249 1718,3249 1767,3248 1818,3248 1869,3249 1919,3251 1924,3251 1922,3296 1918,3296 1868,3294 1818,3293 1768,3293 1718,3294 1668,3294 1618,3294 1573,3295"/>
          <TextEquiv>
            <Unicode>verliesen,</Unicode>
          </TextEquiv>
        </Word>
        <Word id="word_db0887b6-235b-4220-9b98-80cd4ad7de6e">
          <Coords points="1959,3253 1969,3253 2019,3254 2027,3254 2027,3299 2018,3299 1968,3298 1957,3298"/>
          <TextEquiv>
            <Unicode>op</Unicode>
          </TextEquiv>
        </Word>
        <Word id="word_888c5b3a-f25d-40bc-9a74-64b107160d3b">
          <Coords points="2062,3254 2068,3254 2118,3254 2167,3253 2168,3298 2118,3299 2068,3299 2062,3299"/>
          <TextEquiv>
            <Unicode>een</Unicode>
          </TextEquiv>
        </Word>
        <Word id="word_e96a242e-fc96-4b3a-b8d7-cb415885f2a0">
          <Coords points="2204,3252 2220,3253 2269,3254 2318,3254 2367,3253 2377,3253 2377,3298 2368,3298 2318,3299 2268,3299 2218,3298 2202,3297"/>
          <TextEquiv>
            <Unicode>lager</Unicode>
          </TextEquiv>
        </Word>
        <Word id="word_7731f876-1613-4325-9b62-502352433fec">
          <Coords points="2412,3253 2418,3253 2469,3254 2517,3253 2517,3298 2468,3299 2418,3298 2412,3298"/>
          <TextEquiv>
            <Unicode>wal</Unicode>
          </TextEquiv>
        </Word>
        <Word id="word_5f5fd2ed-6025-4e6f-9682-93d3478456da">
          <Coords points="2554,3252 2570,3253 2617,3252 2657,3251 2657,3296 2618,3297 2568,3298 2552,3297"/>
          <TextEquiv>
            <Unicode>van</Unicode>
          </TextEquiv>
        </Word>
        <Word id="word_f70164ed-0a4b-4e49-910a-7875aa72ddf3">
          <Coords points="2693,3251 2719,3251 2768,3251 2796,3250 2797,3295 2768,3296 2718,3296 2692,3296"/>
          <TextEquiv>
            <Unicode>ons</Unicode>
          </TextEquiv>
        </Word>
        <Word id="word_d6e334d2-2b03-4781-835d-1556abf1cd66">
          <Coords points="2831,3250 2866,3248 2917,3246 2967,3245 3017,3244 3067,3242 3117,3240 3148,3241 3147,3286 3118,3285 3068,3287 3018,3289 2968,3290 2918,3291 2868,3293 2833,3295"/>
          <TextEquiv>
            <Unicode>vaderland</Unicode>
          </TextEquiv>
        </Word>
        <TextEquiv conf="0.9425195288351095">
          <Unicode>goederen ende volck te verliesen, op een lager wal van ons vaderland</Unicode>
        </TextEquiv>
        <TextStyle xHeight="32"/>
      </TextLine>
      <TextLine id="d77014ec-a274-4800-a278-a95fbc94625c">
        <Coords points="736,3346 790,3346 826,3318 1146,3299 1299,3299 1326,3311 1535,3306 1561,3329 1581,3330 1626,3295 1641,3306 1740,3306 1776,3338 1821,3295 1933,3298 1953,3306 1977,3330 2013,3299 2030,3299 2049,3317 2101,3317 2113,3325 2141,3326 2182,3318 2201,3322 2225,3306 2471,3303 2497,3295 2525,3298 2537,3310 2581,3310 2591,3318 2612,3306 2704,3307 2748,3295 2803,3295 2826,3318 2852,3321 2879,3298 3072,3303 3096,3294 3116,3313 3148,3306 3177,3320 3177,3377 3108,3386 3075,3413 3044,3413 3024,3397 2916,3385 2877,3421 2867,3421 2831,3385 2780,3379 2772,3386 2748,3386 2696,3433 2672,3433 2660,3424 2648,3431 2624,3407 2588,3407 2565,3386 2555,3394 2549,3388 2297,3388 2269,3390 2257,3402 2169,3402 2149,3385 2127,3382 2077,3418 2002,3428 1965,3428 1929,3393 1919,3389 1905,3398 1890,3386 1741,3389 1725,3401 1517,3401 1474,3390 1373,3390 1338,3394 1269,3448 1238,3444 1194,3401 1178,3397 1114,3398 1077,3433 1041,3398 946,3398 922,3418 890,3417 877,3429 853,3417 736,3418"/>
        <Baseline points="763,3396 813,3395 863,3391 913,3389 963,3386 1013,3384 1063,3382 1113,3380 1163,3378 1213,3377 1263,3377 1313,3377 1363,3376 1413,3375 1463,3373 1513,3372 1563,3372 1613,3372 1663,3372 1713,3369 1763,3368 1813,3367 1863,3367 1913,3373 1963,3377 2013,3380 2063,3377 2113,3375 2163,3375 2213,3374 2263,3374 2313,3376 2363,3377 2413,3374 2463,3374 2513,3375 2563,3375 2613,3373 2663,3374 2713,3373 2763,3372 2813,3371 2863,3371 2913,3369 2963,3368 3013,3366 3063,3363 3113,3361 3151,3364"/>
        <Word id="word_bef831ad-ca80-4206-9643-75bf8f051c64">
          <Coords points="762,3361 812,3360 840,3358 843,3403 813,3405 763,3406"/>
          <TextEquiv>
            <Unicode>te</Unicode>
          </TextEquiv>
        </Word>
        <Word id="word_0ea3320e-0c0f-483f-9f21-da656a297124">
          <Coords points="882,3354 912,3354 961,3351 1012,3349 1062,3347 1112,3345 1162,3343 1212,3342 1240,3342 1240,3387 1213,3387 1163,3388 1113,3390 1063,3392 1013,3394 964,3396 913,3399 882,3399"/>
          <TextEquiv>
            <Unicode>geraecken</Unicode>
          </TextEquiv>
        </Word>
        <Word id="word_dfbb22da-cfff-4f89-a47f-c386f11605e4">
          <Coords points="1280,3342 1313,3342 1362,3341 1412,3340 1462,3338 1512,3337 1519,3337 1519,3382 1513,3382 1463,3383 1413,3385 1363,3386 1313,3387 1280,3387"/>
          <TextEquiv>
            <Unicode>daernu</Unicode>
          </TextEquiv>
        </Word>
        <Word id="word_032cde3c-762d-4f81-b164-38ca287ca4a3">
          <Coords points="1559,3337 1563,3337 1613,3337 1639,3337 1639,3382 1613,3382 1563,3382 1559,3382"/>
          <TextEquiv>
            <Unicode>de</Unicode>
          </TextEquiv>
        </Word>
        <Word id="word_3ee28583-6685-4a2f-b7ff-2bcce5c47866">
          <Coords points="1676,3337 1710,3334 1762,3333 1812,3332 1863,3332 1917,3338 1960,3342 1956,3386 1912,3383 1863,3377 1813,3377 1763,3378 1714,3379 1679,3382"/>
          <TextEquiv>
            <Unicode>Compen.</Unicode>
          </TextEquiv>
        </Word>
        <Word id="word_4d50d8d6-e37c-4678-84e0-11ff66f104cb">
          <Coords points="1997,3345 2014,3345 2061,3342 2112,3340 2163,3340 2212,3339 2263,3339 2277,3340 2275,3384 2263,3384 2213,3384 2163,3385 2113,3385 2064,3387 2013,3390 1996,3390"/>
          <TextEquiv>
            <Unicode>schepen</Unicode>
          </TextEquiv>
        </Word>
        <Word id="word_57d18f2a-64e9-41cb-93a6-4353a5984581">
          <Coords points="2316,3341 2364,3342 2411,3339 2463,3339 2475,3339 2474,3384 2463,3384 2414,3384 2363,3387 2315,3386"/>
          <TextEquiv>
            <Unicode>Gode</Unicode>
          </TextEquiv>
        </Word>
        <Word id="word_f6b4c72b-4a4f-415b-a08b-fcf30756a8e6">
          <Coords points="2514,3340 2563,3340 2612,3338 2664,3339 2712,3338 2752,3337 2753,3382 2713,3383 2663,3384 2613,3383 2563,3385 2514,3385"/>
          <TextEquiv>
            <Unicode>blijft</Unicode>
          </TextEquiv>
        </Word>
        <Word id="word_f268f71f-0047-4bc9-ad25-9a9430dcce05">
          <Coords points="2792,3336 2812,3336 2863,3336 2912,3334 2962,3333 3012,3331 3061,3328 3112,3326 3154,3329 3150,3374 3113,3371 3064,3373 3013,3376 2963,3378 2913,3379 2863,3381 2813,3381 2793,3381"/>
          <TextEquiv>
            <Unicode>daervoren</Unicode>
          </TextEquiv>
        </Word>
        <TextEquiv conf="0.9071894164508173">
          <Unicode>te geraecken daernu de Compen. schepen Gode blijft daervoren</Unicode>
        </TextEquiv>
        <TextStyle xHeight="35"/>
      </TextLine>
      <TextLine id="e297c7c7-e5f6-465e-a92c-74f50417b86b">
        <Coords points="736,3427 844,3427 854,3435 885,3419 918,3420 946,3396 998,3392 1067,3392 1077,3400 1154,3385 1697,3392 1721,3388 1733,3377 1753,3392 1851,3396 1878,3380 1905,3396 1916,3388 1930,3392 1965,3427 1997,3428 2013,3419 2077,3420 2113,3385 2149,3387 2165,3400 2257,3400 2297,3385 2565,3388 2645,3381 2695,3431 2748,3385 2776,3381 2800,3392 2832,3387 2871,3426 2888,3412 2972,3408 2987,3395 3021,3395 3044,3412 3064,3396 3104,3392 3128,3373 3140,3373 3168,3399 3185,3403 3185,3461 3099,3545 3090,3541 3081,3549 3047,3528 2977,3465 2924,3497 2910,3484 2864,3481 2824,3505 2797,3480 2588,3485 2522,3477 2511,3485 2436,3473 2409,3485 2345,3485 2319,3509 2257,3500 2239,3489 2227,3501 2201,3501 2177,3525 2141,3525 2093,3500 2065,3500 2042,3477 2028,3489 1997,3489 1982,3504 1960,3488 1925,3484 1873,3497 1839,3492 1829,3501 1641,3488 1434,3501 1421,3488 1306,3480 1274,3508 1256,3492 1222,3492 1214,3484 1202,3494 1182,3484 1082,3493 1022,3492 971,3481 834,3485 810,3508 769,3484 736,3480"/>
        <Baseline points="763,3474 813,3477 863,3477 913,3474 963,3471 1013,3470 1063,3469 1113,3468 1163,3466 1213,3464 1263,3463 1313,3462 1363,3462 1413,3461 1463,3461 1513,3461 1563,3461 1613,3461 1663,3461 1713,3462 1763,3462 1813,3461 1863,3460 1913,3461 1963,3462 2013,3462 2063,3464 2113,3465 2163,3465 2213,3464 2263,3463 2313,3464 2363,3464 2413,3464 2463,3465 2513,3465 2563,3465 2613,3466 2663,3465 2713,3465 2763,3463 2813,3460 2863,3457 2913,3456 2963,3455 3013,3455 3063,3452 3113,3451 3159,3447"/>
        <Word id="word_97070ec2-85db-4a91-b94d-62d6e5f363c0">
          <Coords points="765,3439 815,3442 863,3442 911,3439 961,3436 1012,3435 1062,3434 1094,3433 1095,3478 1063,3479 1013,3480 964,3481 914,3484 863,3487 812,3487 762,3484"/>
          <TextEquiv>
            <Unicode>gedanckt,</Unicode>
          </TextEquiv>
        </Word>
        <Word id="word_0f7c4ca9-1b5a-4561-b29e-7bfe798c9941">
          <Coords points="1130,3433 1161,3431 1204,3429 1206,3474 1164,3476 1132,3478"/>
          <TextEquiv>
            <Unicode>in</Unicode>
          </TextEquiv>
        </Word>
        <Word id="word_d0937b03-3b65-4236-a5da-814785665c12">
          <Coords points="1242,3428 1263,3428 1312,3427 1363,3427 1412,3426 1426,3426 1426,3471 1413,3471 1363,3472 1313,3472 1263,3473 1242,3473"/>
          <TextEquiv>
            <Unicode>salvo</Unicode>
          </TextEquiv>
        </Word>
        <Word id="word_33a8c2a2-cda7-4e08-97a8-39afc5c98f1a">
          <Coords points="1463,3426 1513,3426 1563,3426 1611,3426 1611,3471 1563,3471 1513,3471 1463,3471"/>
          <TextEquiv>
            <Unicode>sijn</Unicode>
          </TextEquiv>
        </Word>
        <Word id="word_dea4522d-740d-4ecc-9496-282f77861a70">
          <Coords points="1648,3426 1663,3426 1714,3427 1763,3427 1812,3426 1862,3425 1914,3426 1943,3427 1942,3472 1913,3471 1863,3470 1813,3471 1763,3472 1713,3472 1663,3471 1648,3471"/>
          <TextEquiv>
            <Unicode>geraeckt</Unicode>
          </TextEquiv>
        </Word>
        <Word id="word_908427a8-468a-4d6d-81e7-c0839c11b61c">
          <Coords points="1979,3427 2013,3427 2064,3429 2091,3430 2090,3475 2063,3474 2013,3472 1980,3472"/>
          <TextEquiv>
            <Unicode>met</Unicode>
          </TextEquiv>
        </Word>
        <Word id="word_298cd4b1-e497-4ea6-95ab-ba622d6d2639">
          <Coords points="2127,3430 2163,3430 2212,3429 2262,3428 2314,3429 2348,3429 2348,3474 2313,3474 2263,3473 2213,3474 2163,3475 2127,3475"/>
          <TextEquiv>
            <Unicode>gesont</Unicode>
          </TextEquiv>
        </Word>
        <Word id="word_9ee1a9f0-d30d-45ab-b7c9-78852441a884">
          <Coords points="2385,3429 2413,3429 2464,3430 2513,3430 2563,3430 2607,3431 2606,3476 2563,3475 2513,3475 2463,3475 2413,3474 2385,3474"/>
          <TextEquiv>
            <Unicode>volck,</Unicode>
          </TextEquiv>
        </Word>
        <Word id="word_5fb57825-0d17-47a8-94eb-08e4aa81cfc3">
          <Coords points="2640,3432 2660,3430 2680,3430 2680,3475 2664,3475 2644,3477"/>
          <TextEquiv>
            <Unicode>U</Unicode>
          </TextEquiv>
        </Word>
        <Word id="word_3af09092-aa91-43bd-a0c3-3228f8ded687">
          <Coords points="2715,3430 2761,3428 2811,3425 2825,3424 2828,3469 2814,3470 2763,3473 2717,3475"/>
          <TextEquiv>
            <Unicode>Ed:</Unicode>
          </TextEquiv>
        </Word>
        <Word id="word_9f975d6a-747d-4fc2-af4c-f32268637a22">
          <Coords points="2864,3422 2912,3421 2962,3420 3013,3420 3061,3417 3112,3416 3156,3412 3160,3457 3113,3461 3064,3462 3013,3465 2963,3465 2913,3466 2864,3467"/>
          <TextEquiv>
            <Unicode>gelieven</Unicode>
          </TextEquiv>
        </Word>
        <TextEquiv conf="0.9156608469904467">
          <Unicode>gedanckt, in salvo sijn geraeckt met gesont volck, U Ed: gelieven</Unicode>
        </TextEquiv>
        <TextStyle xHeight="39"/>
      </TextLine>
      <TextLine id="line_45bfac00-c95b-4247-8be9-a167d6e6a2ae">
        <Coords points="744,3476 779,3488 801,3508 834,3485 906,3481 1082,3492 1182,3484 1194,3495 1214,3484 1226,3493 1258,3493 1275,3507 1306,3480 1419,3488 1438,3504 1502,3491 1538,3496 1634,3488 1718,3491 1730,3499 1828,3500 1836,3492 1882,3496 1918,3484 1959,3488 1982,3504 1998,3489 2027,3489 2039,3480 2062,3495 2110,3495 2142,3527 2170,3528 2202,3500 2228,3500 2240,3488 2254,3499 2318,3508 2342,3485 2406,3485 2436,3473 2578,3480 2590,3491 2743,3488 2766,3495 2788,3515 2798,3508 2814,3512 2863,3480 2877,3477 2898,3489 2939,3488 2971,3465 3022,3499 3062,3504 3079,3496 3079,3553 3071,3560 2990,3552 2971,3564 2858,3572 2825,3603 2806,3608 2795,3599 2785,3607 2750,3606 2734,3591 2694,3587 2582,3588 2554,3567 2497,3567 2490,3560 2473,3572 2406,3572 2346,3563 2178,3563 2150,3557 2114,3564 2101,3576 2014,3576 1995,3560 1302,3568 1238,3572 1214,3596 1186,3595 1159,3572 744,3584"/>
        <Baseline points="771,3574 821,3570 871,3569 921,3568 971,3566 1021,3563 1071,3561 1121,3559 1171,3557 1221,3557 1271,3555 1321,3554 1371,3554 1421,3553 1471,3554 1521,3556 1571,3554 1621,3552 1671,3551 1721,3551 1771,3551 1821,3550 1871,3550 1921,3547 1971,3548 2021,3550 2071,3552 2121,3551 2171,3550 2221,3551 2271,3550 2321,3549 2371,3549 2421,3549 2471,3549 2521,3549 2571,3548 2621,3548 2671,3550 2721,3549 2771,3546 2821,3543 2871,3541 2921,3541 2971,3541 3021,3541 3053,3539"/>
        <Word id="word_5f31a171-a5e0-499c-ab07-ddcd3423d30e">
          <Coords points="768,3539 818,3535 870,3534 888,3534 889,3579 871,3579 822,3580 772,3584"/>
          <TextEquiv>
            <Unicode>dan</Unicode>
          </TextEquiv>
        </Word>
        <Word id="word_112534fd-1d38-4ea8-8a86-9548978a7b2e">
          <Coords points="927,3533 969,3531 1005,3529 1008,3574 971,3576 929,3578"/>
          <TextEquiv>
            <Unicode>te</Unicode>
          </TextEquiv>
        </Word>
        <Word id="word_41ab5b61-e1ce-4a74-a358-a65400256a44">
          <Coords points="1046,3526 1070,3526 1120,3524 1170,3522 1221,3522 1270,3520 1320,3519 1371,3519 1420,3518 1472,3519 1520,3521 1518,3566 1471,3564 1421,3563 1371,3564 1321,3564 1271,3565 1221,3567 1171,3567 1121,3569 1071,3571 1046,3571"/>
          <TextEquiv>
            <Unicode>considereren</Unicode>
          </TextEquiv>
        </Word>
        <Word id="word_b86cab02-8d71-4df9-812e-f89f28a89e13">
          <Coords points="1549,3524 1562,3520 1620,3517 1670,3516 1675,3516 1675,3561 1671,3561 1621,3562 1574,3564 1560,3567"/>
          <TextEquiv>
            <Unicode>wat</Unicode>
          </TextEquiv>
        </Word>
        <Word id="word_233bb7a3-1c1d-4e9d-91d6-a964e285a874">
          <Coords points="1715,3516 1721,3516 1771,3516 1820,3515 1871,3515 1919,3512 1972,3513 2022,3515 2031,3515 2029,3560 2021,3560 1971,3558 1922,3557 1871,3560 1821,3560 1771,3561 1721,3561 1715,3561"/>
          <TextEquiv>
            <Unicode>voordeel</Unicode>
          </TextEquiv>
        </Word>
        <Word id="word_7a7d8ebe-6770-4578-9469-83fa6a1b5079">
          <Coords points="2070,3517 2072,3517 2120,3516 2170,3515 2188,3515 2187,3560 2171,3560 2121,3561 2071,3562 2068,3562"/>
          <TextEquiv>
            <Unicode>den</Unicode>
          </TextEquiv>
        </Word>
        <Word id="word_7ab9124d-2e47-4122-b2f6-b534cf9d2cf3">
          <Coords points="2225,3516 2270,3515 2320,3514 2371,3514 2421,3514 2471,3514 2521,3514 2570,3513 2621,3513 2661,3515 2659,3560 2621,3558 2571,3558 2521,3559 2471,3559 2421,3559 2371,3559 2321,3559 2271,3560 2226,3561"/>
          <TextEquiv>
            <Unicode>drommedaris</Unicode>
          </TextEquiv>
        </Word>
        <Word id="word_39f8f50d-386c-42e6-98a6-541077e583f6">
          <Coords points="2695,3516 2718,3514 2769,3511 2775,3511 2778,3556 2772,3556 2722,3559 2699,3561"/>
          <TextEquiv>
            <Unicode>en</Unicode>
          </TextEquiv>
        </Word>
        <Word id="word_c75a5907-55a2-43b6-a186-349741274789">
          <Coords points="2814,3508 2819,3508 2870,3506 2921,3506 2971,3506 3021,3506 3050,3504 3053,3549 3021,3551 2971,3551 2921,3551 2871,3551 2822,3553 2817,3553"/>
          <TextEquiv>
            <Unicode>Campen</Unicode>
          </TextEquiv>
        </Word>
        <TextEquiv conf="0.9578211242132995">
          <Unicode>dan te considereren wat voordeel den drommedaris en Campen</Unicode>
        </TextEquiv>
        <TextStyle xHeight="35"/>
      </TextLine>
      <TextLine id="line_1d655c10-4d1a-43e3-b4ce-5dab130f3823">
        <Coords points="742,3583 1165,3567 1192,3594 1216,3595 1244,3571 1982,3558 2015,3575 2103,3575 2119,3559 2176,3559 2347,3562 2395,3566 2403,3574 2474,3574 2481,3581 2497,3566 2510,3578 2519,3571 2563,3570 2583,3587 2734,3590 2751,3606 2790,3610 2797,3604 2805,3610 2875,3570 3032,3582 3032,3638 3015,3630 2990,3635 2979,3646 2947,3646 2931,3638 2822,3643 2801,3658 2796,3653 2743,3679 2723,3674 2714,3683 2647,3674 2539,3675 2499,3666 2471,3690 2435,3690 2407,3678 2191,3679 2179,3670 2122,3670 2087,3647 2071,3659 1999,3663 1983,3679 1963,3679 1946,3694 1915,3693 1875,3654 1836,3679 1759,3678 1746,3690 1716,3689 1683,3658 1559,3655 1524,3687 1420,3690 1357,3659 1264,3659 1164,3667 1116,3663 1088,3690 1008,3690 992,3678 972,3678 948,3698 884,3702 872,3710 742,3701"/>
        <Baseline points="769,3666 819,3663 869,3661 919,3659 969,3657 1019,3656 1069,3654 1119,3652 1169,3651 1219,3650 1269,3648 1319,3647 1369,3646 1419,3646 1469,3646 1519,3645 1569,3646 1619,3644 1669,3643 1719,3644 1769,3644 1819,3643 1869,3644 1919,3643 1969,3643 2019,3642 2069,3641 2119,3639 2169,3638 2219,3638 2269,3637 2319,3636 2369,3635 2419,3634 2469,3635 2519,3636 2569,3635 2619,3635 2669,3636 2719,3635 2769,3634 2819,3633 2869,3631 2919,3628 2969,3625 3006,3625"/>
        <Word id="word_c722036f-a6c9-4c68-b41f-fb2250fbe094">
          <Coords points="767,3631 817,3628 868,3626 876,3626 878,3671 869,3671 820,3673 770,3676"/>
          <TextEquiv>
            <Unicode>bij</Unicode>
          </TextEquiv>
        </Word>
        <Word id="word_786d17d5-f8c9-4b3d-a54d-870a8244adc0">
          <Coords points="912,3624 918,3624 968,3622 1018,3621 1068,3619 1118,3617 1168,3616 1201,3615 1202,3660 1169,3661 1119,3662 1069,3664 1019,3666 969,3667 919,3669 914,3669"/>
          <TextEquiv>
            <Unicode>t'achter</Unicode>
          </TextEquiv>
        </Word>
        <Word id="word_ff754b08-9259-4179-a293-2fb98c4999cc">
          <Coords points="1236,3615 1267,3613 1309,3612 1310,3657 1270,3658 1238,3660"/>
          <TextEquiv>
            <Unicode>om</Unicode>
          </TextEquiv>
        </Word>
        <Word id="word_5885e02f-bbb4-4ad5-8299-84f1f9e69e55">
          <Coords points="1345,3611 1368,3611 1419,3611 1469,3611 1518,3610 1527,3610 1526,3655 1519,3655 1469,3656 1419,3656 1369,3656 1346,3656"/>
          <TextEquiv>
            <Unicode>lopen</Unicode>
          </TextEquiv>
        </Word>
        <Word id="word_0bbfb03b-19d8-42b7-bf2b-4f7af0971896">
          <Coords points="1563,3611 1570,3611 1618,3609 1668,3608 1720,3609 1769,3609 1778,3609 1779,3654 1769,3654 1719,3654 1669,3653 1619,3654 1569,3656 1562,3656"/>
          <TextEquiv>
            <Unicode>hebben</Unicode>
          </TextEquiv>
        </Word>
        <Word id="word_6e008034-4b63-4b25-8820-ab6399cd7e80">
          <Coords points="1815,3608 1818,3608 1870,3609 1918,3608 1969,3608 2018,3607 2067,3606 2068,3651 2019,3652 1969,3653 1919,3653 1869,3654 1819,3653 1815,3653"/>
          <TextEquiv>
            <Unicode>gehadt,</Unicode>
          </TextEquiv>
        </Word>
        <Word id="word_a0e5362c-931f-4a96-8852-87d1e9008c21">
          <Coords points="2101,3605 2116,3604 2168,3603 2212,3603 2212,3648 2169,3648 2120,3649 2105,3650"/>
          <TextEquiv>
            <Unicode>die</Unicode>
          </TextEquiv>
        </Word>
        <Word id="word_8ba6503a-2a0a-4fa6-9521-b9862465de6c">
          <Coords points="2247,3603 2267,3602 2318,3601 2356,3600 2357,3645 2319,3646 2269,3647 2249,3648"/>
          <TextEquiv>
            <Unicode>tot</Unicode>
          </TextEquiv>
        </Word>
        <Word id="word_638b2ae7-2c2e-412a-bbbc-b4a62b4138de">
          <Coords points="2392,3600 2418,3599 2470,3600 2520,3601 2568,3600 2573,3600 2573,3645 2569,3645 2519,3646 2469,3645 2419,3644 2393,3645"/>
          <TextEquiv>
            <Unicode>heden</Unicode>
          </TextEquiv>
        </Word>
        <Word id="word_044a9222-5f26-4664-8819-e9c709a97e89">
          <Coords points="2609,3600 2619,3600 2670,3601 2718,3600 2753,3599 2754,3644 2719,3645 2669,3646 2619,3645 2609,3645"/>
          <TextEquiv>
            <Unicode>noch</Unicode>
          </TextEquiv>
        </Word>
        <Word id="word_352d2300-27a1-4537-83d3-14d4fdaae88a">
          <Coords points="2789,3599 2818,3598 2868,3596 2917,3593 2967,3590 3006,3590 3006,3635 2970,3635 2920,3638 2869,3641 2819,3643 2790,3644"/>
          <TextEquiv>
            <Unicode>geemis</Unicode>
          </TextEquiv>
        </Word>
        <TextEquiv conf="0.9140445571340208">
          <Unicode>bij t'achter om lopen hebben gehadt, die tot heden noch geemis</Unicode>
        </TextEquiv>
        <TextStyle xHeight="38"/>
      </TextLine>
      <TextLine id="line_77a78ffa-e8e3-443a-a8c1-875d2993243c">
        <Coords points="3001,3587 3043,3578 3070,3582 3082,3574 3082,3631 3071,3642 3015,3630 3001,3635"/>
        <Baseline points="3028,3617 3056,3617"/>
        <Word id="word_1e58e7a1-7850-4a7d-854a-b749c87eb03c">
          <Coords points="3028,3582 3056,3582 3056,3627 3028,3627"/>
          <TextEquiv>
            <Unicode>£</Unicode>
          </TextEquiv>
        </Word>
        <TextEquiv conf="0.5491986870765686">
          <Unicode>£</Unicode>
        </TextEquiv>
        <TextStyle xHeight="21"/>
      </TextLine>
      <TextLine id="line_94e900ba-cce7-4a1f-931e-9f70ed45252e">
        <Coords points="733,3704 933,3709 971,3676 987,3676 1003,3689 1091,3689 1119,3662 1295,3654 1354,3657 1410,3684 1458,3684 1478,3692 1502,3716 1534,3716 1542,3724 1566,3721 1634,3658 1682,3657 1706,3677 1755,3669 1770,3681 1834,3681 1875,3654 1914,3692 1930,3693 1946,3693 1974,3665 2074,3658 2082,3650 2098,3653 2120,3673 2162,3668 2190,3677 2317,3681 2406,3676 2434,3692 2466,3692 2529,3673 2645,3672 2701,3685 2728,3673 2745,3681 2757,3669 2784,3662 2804,3642 2890,3649 2982,3646 2997,3639 3021,3661 3057,3669 3078,3665 3078,3721 3024,3718 3007,3733 2965,3722 2949,3726 2898,3772 2884,3760 2874,3769 2833,3760 2803,3778 2797,3772 2745,3775 2729,3784 2705,3764 2641,3764 2625,3748 2463,3744 2440,3764 2374,3748 2302,3748 2291,3741 2210,3741 2170,3780 2130,3748 2094,3761 2050,3760 2031,3741 1730,3745 1690,3784 1658,3779 1623,3745 1478,3745 1446,3757 1207,3753 1192,3765 1067,3769 1027,3769 1000,3757 887,3761 877,3769 835,3773 823,3765 733,3769"/>
        <Baseline points="760,3759 810,3756 860,3753 910,3752 960,3750 1010,3747 1060,3747 1110,3748 1160,3747 1210,3745 1260,3743 1310,3743 1360,3742 1410,3741 1460,3739 1510,3735 1560,3734 1610,3735 1660,3735 1710,3735 1760,3734 1810,3733 1860,3733 1910,3733 1960,3732 2010,3732 2060,3733 2110,3733 2160,3733 2210,3733 2260,3733 2310,3733 2360,3731 2410,3731 2460,3733 2510,3735 2560,3735 2610,3735 2660,3735 2710,3734 2760,3732 2810,3724 2860,3719 2910,3716 2960,3714 3010,3711 3052,3708"/>
        <Word id="word_3d9efbea-6ce8-40ae-88cb-55f360fe9f05">
          <Coords points="758,3724 808,3721 858,3718 909,3717 959,3715 999,3713 1002,3758 960,3760 910,3762 861,3763 811,3766 761,3769"/>
          <TextEquiv>
            <Unicode>worden</Unicode>
          </TextEquiv>
        </Word>
        <Word id="word_8af48db9-2fb5-4ec5-8dd7-455db9a3bdea">
          <Coords points="1045,3710 1064,3712 1111,3713 1159,3712 1201,3710 1203,3755 1160,3757 1110,3758 1059,3757 1040,3755"/>
          <TextEquiv>
            <Unicode>ende</Unicode>
          </TextEquiv>
        </Word>
        <Word id="word_d02289c5-1d63-442d-af0f-5b1f4b21920d">
          <Coords points="1241,3709 1259,3708 1310,3708 1359,3707 1409,3706 1442,3705 1444,3750 1410,3751 1360,3752 1310,3753 1260,3753 1243,3754"/>
          <TextEquiv>
            <Unicode>aende</Unicode>
          </TextEquiv>
        </Word>
        <Word id="word_b0772fa5-8f83-44d9-a563-547c6bbae15d">
          <Coords points="1480,3703 1506,3700 1559,3699 1611,3700 1645,3700 1645,3745 1610,3745 1560,3744 1511,3745 1485,3748"/>
          <TextEquiv>
            <Unicode>Caap</Unicode>
          </TextEquiv>
        </Word>
        <Word id="word_8e1bc8fb-c782-4a65-b80b-9393b54ca953">
          <Coords points="1685,3700 1710,3700 1759,3699 1765,3699 1766,3744 1760,3744 1710,3745 1685,3745"/>
          <TextEquiv>
            <Unicode>de</Unicode>
          </TextEquiv>
        </Word>
        <Word id="word_c4a73203-94f2-4d49-933e-d7b550d61b20">
          <Coords points="1805,3698 1809,3698 1860,3698 1910,3698 1959,3697 2007,3697 2007,3742 1960,3742 1910,3743 1860,3743 1810,3743 1806,3743"/>
          <TextEquiv>
            <Unicode>bonne</Unicode>
          </TextEquiv>
        </Word>
        <Word id="word_b9218655-2cce-43e7-8dd0-5099e1c0f63c">
          <Coords points="2050,3697 2063,3698 2110,3698 2160,3698 2210,3698 2260,3698 2310,3698 2359,3696 2409,3696 2409,3741 2360,3741 2310,3743 2260,3743 2210,3743 2160,3743 2110,3743 2059,3743 2046,3742"/>
          <TextEquiv>
            <Unicode>Esperance</Unicode>
          </TextEquiv>
        </Word>
        <Word id="word_3b8a2bb6-c7db-4184-b0cc-021bf346f6bf">
          <Coords points="2456,3697 2467,3699 2511,3700 2560,3700 2610,3700 2610,3700 2610,3745 2610,3745 2560,3745 2510,3745 2458,3743 2448,3741"/>
          <TextEquiv>
            <Unicode>niet</Unicode>
          </TextEquiv>
        </Word>
        <Word id="word_6f363f58-11e3-456b-add2-7bf0146c8a55">
          <Coords points="2650,3700 2660,3700 2709,3699 2759,3697 2804,3689 2857,3684 2908,3681 2959,3679 3008,3676 3049,3673 3052,3718 3011,3721 2960,3724 2911,3726 2861,3729 2812,3734 2760,3742 2710,3744 2660,3745 2650,3745"/>
          <TextEquiv>
            <Unicode>verschenen</Unicode>
          </TextEquiv>
        </Word>
        <TextEquiv conf="0.9328877870317495">
          <Unicode>worden ende aende Caap de bonne Esperance niet verschenen</Unicode>
        </TextEquiv>
        <TextStyle xHeight="36"/>
      </TextLine>
      <TextLine id="line_870f99c9-c882-434b-bf64-ffa8d39e3a65">
        <Coords points="723,3777 885,3774 897,3762 957,3758 1191,3762 1199,3754 1444,3754 1452,3746 1617,3742 1688,3801 1744,3746 2108,3742 2129,3745 2171,3778 2207,3742 2292,3742 2327,3758 2415,3754 2423,3747 2444,3753 2455,3745 2619,3745 2643,3762 2707,3765 2728,3782 2827,3766 2846,3777 2887,3778 2897,3785 2970,3722 3014,3738 3094,3729 3131,3766 3155,3757 3155,3814 3082,3885 3050,3897 3018,3897 2990,3921 2973,3925 2926,3925 2862,3861 2835,3865 2811,3845 2667,3844 2643,3862 2571,3862 2544,3838 2521,3853 2515,3847 2487,3849 2471,3833 2447,3834 2434,3845 2359,3850 2259,3850 2223,3838 2191,3865 2183,3859 2111,3862 2075,3853 2043,3858 2011,3889 1989,3881 1951,3845 1932,3838 1890,3873 1836,3873 1816,3881 1748,3872 1732,3857 1451,3862 1440,3853 1356,3853 1332,3842 1192,3846 1161,3876 1143,3861 1135,3869 1089,3862 1073,3877 929,3877 901,3857 873,3857 857,3869 801,3873 788,3881 723,3881"/>
        <Baseline points="750,3844 800,3845 850,3844 900,3842 950,3842 1000,3840 1050,3839 1100,3839 1150,3838 1200,3837 1250,3835 1300,3834 1350,3833 1400,3831 1450,3831 1500,3830 1550,3831 1600,3833 1650,3832 1700,3831 1750,3829 1800,3828 1850,3826 1900,3826 1950,3825 2000,3826 2050,3825 2100,3824 2150,3824 2200,3824 2250,3822 2300,3822 2350,3823 2400,3823 2450,3822 2500,3822 2550,3822 2600,3822 2650,3821 2700,3820 2750,3819 2800,3818 2850,3812 2900,3810 2950,3808 3000,3807 3050,3806 3100,3804 3129,3800"/>
        <Word id="word_255ba6fa-0917-42f7-b4d1-afec5775216f">
          <Coords points="751,3809 801,3810 849,3809 899,3807 950,3807 999,3805 1018,3805 1019,3850 1000,3850 950,3852 900,3852 850,3854 800,3855 750,3854"/>
          <TextEquiv>
            <Unicode>gelijck</Unicode>
          </TextEquiv>
        </Word>
        <Word id="word_8961d9a7-d78e-48d1-8310-fecba256a75c">
          <Coords points="1057,3804 1100,3804 1133,3803 1134,3848 1100,3849 1057,3849"/>
          <TextEquiv>
            <Unicode>u.</Unicode>
          </TextEquiv>
        </Word>
        <Word id="word_8403ac32-1feb-4e34-8baa-b0de9214925d">
          <Coords points="1171,3803 1199,3802 1249,3800 1287,3799 1288,3844 1250,3845 1200,3847 1172,3848"/>
          <TextEquiv>
            <Unicode>Ed:</Unicode>
          </TextEquiv>
        </Word>
        <Word id="word_47f04d32-8432-4752-ae04-bf2df384c183">
          <Coords points="1325,3798 1349,3798 1399,3796 1441,3796 1441,3841 1400,3841 1350,3843 1326,3843"/>
          <TextEquiv>
            <Unicode>per</Unicode>
          </TextEquiv>
        </Word>
        <Word id="word_2270ec11-0759-4584-8081-e5a100f466eb">
          <Coords points="1478,3796 1498,3795 1551,3796 1557,3796 1556,3841 1550,3841 1500,3840 1480,3841"/>
          <TextEquiv>
            <Unicode>t'</Unicode>
          </TextEquiv>
        </Word>
        <Word id="word_e8a4e975-55ae-420a-ab4f-bfdf9261038e">
          <Coords points="1596,3798 1601,3798 1649,3797 1699,3796 1749,3794 1799,3793 1849,3791 1900,3791 1939,3790 1940,3835 1900,3836 1850,3836 1800,3838 1750,3839 1700,3841 1650,3842 1600,3843 1594,3843"/>
          <TextEquiv>
            <Unicode>Engelsche</Unicode>
          </TextEquiv>
        </Word>
        <Word id="word_0b1ab66f-3d8a-4b8b-a130-480947f39fde">
          <Coords points="1981,3790 2002,3791 2049,3790 2099,3789 2150,3789 2170,3789 2170,3834 2150,3834 2100,3834 2050,3835 1999,3836 1977,3834"/>
          <TextEquiv>
            <Unicode>schip</Unicode>
          </TextEquiv>
        </Word>
        <Word id="word_d882339a-6ddd-49c3-a2b2-180ec1611cfb">
          <Coords points="2207,3789 2248,3787 2300,3787 2351,3788 2400,3788 2400,3788 2400,3833 2400,3833 2350,3833 2300,3832 2250,3832 2209,3834"/>
          <TextEquiv>
            <Unicode>vande</Unicode>
          </TextEquiv>
        </Word>
        <Word id="word_9d429b56-0f84-42bd-a7d5-94252d853f0b">
          <Coords points="2438,3787 2449,3787 2500,3787 2550,3787 2600,3787 2649,3786 2699,3785 2749,3784 2799,3783 2846,3777 2899,3775 2936,3774 2938,3818 2900,3820 2851,3822 2800,3828 2750,3829 2700,3830 2650,3831 2600,3832 2550,3832 2500,3832 2450,3832 2439,3832"/>
          <TextEquiv>
            <Unicode>bovengenoemde</Unicode>
          </TextEquiv>
        </Word>
        <Word id="word_d72ac045-6299-49cb-b409-08d4f3f046b7">
          <Coords points="2976,3772 3000,3772 3049,3771 3099,3769 3124,3765 3130,3810 3100,3814 3050,3816 3000,3817 2976,3817"/>
          <TextEquiv>
            <Unicode>Caap</Unicode>
          </TextEquiv>
        </Word>
        <TextEquiv conf="0.9213045351633252">
          <Unicode>gelijck u. Ed: per t' Engelsche schip vande bovengenoemde Caap</Unicode>
        </TextEquiv>
        <TextStyle xHeight="40"/>
      </TextLine>
      <TextLine id="f27f1bc2-f305-4e8e-8a0f-8eb573ef5236">
        <Coords points="752,3881 858,3869 874,3856 901,3856 930,3877 1074,3877 1090,3861 1106,3871 1134,3871 1162,3846 1242,3842 1333,3842 1354,3853 1427,3853 1438,3864 1691,3864 1731,3857 1750,3872 1818,3881 1833,3873 1894,3875 1931,3839 1953,3845 2009,3890 2041,3861 2069,3854 2113,3864 2125,3857 2181,3857 2189,3865 2217,3841 2244,3841 2253,3850 2357,3854 2365,3846 2417,3846 2436,3830 2503,3837 2523,3849 2538,3842 2569,3864 2641,3865 2665,3845 2811,3846 2835,3865 2861,3860 2871,3869 2902,3861 2902,3917 2841,3918 2814,3933 2803,3923 2685,3924 2625,3957 2596,3956 2580,3941 2572,3949 2525,3949 2496,3925 2481,3925 2434,3965 2349,3960 2308,3922 2293,3922 2253,3959 2233,3948 2208,3968 2181,3960 2165,3944 2128,3944 2101,3936 2089,3924 2076,3925 2060,3941 2041,3933 1996,3957 1977,3956 1935,3922 1758,3922 1690,3925 1682,3933 1322,3933 1273,3980 1236,3948 1170,3945 1102,3964 1074,3948 1050,3953 1033,3968 1002,3968 967,4002 785,4003 752,4010"/>
        <Baseline points="779,3931 829,3935 879,3931 929,3929 979,3926 1029,3925 1079,3924 1129,3923 1179,3922 1229,3921 1279,3920 1329,3919 1379,3918 1429,3917 1479,3917 1529,3917 1579,3917 1629,3917 1679,3917 1729,3916 1779,3915 1829,3914 1879,3915 1929,3915 1979,3915 2029,3914 2079,3913 2129,3912 2179,3912 2229,3913 2279,3914 2329,3913 2379,3913 2429,3913 2479,3917 2529,3917 2579,3916 2629,3914 2679,3913 2729,3913 2779,3913 2829,3912 2876,3904"/>
        <Word id="word_8cbaf822-ba4e-4774-9481-c6bfb3288034">
          <Coords points="782,3896 832,3900 876,3896 928,3894 974,3891 977,3936 929,3939 880,3941 828,3945 778,3941"/>
          <TextEquiv>
            <Unicode>hebbe</Unicode>
          </TextEquiv>
        </Word>
        <Word id="word_38d4e4f3-1047-4e08-8ccc-4382588fb0a8">
          <Coords points="1019,3889 1032,3890 1078,3889 1128,3888 1178,3887 1228,3886 1278,3885 1328,3884 1378,3883 1428,3882 1451,3882 1451,3927 1429,3927 1379,3928 1329,3929 1279,3930 1229,3931 1179,3932 1129,3933 1079,3934 1028,3935 1015,3934"/>
          <TextEquiv>
            <Unicode>geadviseert</Unicode>
          </TextEquiv>
        </Word>
        <Word id="word_30c849bf-b573-4f9f-97d2-63b4747410e8">
          <Coords points="1491,3882 1529,3882 1579,3882 1629,3882 1649,3882 1649,3927 1629,3927 1579,3927 1529,3927 1491,3927"/>
          <TextEquiv>
            <Unicode>waer</Unicode>
          </TextEquiv>
        </Word>
        <Word id="word_7a77e1b7-5e5a-424a-8db7-a611713271a6">
          <Coords points="1688,3882 1728,3881 1778,3880 1807,3879 1808,3924 1779,3925 1729,3926 1689,3927"/>
          <TextEquiv>
            <Unicode>van</Unicode>
          </TextEquiv>
        </Word>
        <Word id="word_9c8a577d-d3c2-4219-851d-17fa217854b0">
          <Coords points="1849,3879 1881,3880 1927,3880 1927,3925 1879,3925 1847,3924"/>
          <TextEquiv>
            <Unicode>de</Unicode>
          </TextEquiv>
        </Word>
        <Word id="word_1f2d1347-9a8b-4143-8ec1-b7416b374f92">
          <Coords points="1966,3880 1979,3880 2028,3879 2078,3878 2128,3877 2164,3877 2164,3922 2129,3922 2079,3923 2029,3924 1979,3925 1966,3925"/>
          <TextEquiv>
            <Unicode>Copie</Unicode>
          </TextEquiv>
        </Word>
        <Word id="word_791cc4f2-6d0f-413d-95e9-727e41cf6092">
          <Coords points="2205,3877 2230,3878 2280,3879 2328,3878 2362,3878 2362,3923 2329,3923 2279,3924 2229,3923 2203,3922"/>
          <TextEquiv>
            <Unicode>hier</Unicode>
          </TextEquiv>
        </Word>
        <Word id="word_7e54e826-4dce-47c8-951d-4d17045780e1">
          <Coords points="2402,3878 2429,3878 2482,3882 2529,3882 2578,3881 2628,3879 2678,3878 2679,3923 2629,3924 2579,3926 2529,3927 2478,3927 2429,3923 2402,3923"/>
          <TextEquiv>
            <Unicode>neffens</Unicode>
          </TextEquiv>
        </Word>
        <Word id="word_491d944a-1e35-4821-bdeb-fe456b5f4458">
          <Coords points="2721,3877 2732,3878 2779,3878 2828,3877 2870,3870 2877,3914 2829,3922 2779,3923 2728,3923 2717,3922"/>
          <TextEquiv>
            <Unicode>gaet</Unicode>
          </TextEquiv>
        </Word>
        <TextEquiv conf="0.951903654414193">
          <Unicode>hebbe geadviseert waer van de Copie hier neffens gaet</Unicode>
        </TextEquiv>
        <TextStyle xHeight="36"/>
      </TextLine>
      <TextLine id="line_8252c434-fde9-4638-89ba-ef7f77ab9b30">
        <Coords points="746,4012 848,4001 911,4004 927,3988 976,3993 1000,3969 1034,3969 1052,3953 1076,3948 1104,3957 1136,3957 1144,3949 1172,3945 1236,3948 1272,3981 1328,3933 1683,3933 1691,3925 1836,3921 1871,3956 1944,3964 1967,3949 1997,3957 2009,3945 2024,3948 2035,3937 2059,3941 2076,3924 2087,3924 2130,3944 2163,3944 2179,3960 2206,3969 2232,3948 2255,3961 2295,3921 2309,3921 2347,3956 2402,3957 2422,3940 2442,3960 2466,3964 2494,3941 2507,3952 2578,3953 2585,3946 2598,3957 2626,3957 2670,3932 2694,3941 2746,3941 2762,3932 2794,3945 2826,3921 2973,3925 3018,3900 3044,3925 3074,3932 3089,3944 3104,3948 3123,3937 3123,3994 3113,4004 3089,3989 3022,3989 2994,4009 2974,4001 2939,4036 2894,4020 2874,4021 2862,4033 2834,4024 2810,4036 2792,4020 2682,4016 2663,4029 2599,4024 2546,4033 2519,4056 2495,4047 2463,4016 2324,4009 2275,4021 2203,4021 2160,4052 2127,4047 2115,4036 2067,4044 2023,4010 1986,4009 1975,4009 1947,4037 1903,4036 1872,4048 1823,4040 1805,4024 1708,4017 1691,4027 1635,4017 1619,4029 1495,4021 1483,4033 1415,4033 1396,4021 1329,4036 1316,4025 1292,4025 1280,4037 1263,4036 1252,4025 1132,4029 1104,4056 1032,4051 1009,4029 905,4048 884,4040 746,4041"/>
        <Baseline points="773,4032 823,4024 873,4016 923,4010 973,4010 1023,4009 1073,4009 1123,4008 1173,4007 1223,4006 1273,4005 1323,4005 1373,4003 1423,4003 1473,4003 1523,4002 1573,4003 1623,4005 1673,4004 1723,4004 1773,4004 1823,4002 1873,4001 1923,4000 1973,3999 2023,3999 2073,4000 2123,3999 2173,3998 2223,3998 2273,3999 2323,4001 2373,4003 2423,4004 2473,4003 2523,4002 2573,4000 2623,3998 2673,3997 2723,3996 2773,3995 2823,3986 2873,3982 2923,3983 2973,3982 3023,3980 3073,3979 3097,3980"/>
        <Word id="word_9c3a2d4c-f7eb-4dfd-85e1-a1749dd0521b">
          <Coords points="767,3997 817,3989 867,3981 917,3975 923,4020 875,4026 825,4034 775,4042"/>
          <TextEquiv>
            <Unicode>Godt</Unicode>
          </TextEquiv>
        </Word>
        <Word id="word_d54e2cdf-6ee3-4128-a289-b9d5d109e254">
          <Coords points="969,3972 983,3976 1022,3974 1071,3974 1071,4019 1023,4019 970,4020 956,4015"/>
          <TextEquiv>
            <Unicode>wil</Unicode>
          </TextEquiv>
        </Word>
        <Word id="word_fcca80f0-c5cc-4676-b627-0192b568363b">
          <Coords points="1106,3974 1121,3973 1172,3972 1183,3972 1184,4017 1173,4017 1124,4018 1109,4019"/>
          <TextEquiv>
            <Unicode>de</Unicode>
          </TextEquiv>
        </Word>
        <Word id="word_1f64ab92-adff-453b-a698-3860058f566e">
          <Coords points="1220,3971 1222,3971 1272,3970 1323,3970 1370,3968 1371,4013 1323,4015 1273,4015 1223,4016 1221,4016"/>
          <TextEquiv>
            <Unicode>Comp</Unicode>
          </TextEquiv>
        </Word>
        <Word id="word_049b417a-30ba-4f22-aed6-863f5f196c8f">
          <Coords points="1412,3967 1426,3968 1446,3968 1446,4013 1422,4013 1407,4012"/>
          <TextEquiv>
            <Unicode>e</Unicode>
          </TextEquiv>
        </Word>
        <Word id="word_007b1547-52d0-4e9e-bc74-90fbd449ec1a">
          <Coords points="1483,3968 1522,3967 1574,3968 1624,3970 1633,3970 1634,4015 1623,4015 1573,4013 1523,4012 1484,4013"/>
          <TextEquiv>
            <Unicode>voor</Unicode>
          </TextEquiv>
        </Word>
        <Word id="word_db19bb7c-12e9-4832-a1b3-10812e92a5a9">
          <Coords points="1670,3969 1672,3969 1723,3969 1773,3969 1822,3967 1872,3966 1895,3966 1896,4011 1873,4011 1823,4012 1773,4014 1723,4014 1673,4014 1671,4014"/>
          <TextEquiv>
            <Unicode>schade</Unicode>
          </TextEquiv>
        </Word>
        <Word id="word_4d1bb016-9841-4a67-8203-1a9c3f4a1a6a">
          <Coords points="1933,3965 1972,3964 2023,3964 2074,3965 2122,3964 2172,3963 2223,3963 2272,3964 2271,4009 2223,4008 2173,4008 2123,4009 2073,4010 2023,4009 1973,4009 1934,4010"/>
          <TextEquiv>
            <Unicode>behoeden,</Unicode>
          </TextEquiv>
        </Word>
        <Word id="word_e9e02ad9-a017-40a7-91ed-d1ef656f9a71">
          <Coords points="2312,3965 2326,3966 2374,3968 2424,3969 2458,3968 2459,4013 2423,4014 2373,4013 2322,4011 2308,4010"/>
          <TextEquiv>
            <Unicode>doch</Unicode>
          </TextEquiv>
        </Word>
        <Word id="word_8678aa24-65d0-474d-9ec0-017a9410f544">
          <Coords points="2496,3968 2522,3967 2572,3965 2608,3964 2609,4009 2573,4010 2523,4012 2497,4013"/>
          <TextEquiv>
            <Unicode>dat</Unicode>
          </TextEquiv>
        </Word>
        <Word id="word_1cbc6ec2-5aa6-4b49-a37b-14586f13e858">
          <Coords points="2647,3962 2673,3962 2721,3961 2722,4006 2673,4007 2647,4007"/>
          <TextEquiv>
            <Unicode>in</Unicode>
          </TextEquiv>
        </Word>
        <Word id="word_cf622203-face-42a3-a7bd-b961a6b03df4">
          <Coords points="2758,3960 2772,3960 2817,3952 2870,3947 2924,3948 2972,3947 3022,3945 3072,3944 3097,3945 3096,3990 3073,3989 3023,3990 2973,3992 2923,3993 2874,3992 2825,3996 2773,4005 2759,4005"/>
          <TextEquiv>
            <Unicode>verschoot</Unicode>
          </TextEquiv>
        </Word>
        <TextEquiv conf="0.9033029959552702">
          <Unicode>Godt wil de Comp e voor schade behoeden, doch dat in verschoot</Unicode>
        </TextEquiv>
        <TextStyle xHeight="35"/>
      </TextLine>
      <TextLine id="ebc9d1c1-61f4-4152-8b00-de5f2edf0a70">
        <Coords points="2812,4035 2834,4023 2842,4031 2890,4023 2907,4036 2939,4035 2972,4004 2994,4009 3022,3988 3058,3988 3065,3995 3073,3988 3097,3991 3127,4019 3127,4075 3117,4083 3108,4079 3078,4100 3050,4075 3030,4076 3010,4094 2991,4080 2915,4080 2878,4099 2826,4149 2812,4142"/>
        <Baseline points="2839,4074 2889,4070 2939,4071 2989,4071 3039,4065 3089,4065 3101,4062"/>
        <Word id="word_e70c6dde-c329-4145-b93a-f2571cdce3d9">
          <Coords points="2836,4039 2886,4035 2940,4036 2989,4036 3035,4030 3089,4030 3093,4028 3103,4072 3089,4075 3040,4075 2989,4081 2939,4081 2890,4080 2840,4084"/>
          <TextEquiv>
            <Unicode>gaerne</Unicode>
          </TextEquiv>
        </Word>
        <TextEquiv conf="0.9645805656906246">
          <Unicode>gaerne</Unicode>
        </TextEquiv>
        <TextStyle xHeight="33"/>
      </TextLine>
      <TextLine id="line_6fab43ee-e8d2-4082-8266-a73dbd92dac3">
        <Coords points="737,4040 883,4039 895,4048 943,4048 971,4020 999,4016 1259,4015 1267,4023 1307,4024 1327,4015 1343,4031 1366,4032 1403,4013 1512,4009 1527,4023 1611,4028 1623,4028 1639,4015 1651,4015 1667,4028 1690,4028 1702,4016 1711,4023 1787,4023 1823,4043 1855,4043 1876,4055 1903,4035 1943,4040 1975,4009 1986,4009 2023,4010 2059,4043 2118,4039 2160,4052 2203,4020 2275,4020 2324,4009 2439,4015 2471,4047 2499,4047 2507,4055 2520,4055 2547,4032 2602,4023 2665,4028 2683,4015 2792,4019 2819,4039 2844,4042 2844,4098 2837,4090 2819,4104 2802,4093 2695,4101 2663,4132 2627,4124 2599,4100 2536,4097 2525,4105 2476,4097 2323,4097 2287,4124 2247,4093 2234,4105 2195,4105 2175,4121 2127,4125 2103,4104 2083,4100 1931,4100 1910,4117 1856,4093 1643,4093 1619,4101 1451,4093 1411,4097 1359,4141 1340,4129 1328,4133 1315,4124 1287,4124 1266,4104 1235,4104 1159,4109 1151,4117 1083,4125 1059,4124 1047,4112 931,4113 923,4121 895,4125 815,4125 771,4165 737,4159"/>
        <Baseline points="764,4092 814,4093 864,4092 914,4089 964,4088 1014,4088 1064,4090 1114,4090 1164,4089 1214,4088 1264,4087 1314,4087 1364,4088 1414,4087 1464,4086 1514,4085 1564,4087 1614,4088 1664,4085 1714,4086 1764,4085 1814,4083 1864,4081 1914,4080 1964,4079 2014,4079 2064,4079 2114,4079 2164,4082 2214,4084 2264,4085 2314,4086 2364,4089 2414,4089 2464,4088 2514,4088 2564,4087 2614,4087 2664,4087 2714,4087 2764,4086 2814,4085 2818,4085"/>
        <Word id="word_badb7a9e-de96-4ce7-8671-87b1fa1ac7db">
          <Coords points="765,4057 815,4058 863,4057 874,4056 877,4101 864,4102 814,4103 764,4102"/>
          <TextEquiv>
            <Unicode>ons</Unicode>
          </TextEquiv>
        </Word>
        <Word id="word_22fbba4d-e711-41d2-909f-dfae3edfc09a">
          <Coords points="911,4054 912,4054 963,4053 1014,4053 1065,4055 1100,4055 1100,4100 1064,4100 1014,4098 964,4098 915,4099 914,4099"/>
          <TextEquiv>
            <Unicode>niet,</Unicode>
          </TextEquiv>
        </Word>
        <Word id="word_c33bbfe4-3b2b-4d14-86c9-8181bc1b2bf8">
          <Coords points="1136,4055 1163,4054 1213,4053 1263,4052 1314,4052 1362,4053 1361,4098 1314,4097 1264,4097 1214,4098 1164,4099 1138,4100"/>
          <TextEquiv>
            <Unicode>volcht</Unicode>
          </TextEquiv>
        </Word>
        <Word id="word_3f75f95c-9b26-4776-9072-aba77d0dc29a">
          <Coords points="1395,4054 1410,4052 1463,4051 1513,4050 1550,4051 1548,4096 1514,4095 1464,4096 1415,4097 1400,4099"/>
          <TextEquiv>
            <Unicode>last</Unicode>
          </TextEquiv>
        </Word>
        <Word id="word_38e63215-8b33-4ed1-97f4-9d3faaa0e13a">
          <Coords points="1586,4053 1614,4053 1658,4050 1661,4095 1614,4098 1585,4098"/>
          <TextEquiv>
            <Unicode>en</Unicode>
          </TextEquiv>
        </Word>
        <Word id="word_894e3895-14f1-42e0-a3a4-ea2b454cac05">
          <Coords points="1704,4049 1720,4052 1763,4050 1813,4048 1845,4047 1847,4092 1814,4093 1764,4095 1712,4096 1696,4093"/>
          <TextEquiv>
            <Unicode>doet</Unicode>
          </TextEquiv>
        </Word>
        <Word id="word_10675b53-fc88-4fd1-829c-4e56c2690d1b">
          <Coords points="1884,4045 1914,4045 1963,4044 2014,4044 2064,4044 2114,4044 2166,4047 2184,4048 2182,4093 2163,4092 2114,4089 2064,4089 2014,4089 1964,4089 1914,4090 1884,4090"/>
          <TextEquiv>
            <Unicode>qualick,</Unicode>
          </TextEquiv>
        </Word>
        <Word id="word_1fcb6ffd-dd4b-4855-b0ed-0e91433bf295">
          <Coords points="2221,4049 2265,4050 2315,4051 2334,4052 2331,4097 2314,4096 2264,4095 2220,4094"/>
          <TextEquiv>
            <Unicode>wij</Unicode>
          </TextEquiv>
        </Word>
        <Word id="word_94f7e5a0-69a3-4076-bd7d-e59c74ccc62e">
          <Coords points="2369,4054 2414,4054 2463,4053 2514,4053 2563,4052 2614,4052 2664,4052 2668,4052 2668,4097 2664,4097 2614,4097 2564,4097 2514,4098 2464,4098 2414,4099 2369,4099"/>
          <TextEquiv>
            <Unicode>bekennen</Unicode>
          </TextEquiv>
        </Word>
        <Word id="word_9f288eef-d56d-47fb-a855-1738408cc655">
          <Coords points="2705,4052 2714,4052 2763,4051 2813,4050 2818,4050 2818,4095 2814,4095 2764,4096 2714,4097 2705,4097"/>
          <TextEquiv>
            <Unicode>dat</Unicode>
          </TextEquiv>
        </Word>
        <TextEquiv conf="0.9278804324431001">
          <Unicode>ons niet, volcht last en doet qualick, wij bekennen dat</Unicode>
        </TextEquiv>
        <TextStyle xHeight="33"/>
      </TextLine>
      <TextLine id="line_9dc761ee-2e57-4ba8-a5bc-5415ad356311">
        <Coords points="723,4165 764,4171 841,4108 989,4112 1033,4103 1221,4103 1269,4107 1293,4120 1317,4096 1494,4095 1552,4108 1620,4108 1632,4096 1900,4091 1920,4099 2080,4099 2104,4103 2124,4123 2160,4124 2192,4108 2256,4095 2288,4127 2328,4096 2436,4096 2497,4104 2599,4099 2643,4131 2664,4131 2692,4104 2727,4127 2802,4135 2822,4150 2895,4087 2915,4080 2994,4080 3010,4095 3031,4076 3051,4076 3074,4099 3098,4095 3120,4108 3120,4165 3091,4189 3071,4179 3035,4179 3027,4187 3006,4176 2979,4195 2943,4207 2805,4206 2791,4218 2711,4218 2668,4206 2639,4211 2626,4221 2615,4210 2472,4207 2441,4179 2403,4206 2372,4180 2071,4175 2016,4176 1966,4222 1924,4186 1800,4182 1724,4182 1696,4198 1660,4194 1645,4183 1631,4195 1556,4195 1534,4180 1488,4180 1452,4215 1424,4229 1396,4202 1201,4202 1189,4190 1165,4191 1149,4203 1025,4198 1018,4191 851,4191 789,4195 765,4199 753,4211 723,4211"/>
        <Baseline points="750,4190 800,4185 850,4183 900,4182 950,4182 1000,4178 1050,4178 1100,4176 1150,4174 1200,4173 1250,4173 1300,4172 1350,4171 1400,4170 1450,4169 1500,4169 1550,4168 1600,4168 1650,4168 1700,4167 1750,4166 1800,4164 1850,4163 1900,4164 1950,4165 2000,4165 2050,4165 2100,4166 2150,4169 2200,4169 2250,4169 2300,4169 2350,4170 2400,4169 2450,4169 2500,4168 2550,4168 2600,4165 2650,4163 2700,4163 2750,4163 2800,4161 2850,4154 2900,4152 2950,4151 3000,4151 3050,4150 3094,4151"/>
        <Word id="word_56ffe054-3cc1-4e28-94ce-bf3a68c0789d">
          <Coords points="747,4155 797,4150 849,4148 898,4147 899,4192 850,4193 801,4195 751,4200"/>
          <TextEquiv>
            <Unicode>voor</Unicode>
          </TextEquiv>
        </Word>
        <Word id="word_c5835d64-8ea2-4f4d-9127-f2057a245a09">
          <Coords points="938,4146 952,4147 997,4143 1050,4143 1083,4142 1085,4187 1050,4188 1001,4188 949,4192 935,4191"/>
          <TextEquiv>
            <Unicode>waer</Unicode>
          </TextEquiv>
        </Word>
        <Word id="word_e464fd7d-78b6-4508-bde8-17d44f037d5c">
          <Coords points="1120,4140 1149,4139 1199,4138 1250,4138 1299,4137 1349,4136 1399,4135 1449,4134 1457,4134 1457,4179 1450,4179 1400,4180 1350,4181 1300,4182 1250,4183 1200,4183 1150,4184 1122,4185"/>
          <TextEquiv>
            <Unicode>geluckich</Unicode>
          </TextEquiv>
        </Word>
        <Word id="word_5febfb2e-5db6-4aaf-b470-ac4c2bcaa9b8">
          <Coords points="1494,4134 1500,4134 1549,4133 1600,4133 1606,4133 1606,4178 1600,4178 1550,4178 1500,4179 1494,4179"/>
          <TextEquiv>
            <Unicode>die</Unicode>
          </TextEquiv>
        </Word>
        <Word id="word_07af98df-c9c0-45d5-b1c9-a8fb4089556d">
          <Coords points="1643,4133 1650,4133 1699,4132 1749,4131 1790,4129 1792,4174 1750,4176 1700,4177 1650,4178 1643,4178"/>
          <TextEquiv>
            <Unicode>over</Unicode>
          </TextEquiv>
        </Word>
        <Word id="word_96d644dc-d7e2-4e74-b70b-ac4543f8e525">
          <Coords points="1829,4128 1850,4128 1901,4129 1941,4130 1940,4175 1900,4174 1850,4173 1829,4173"/>
          <TextEquiv>
            <Unicode>all</Unicode>
          </TextEquiv>
        </Word>
        <Word id="word_4f942d02-e962-4a35-99ce-23ca43bd827c">
          <Coords points="1977,4131 1999,4130 2050,4130 2101,4131 2129,4133 2126,4178 2100,4176 2050,4175 2000,4175 1978,4176"/>
          <TextEquiv>
            <Unicode>goet</Unicode>
          </TextEquiv>
        </Word>
        <Word id="word_7c74afee-3c12-4794-af24-f424c2abf18a">
          <Coords points="2163,4135 2199,4134 2250,4134 2300,4134 2349,4135 2351,4135 2350,4180 2350,4180 2300,4179 2250,4179 2200,4179 2164,4180"/>
          <TextEquiv>
            <Unicode>weder</Unicode>
          </TextEquiv>
        </Word>
        <Word id="word_3650c24c-45ce-4d58-abe9-4ce730dd05c6">
          <Coords points="2387,4134 2399,4134 2450,4134 2499,4133 2536,4133 2536,4178 2500,4178 2450,4179 2400,4179 2387,4179"/>
          <TextEquiv>
            <Unicode>ende</Unicode>
          </TextEquiv>
        </Word>
        <Word id="word_55a9417f-d356-4ba1-8f9a-317e106e7908">
          <Coords points="2569,4133 2596,4130 2649,4128 2700,4128 2750,4128 2799,4126 2829,4122 2835,4166 2800,4171 2750,4173 2700,4173 2650,4173 2601,4175 2575,4178"/>
          <TextEquiv>
            <Unicode>bequame</Unicode>
          </TextEquiv>
        </Word>
        <Word id="word_140ba334-a514-44d2-807a-1bd0c3b16b44">
          <Coords points="2871,4116 2901,4117 2949,4116 3000,4116 3049,4115 3094,4116 3093,4161 3050,4160 3000,4161 2950,4161 2900,4162 2870,4161"/>
          <TextEquiv>
            <Unicode>winden</Unicode>
          </TextEquiv>
        </Word>
        <TextEquiv conf="0.9146755430287242">
          <Unicode>voor waer geluckich die over all goet weder ende bequame winden</Unicode>
        </TextEquiv>
        <TextStyle xHeight="37"/>
      </TextLine>
      <TextLine id="line_03e1d78e-c5d8-4a2e-be55-f4ebf8a7679f">
        <Coords points="737,4209 755,4209 767,4197 839,4190 996,4186 1015,4189 1027,4200 1138,4205 1182,4189 1198,4200 1378,4200 1398,4204 1423,4228 1435,4217 1451,4216 1490,4178 1531,4178 1554,4194 1628,4194 1637,4185 1646,4189 1678,4174 1797,4181 1809,4193 1930,4193 1963,4221 2017,4174 2106,4174 2117,4182 2373,4178 2403,4205 2433,4182 2473,4209 2615,4208 2627,4220 2656,4212 2740,4221 2748,4213 2815,4208 2821,4201 2818,4261 2764,4261 2724,4281 2500,4276 2449,4316 2437,4315 2417,4296 2393,4296 2385,4288 2297,4288 2277,4297 2225,4300 2213,4288 2157,4288 2121,4272 2013,4272 1977,4268 1966,4258 1905,4258 1762,4262 1696,4323 1668,4296 1526,4292 1510,4304 1382,4304 1333,4272 1322,4280 1226,4285 1126,4276 927,4277 911,4281 875,4316 856,4324 820,4288 783,4281 737,4320"/>
        <Baseline points="764,4271 814,4275 864,4273 914,4271 964,4268 1014,4266 1064,4265 1114,4262 1164,4261 1214,4261 1264,4260 1314,4260 1364,4259 1414,4258 1464,4256 1514,4255 1564,4254 1614,4251 1664,4250 1714,4249 1764,4248 1814,4247 1864,4248 1914,4248 1964,4247 2014,4248 2064,4248 2114,4248 2164,4248 2214,4247 2264,4248 2314,4249 2364,4251 2414,4252 2464,4251 2514,4250 2564,4247 2614,4246 2664,4247 2714,4247 2764,4248 2795,4244"/>
        <Word id="word_3fcb0d1e-9537-4b1d-8144-0fcee3bb849d">
          <Coords points="767,4236 817,4240 863,4238 913,4236 962,4233 1013,4231 1063,4230 1112,4227 1163,4226 1214,4226 1260,4225 1261,4270 1214,4271 1164,4271 1115,4272 1064,4275 1014,4276 965,4278 914,4281 864,4283 813,4285 763,4281"/>
          <TextEquiv>
            <Unicode>rescontreren</Unicode>
          </TextEquiv>
        </Word>
        <Word id="word_0a675870-4d18-48e5-9dd2-007c812f1a04">
          <Coords points="1305,4224 1316,4225 1363,4224 1385,4224 1386,4269 1364,4269 1313,4270 1302,4269"/>
          <TextEquiv>
            <Unicode>om</Unicode>
          </TextEquiv>
        </Word>
        <Word id="word_49d9e28c-d175-4b91-9cec-e7a9111be793">
          <Coords points="1425,4223 1462,4221 1513,4220 1551,4219 1552,4264 1514,4265 1464,4266 1428,4268"/>
          <TextEquiv>
            <Unicode>een</Unicode>
          </TextEquiv>
        </Word>
        <Word id="word_d2bf17e5-05a1-4331-add4-b5a29ca2cc17">
          <Coords points="1589,4219 1610,4216 1663,4215 1713,4214 1763,4213 1813,4212 1865,4213 1914,4213 1924,4213 1925,4258 1914,4258 1864,4258 1814,4257 1764,4258 1714,4259 1664,4260 1615,4261 1594,4263"/>
          <TextEquiv>
            <Unicode>spoedige</Unicode>
          </TextEquiv>
        </Word>
        <Word id="word_85cbede2-5f29-44e2-a64c-310f9b74a46b">
          <Coords points="1967,4212 2015,4213 2064,4213 2114,4213 2164,4213 2213,4212 2215,4212 2215,4257 2214,4257 2164,4258 2114,4258 2064,4258 2014,4258 1966,4257"/>
          <TextEquiv>
            <Unicode>reijse</Unicode>
          </TextEquiv>
        </Word>
        <Word id="word_815eb378-b47b-4dde-9fa6-e3fda10cb8ff">
          <Coords points="2257,4213 2265,4213 2315,4214 2341,4215 2339,4260 2314,4259 2264,4258 2256,4258"/>
          <TextEquiv>
            <Unicode>te</Unicode>
          </TextEquiv>
        </Word>
        <Word id="word_eaf0a42d-ac1d-4b8a-be6d-c5b01217694d">
          <Coords points="2381,4217 2414,4217 2463,4216 2513,4215 2562,4212 2613,4211 2665,4212 2712,4212 2712,4257 2664,4257 2614,4256 2565,4257 2514,4260 2464,4261 2414,4262 2380,4262"/>
          <TextEquiv>
            <Unicode>maecken,</Unicode>
          </TextEquiv>
        </Word>
        <Word id="word_79f37909-3755-4a8c-86c3-3b328758a19f">
          <Coords points="2757,4212 2767,4213 2790,4209 2796,4254 2763,4258 2753,4257"/>
          <TextEquiv>
            <Unicode>—</Unicode>
          </TextEquiv>
        </Word>
        <TextEquiv conf="0.9466831155679217">
          <Unicode>rescontreren om een spoedige reijse te maecken, —</Unicode>
        </TextEquiv>
        <TextStyle xHeight="35"/>
      </TextLine>
      <TextLine id="line_357b6ffe-d878-4345-9231-a950765f5471">
        <Coords points="730,4319 740,4319 768,4291 817,4286 858,4323 912,4279 960,4278 1192,4278 1208,4287 1328,4287 1345,4275 1388,4311 1508,4310 1532,4290 1669,4294 1689,4311 1740,4263 1828,4258 1923,4258 1961,4286 1979,4271 2011,4270 2123,4274 2155,4286 2215,4290 2387,4290 2419,4294 2439,4314 2462,4307 2499,4274 2699,4275 2707,4267 2736,4267 2745,4258 2801,4266 2823,4262 2855,4275 2891,4270 2935,4286 2976,4290 2999,4310 3016,4296 3020,4300 3020,4358 3007,4367 2992,4359 2971,4362 2959,4351 2915,4351 2907,4359 2831,4371 2815,4385 2795,4376 2768,4398 2729,4390 2691,4418 2664,4418 2647,4402 2579,4374 2511,4375 2477,4402 2335,4394 2304,4363 2175,4367 2164,4359 2047,4371 1991,4363 1980,4374 1959,4374 1939,4363 1892,4394 1857,4363 1360,4375 1284,4371 1208,4375 1192,4391 1160,4390 1145,4375 1125,4387 1100,4379 1088,4391 1068,4390 1060,4382 1024,4382 1000,4391 916,4382 898,4398 864,4402 849,4417 730,4413"/>
        <Baseline points="757,4374 807,4370 857,4370 907,4370 957,4369 1007,4369 1057,4368 1107,4367 1157,4367 1207,4365 1257,4365 1307,4364 1357,4364 1407,4364 1457,4362 1507,4360 1557,4359 1607,4359 1657,4358 1707,4357 1757,4357 1807,4356 1857,4355 1907,4354 1957,4354 2007,4354 2057,4353 2107,4352 2157,4352 2207,4352 2257,4352 2307,4353 2357,4354 2407,4354 2457,4355 2507,4354 2557,4354 2607,4354 2657,4353 2707,4354 2757,4354 2807,4352 2857,4343 2907,4341 2957,4342 2994,4344"/>
        <Word id="word_21cb27ec-06c2-472b-9328-16dd086ae618">
          <Coords points="754,4339 804,4335 828,4335 828,4380 808,4380 758,4384"/>
          <TextEquiv>
            <Unicode>t'</Unicode>
          </TextEquiv>
        </Word>
        <Word id="word_a2b0e124-b335-4a7f-9b96-6133e276324d">
          <Coords points="863,4335 907,4335 956,4334 1007,4334 1056,4333 1106,4332 1112,4332 1112,4377 1107,4377 1057,4378 1007,4379 957,4379 907,4380 863,4380"/>
          <TextEquiv>
            <Unicode>Belieft</Unicode>
          </TextEquiv>
        </Word>
        <Word id="word_3bc69b4f-4985-4c6f-8398-566ccb6ce622">
          <Coords points="1148,4332 1157,4332 1182,4331 1184,4376 1157,4377 1148,4377"/>
          <TextEquiv>
            <Unicode>u</Unicode>
          </TextEquiv>
        </Word>
        <Word id="word_b4ff0471-a9af-4034-b7d6-551e18197931">
          <Coords points="1219,4330 1257,4330 1306,4329 1325,4329 1325,4374 1307,4374 1257,4375 1219,4375"/>
          <TextEquiv>
            <Unicode>Ed:</Unicode>
          </TextEquiv>
        </Word>
        <Word id="word_4e7feefa-de07-41f1-b2d9-a47c69c429ca">
          <Coords points="1361,4329 1407,4329 1456,4327 1466,4327 1468,4372 1457,4372 1407,4374 1361,4374"/>
          <TextEquiv>
            <Unicode>ons</Unicode>
          </TextEquiv>
        </Word>
        <Word id="word_9b9331eb-4f29-450f-8ed6-8da878eca24a">
          <Coords points="1501,4325 1506,4325 1556,4324 1607,4324 1644,4323 1645,4368 1607,4369 1557,4369 1507,4370 1503,4370"/>
          <TextEquiv>
            <Unicode>mede</Unicode>
          </TextEquiv>
        </Word>
        <Word id="word_f0beb1c7-f6dc-47cc-87ea-b82e29901223">
          <Coords points="1680,4323 1706,4322 1751,4322 1751,4367 1707,4367 1681,4368"/>
          <TextEquiv>
            <Unicode>te</Unicode>
          </TextEquiv>
        </Word>
        <Word id="word_310f7c28-b9be-4ccc-b13f-2a0a1c1d2fb6">
          <Coords points="1785,4322 1805,4321 1856,4320 1906,4319 1957,4319 2007,4319 2056,4318 2106,4317 2157,4317 2207,4317 2213,4317 2213,4362 2207,4362 2157,4362 2107,4362 2057,4363 2007,4364 1957,4364 1907,4364 1857,4365 1807,4366 1788,4367"/>
          <TextEquiv>
            <Unicode>suspecteren,</Unicode>
          </TextEquiv>
        </Word>
        <Word id="word_c36ffad0-458e-44de-a3f7-4aa820caf5a4">
          <Coords points="2249,4317 2257,4317 2308,4318 2356,4319 2355,4364 2307,4363 2257,4362 2249,4362"/>
          <TextEquiv>
            <Unicode>als</Unicode>
          </TextEquiv>
        </Word>
        <Word id="word_6b007a35-8e84-497c-a278-d40be7988048">
          <Coords points="2389,4320 2406,4319 2458,4320 2506,4319 2533,4319 2533,4364 2507,4364 2457,4365 2407,4364 2391,4365"/>
          <TextEquiv>
            <Unicode>ofte</Unicode>
          </TextEquiv>
        </Word>
        <Word id="word_75684373-500e-4717-8c24-d9e94ecf16f4">
          <Coords points="2569,4319 2607,4319 2656,4318 2676,4318 2675,4363 2657,4363 2607,4364 2569,4364"/>
          <TextEquiv>
            <Unicode>wij</Unicode>
          </TextEquiv>
        </Word>
        <Word id="word_14122b77-55ab-4475-a565-8017c722286d">
          <Coords points="2711,4319 2757,4319 2806,4317 2846,4309 2854,4354 2807,4362 2757,4364 2711,4364"/>
          <TextEquiv>
            <Unicode>uijt</Unicode>
          </TextEquiv>
        </Word>
        <Word id="word_9ae8f2a3-307a-40f8-adaf-6e2183a8f22f">
          <Coords points="2893,4303 2913,4306 2958,4307 2995,4309 2993,4354 2957,4352 2905,4351 2885,4347"/>
          <TextEquiv>
            <Unicode>vre</Unicode>
          </TextEquiv>
        </Word>
        <TextEquiv conf="0.908033118527431">
          <Unicode>t' Belieft u Ed: ons mede te suspecteren, als ofte wij uijt vre</Unicode>
        </TextEquiv>
        <TextStyle xHeight="38"/>
      </TextLine>
      <TextLine id="line_217701ad-9b60-483a-9b5f-d07cd7e80bae">
        <Coords points="3004,4266 3037,4258 3076,4294 3076,4349 3004,4416"/>
        <Baseline points="3031,4336 3050,4335"/>
        <TextStyle xHeight="45"/>
      </TextLine>
      <TextLine id="line_8afd37de-cf01-4726-b061-eb5f4ca4ed66">
        <Coords points="732,4413 826,4413 839,4425 866,4403 896,4399 917,4382 1058,4382 1066,4390 1089,4391 1102,4379 1125,4386 1137,4375 1478,4375 1786,4363 1857,4363 1890,4394 1938,4366 1981,4374 1994,4363 2023,4363 2034,4371 2126,4359 2163,4359 2174,4367 2303,4363 2338,4394 2466,4397 2474,4405 2510,4375 2578,4374 2654,4410 2682,4391 2689,4398 2730,4375 2762,4402 2782,4403 2830,4371 2906,4359 2914,4351 2958,4351 2995,4379 2995,4436 2978,4427 2963,4438 2947,4438 2934,4451 2887,4454 2854,4450 2832,4438 2814,4450 2774,4439 2758,4447 2718,4447 2667,4466 2525,4452 2509,4466 2410,4466 2386,4453 2362,4453 2343,4461 2206,4462 2182,4478 2158,4478 2139,4462 2125,4474 2066,4473 2038,4446 1870,4447 1854,4462 1782,4466 1651,4454 1633,4462 1619,4451 1462,4451 1350,4454 1306,4486 1294,4482 1279,4493 1263,4477 1238,4477 1215,4497 1172,4461 1054,4461 1032,4470 958,4462 870,4474 831,4462 732,4470"/>
        <Baseline points="759,4461 809,4456 859,4452 909,4450 959,4449 1009,4447 1059,4444 1109,4441 1159,4440 1209,4440 1259,4439 1309,4439 1359,4439 1409,4439 1459,4438 1509,4437 1559,4437 1609,4436 1659,4436 1709,4435 1759,4435 1809,4435 1859,4434 1909,4434 1959,4433 2009,4432 2059,4432 2109,4432 2159,4432 2209,4432 2259,4431 2309,4432 2359,4433 2409,4435 2459,4436 2509,4436 2559,4437 2609,4436 2659,4437 2709,4437 2759,4435 2809,4425 2859,4421 2909,4421 2959,4422 2969,4423"/>
        <Word id="word_a067a6de-a88a-4cf2-bcd4-73aa3fd28785">
          <Coords points="756,4426 806,4421 856,4417 908,4415 955,4414 956,4459 909,4460 860,4462 810,4466 760,4471"/>
          <TextEquiv>
            <Unicode>vande</Unicode>
          </TextEquiv>
        </Word>
        <Word id="word_44244447-6102-4b90-88d4-5759f8a61ccf">
          <Coords points="992,4413 1006,4412 1057,4409 1107,4406 1153,4405 1154,4450 1110,4451 1060,4454 1010,4457 996,4458"/>
          <TextEquiv>
            <Unicode>Coud</Unicode>
          </TextEquiv>
        </Word>
        <Word id="word_47a13793-5e8e-451c-a93c-3259e3e72ec0">
          <Coords points="1194,4404 1210,4405 1258,4404 1309,4404 1359,4404 1409,4404 1458,4403 1508,4402 1509,4447 1459,4448 1409,4449 1359,4449 1309,4449 1259,4449 1209,4450 1192,4449"/>
          <TextEquiv>
            <Unicode>achterom</Unicode>
          </TextEquiv>
        </Word>
        <Word id="word_2bdf31c3-39f5-4f2c-a65b-f9c2b48a533f">
          <Coords points="1551,4401 1562,4402 1608,4401 1659,4401 1708,4400 1759,4400 1785,4400 1785,4445 1759,4445 1709,4445 1659,4446 1609,4446 1558,4447 1548,4446"/>
          <TextEquiv>
            <Unicode>tegens</Unicode>
          </TextEquiv>
        </Word>
        <Word id="word_0a9d4902-6191-4ea2-9ae4-31a5ad83cfd9">
          <Coords points="1824,4400 1858,4399 1909,4399 1958,4398 1982,4398 1983,4443 1959,4443 1909,4444 1859,4444 1825,4445"/>
          <TextEquiv>
            <Unicode>last</Unicode>
          </TextEquiv>
        </Word>
        <Word id="word_afa62d1e-6161-43cf-917c-53cb08fe93fe">
          <Coords points="2022,4397 2059,4397 2101,4397 2101,4442 2059,4442 2022,4442"/>
          <TextEquiv>
            <Unicode>en</Unicode>
          </TextEquiv>
        </Word>
        <Word id="word_042de70e-6809-48d6-8982-829d7240577e">
          <Coords points="2141,4397 2159,4397 2209,4397 2258,4396 2310,4397 2339,4398 2338,4443 2309,4442 2259,4441 2209,4442 2159,4442 2141,4442"/>
          <TextEquiv>
            <Unicode>bevel</Unicode>
          </TextEquiv>
        </Word>
        <Word id="word_e2f61980-e147-4a68-adfd-4eb44b83941b">
          <Coords points="2380,4398 2411,4400 2460,4401 2496,4401 2496,4446 2459,4446 2408,4445 2377,4443"/>
          <TextEquiv>
            <Unicode>van</Unicode>
          </TextEquiv>
        </Word>
        <Word id="word_ecb26ebe-8924-4aa0-80fe-37bbb771d9ab">
          <Coords points="2537,4401 2560,4402 2608,4401 2615,4401 2614,4446 2609,4446 2559,4447 2535,4446"/>
          <TextEquiv>
            <Unicode>U:</Unicode>
          </TextEquiv>
        </Word>
        <Word id="word_a18edd42-4079-4530-bf1c-1d6dfefc870d">
          <Coords points="2655,4402 2660,4402 2709,4402 2758,4400 2765,4398 2774,4442 2759,4445 2709,4447 2659,4447 2654,4447"/>
          <TextEquiv>
            <Unicode>Ed:</Unicode>
          </TextEquiv>
        </Word>
        <Word id="word_358de8c2-7c31-4372-ba90-10eab794525a">
          <Coords points="2808,4390 2856,4386 2909,4386 2960,4387 2972,4388 2968,4433 2959,4432 2909,4431 2860,4431 2812,4435"/>
          <TextEquiv>
            <Unicode>wien</Unicode>
          </TextEquiv>
        </Word>
        <TextEquiv conf="0.9037469607263304">
          <Unicode>vande Coud achterom tegens last en bevel van U: Ed: wien</Unicode>
        </TextEquiv>
        <TextStyle xHeight="36"/>
      </TextLine>
      <TextLine id="cc036279-380f-4ce2-ace6-2faf44c52890">
        <Coords points="743,4468 937,4456 993,4464 1025,4464 1036,4456 1049,4467 1065,4452 1210,4448 1237,4475 1257,4475 1284,4492 1293,4483 1304,4488 1328,4476 1352,4452 1404,4448 1621,4444 1632,4455 1661,4459 1676,4444 2113,4440 2152,4475 2184,4476 2208,4463 2312,4459 2515,4468 2535,4455 2627,4456 2647,4447 2698,4453 2707,4444 2743,4444 2771,4463 2792,4465 2832,4435 2867,4455 2952,4462 2952,4519 2930,4516 2902,4544 2819,4543 2806,4535 2635,4535 2545,4544 2208,4540 2192,4556 2164,4556 2143,4547 2108,4574 2064,4570 2044,4551 2004,4547 1776,4547 1768,4539 1701,4543 1684,4532 1670,4544 1640,4544 1620,4564 1560,4563 1544,4575 1496,4543 1480,4544 1468,4556 1308,4556 1296,4547 1173,4551 1140,4544 1122,4559 1029,4559 1006,4571 941,4570 902,4552 829,4556 797,4571 743,4567"/>
        <Baseline points="770,4547 820,4547 870,4545 920,4543 970,4541 1020,4540 1070,4538 1120,4535 1170,4532 1220,4531 1270,4529 1320,4527 1370,4526 1420,4525 1470,4523 1520,4523 1570,4523 1620,4522 1670,4523 1720,4523 1770,4523 1820,4522 1870,4522 1920,4523 1970,4523 2020,4523 2070,4522 2120,4521 2170,4522 2220,4523 2270,4523 2320,4524 2370,4525 2420,4525 2470,4525 2520,4525 2570,4526 2620,4525 2670,4526 2720,4526 2770,4528 2820,4524 2870,4512 2920,4508 2926,4506"/>
        <Word id="word_e187640d-eada-4671-8f37-b5f4952600fb">
          <Coords points="770,4512 820,4512 869,4510 919,4508 945,4507 947,4552 920,4553 870,4555 820,4557 770,4557"/>
          <TextEquiv>
            <Unicode>ordre</Unicode>
          </TextEquiv>
        </Word>
        <Word id="word_0c9b3b06-e368-4446-b48b-328e7c2556d5">
          <Coords points="982,4506 1020,4505 1069,4503 1118,4500 1168,4497 1219,4496 1264,4494 1265,4539 1220,4541 1171,4542 1121,4545 1070,4548 1020,4550 982,4551"/>
          <TextEquiv>
            <Unicode>(gelijck</Unicode>
          </TextEquiv>
        </Word>
        <Word id="word_f1a716c3-c0a8-4136-beb2-8c52f58ed832">
          <Coords points="1299,4493 1319,4492 1369,4491 1419,4490 1469,4488 1520,4488 1570,4488 1619,4487 1671,4488 1720,4488 1760,4488 1760,4533 1720,4533 1670,4533 1620,4532 1570,4533 1520,4533 1470,4533 1420,4535 1370,4536 1320,4537 1301,4538"/>
          <TextEquiv>
            <Unicode>Bovengeseijt)</Unicode>
          </TextEquiv>
        </Word>
        <Word id="word_6b23ee1d-09b2-4ddf-a8fb-e7832771522a">
          <Coords points="1794,4488 1819,4487 1870,4487 1903,4488 1902,4533 1870,4532 1820,4532 1796,4533"/>
          <TextEquiv>
            <Unicode>als</Unicode>
          </TextEquiv>
        </Word>
        <Word id="word_8b32844f-46de-4845-9579-582115e0975a">
          <Coords points="1937,4488 1970,4488 2020,4488 2043,4488 2044,4533 2020,4533 1970,4533 1937,4533"/>
          <TextEquiv>
            <Unicode>een</Unicode>
          </TextEquiv>
        </Word>
        <Word id="word_71169a09-1502-4661-a7bb-6c256970c884">
          <Coords points="2078,4487 2119,4486 2171,4487 2221,4488 2270,4488 2321,4489 2327,4489 2326,4534 2320,4534 2270,4533 2220,4533 2170,4532 2120,4531 2079,4532"/>
          <TextEquiv>
            <Unicode>bondige</Unicode>
          </TextEquiv>
        </Word>
        <Word id="word_a5d2aa2a-99fd-45ac-8609-543d28e35262">
          <Coords points="2363,4490 2371,4490 2420,4490 2468,4490 2468,4535 2420,4535 2370,4535 2362,4535"/>
          <TextEquiv>
            <Unicode>wel</Unicode>
          </TextEquiv>
        </Word>
        <Word id="word_41f50d26-a92d-4fcb-b5d3-07f4cd884403">
          <Coords points="2503,4490 2520,4490 2571,4491 2619,4490 2646,4491 2645,4535 2620,4535 2570,4536 2520,4535 2503,4535"/>
          <TextEquiv>
            <Unicode>moet</Unicode>
          </TextEquiv>
        </Word>
        <Word id="word_8a1ff5e6-21ad-48e5-9c7b-06a81dbee769">
          <Coords points="2680,4491 2720,4491 2771,4493 2817,4489 2862,4478 2915,4473 2917,4473 2929,4515 2921,4518 2872,4522 2821,4534 2770,4538 2720,4536 2680,4536"/>
          <TextEquiv>
            <Unicode>onderho</Unicode>
          </TextEquiv>
        </Word>
        <TextEquiv conf="0.9318641102655882">
          <Unicode>ordre (gelijck Bovengeseijt) als een bondige wel moet onderho</Unicode>
        </TextEquiv>
        <TextStyle xHeight="42"/>
      </TextLine>
      <TextLine id="line_58895566-4d0a-4fe8-98a2-9cd52c661296">
        <Coords points="726,4581 756,4572 800,4573 836,4553 909,4553 944,4572 996,4572 1004,4580 1128,4581 1148,4561 1170,4573 1200,4552 1252,4557 1264,4548 1296,4548 1308,4557 1460,4557 1484,4544 1512,4548 1545,4576 1560,4564 1620,4565 1636,4549 1673,4545 1687,4533 1704,4541 1716,4533 1836,4530 2096,4533 2119,4536 2139,4550 2152,4545 2164,4557 2187,4557 2207,4541 2543,4543 2549,4537 2583,4553 2699,4549 2739,4536 2828,4545 2927,4544 2942,4552 2976,4552 2987,4561 3000,4552 3000,4609 2992,4617 2963,4613 2948,4602 2877,4602 2853,4613 2830,4602 2794,4611 2755,4606 2739,4618 2619,4614 2587,4646 2499,4645 2459,4625 2398,4622 2155,4626 2136,4643 2113,4626 2043,4626 2035,4634 1879,4634 1844,4666 1832,4665 1804,4641 1772,4633 1667,4633 1597,4697 1536,4641 1504,4637 1152,4642 1128,4650 1068,4646 1048,4666 960,4665 925,4650 726,4661"/>
        <Baseline points="753,4650 803,4647 853,4641 903,4638 953,4636 1003,4633 1053,4630 1103,4629 1153,4628 1203,4626 1253,4625 1303,4624 1353,4622 1403,4620 1453,4619 1503,4617 1553,4616 1603,4615 1653,4613 1703,4614 1753,4614 1803,4614 1853,4615 1903,4614 1953,4613 2003,4613 2053,4612 2103,4612 2153,4611 2203,4612 2253,4612 2303,4612 2353,4612 2403,4612 2453,4612 2503,4610 2553,4609 2603,4608 2653,4606 2703,4602 2753,4595 2803,4595 2853,4594 2903,4592 2953,4595 2974,4595"/>
        <Word id="word_4cba30e7-824b-4a6c-9833-43dcee8d7e28">
          <Coords points="751,4615 801,4612 849,4606 901,4603 952,4601 973,4600 975,4645 953,4646 904,4648 854,4651 804,4657 754,4660"/>
          <TextEquiv>
            <Unicode>worden</Unicode>
          </TextEquiv>
        </Word>
        <Word id="word_a4dee6bd-22d8-44e6-99ed-b03253016b20">
          <Coords points="1010,4598 1051,4595 1085,4594 1086,4639 1054,4640 1012,4642"/>
          <TextEquiv>
            <Unicode>om</Unicode>
          </TextEquiv>
        </Word>
        <Word id="word_ea19ec41-860f-4b70-927d-546dbcadb605">
          <Coords points="1122,4594 1152,4593 1195,4591 1197,4636 1153,4638 1123,4639"/>
          <TextEquiv>
            <Unicode>de</Unicode>
          </TextEquiv>
        </Word>
        <Word id="word_6b3f2f9a-5b4a-4fbd-ac30-38a68198dafc">
          <Coords points="1234,4590 1253,4590 1302,4589 1352,4587 1402,4585 1452,4584 1502,4582 1552,4581 1602,4580 1652,4578 1704,4579 1752,4579 1752,4624 1703,4624 1653,4623 1603,4625 1553,4626 1503,4627 1453,4629 1403,4630 1353,4632 1303,4634 1253,4635 1234,4635"/>
          <TextEquiv>
            <Unicode>bovenverhaelde</Unicode>
          </TextEquiv>
        </Word>
        <Word id="word_8bf36578-6d56-446e-a89d-99db71ce7657">
          <Coords points="1789,4579 1803,4579 1854,4580 1902,4579 1952,4578 2003,4578 2052,4577 2103,4577 2152,4576 2204,4577 2234,4577 2234,4622 2203,4622 2153,4621 2103,4622 2053,4622 2003,4623 1953,4623 1903,4624 1853,4625 1803,4624 1789,4624"/>
          <TextEquiv>
            <Unicode>particuliere</Unicode>
          </TextEquiv>
        </Word>
        <Word id="word_b117aba0-0f5c-4c5f-a5df-1d8bdd97950f">
          <Coords points="2271,4577 2303,4577 2353,4577 2403,4577 2453,4577 2502,4575 2552,4574 2602,4573 2603,4573 2605,4618 2603,4618 2553,4619 2503,4620 2453,4622 2403,4622 2353,4622 2303,4622 2271,4622"/>
          <TextEquiv>
            <Unicode>insichten</Unicode>
          </TextEquiv>
        </Word>
        <Word id="word_f9b09d0b-b37b-4db3-b88e-8e65cd255803">
          <Coords points="2640,4571 2652,4571 2700,4567 2710,4566 2717,4610 2704,4612 2653,4616 2642,4616"/>
          <TextEquiv>
            <Unicode>t'</Unicode>
          </TextEquiv>
        </Word>
        <Word id="word_12d5fb47-dfa6-47fe-ba0b-e6069af7eadd">
          <Coords points="2747,4561 2748,4560 2803,4560 2852,4559 2902,4557 2955,4560 2974,4560 2974,4605 2952,4605 2903,4602 2853,4604 2803,4605 2754,4605 2753,4605"/>
          <TextEquiv>
            <Unicode>Cannae</Unicode>
          </TextEquiv>
        </Word>
        <TextEquiv conf="0.9262909126985299">
          <Unicode>worden om de bovenverhaelde particuliere insichten t' Cannae</Unicode>
        </TextEquiv>
        <TextStyle xHeight="37"/>
      </TextLine>
      <TextLine id="line_97cd6de3-7f98-4373-8bf0-78330e45fcb9">
        <Coords points="749,4659 1031,4639 1535,4638 1583,4686 1599,4691 1667,4631 1755,4630 1783,4642 1805,4642 1831,4662 1851,4663 1895,4627 2031,4619 2043,4626 2111,4626 2136,4619 2147,4627 2376,4619 2459,4627 2511,4651 2587,4647 2619,4615 2739,4619 2755,4607 2775,4606 2790,4615 2811,4603 2840,4604 2851,4614 2863,4604 2892,4603 2930,4635 2991,4636 3011,4619 3024,4626 3039,4622 3053,4635 3080,4629 3080,4686 3032,4686 3018,4698 3005,4690 2985,4705 2969,4690 2931,4706 2887,4703 2825,4757 2819,4751 2811,4758 2795,4754 2778,4738 2750,4750 2699,4738 2669,4758 2539,4753 2527,4762 2463,4766 2371,4765 2327,4757 2311,4766 2119,4782 1871,4778 1843,4790 1111,4786 987,4802 749,4797"/>
        <Baseline points="776,4726 826,4723 876,4721 926,4720 976,4718 1026,4717 1076,4717 1126,4716 1176,4715 1226,4714 1276,4714 1326,4713 1376,4713 1426,4713 1476,4713 1526,4712 1576,4711 1626,4710 1676,4710 1726,4709 1776,4710 1826,4709 1876,4708 1926,4708 1976,4707 2026,4706 2076,4705 2126,4705 2176,4704 2226,4702 2276,4701 2326,4700 2376,4700 2426,4700 2476,4698 2526,4698 2576,4697 2626,4696 2676,4695 2726,4691 2776,4684 2826,4680 2876,4676 2926,4675 2976,4675 3026,4673 3054,4673"/>
        <Word id="word_eed7b6be-971b-4a49-b14e-7470e72d8306">
          <Coords points="774,4691 824,4688 875,4686 925,4685 975,4683 979,4683 980,4728 976,4728 926,4730 876,4731 827,4733 777,4736"/>
          <TextEquiv>
            <Unicode>souden</Unicode>
          </TextEquiv>
        </Word>
        <Word id="word_610f4265-71bc-4ba5-974e-e89dce22c95e">
          <Coords points="1013,4682 1025,4682 1076,4682 1125,4681 1175,4680 1225,4679 1252,4679 1252,4724 1226,4724 1176,4725 1126,4726 1076,4727 1026,4727 1014,4727"/>
          <TextEquiv>
            <Unicode>gesocht</Unicode>
          </TextEquiv>
        </Word>
        <Word id="word_1eae0069-33da-4d27-b040-eb2aa6b34f24">
          <Coords points="1285,4679 1325,4678 1376,4678 1426,4678 1476,4678 1490,4678 1490,4723 1476,4723 1426,4723 1376,4723 1326,4723 1286,4724"/>
          <TextEquiv>
            <Unicode>hebben</Unicode>
          </TextEquiv>
        </Word>
        <Word id="word_59b7e16f-84ef-426d-be78-b62430ca756a">
          <Coords points="1524,4677 1525,4677 1575,4676 1592,4676 1592,4721 1576,4721 1526,4722 1524,4722"/>
          <TextEquiv>
            <Unicode>te</Unicode>
          </TextEquiv>
        </Word>
        <Word id="word_8cebfafc-10d6-4ab6-a34f-84c7e25f95fd">
          <Coords points="1626,4675 1676,4675 1725,4674 1777,4675 1825,4674 1875,4673 1926,4673 1932,4673 1933,4718 1926,4718 1876,4718 1826,4719 1776,4720 1726,4719 1676,4720 1626,4720"/>
          <TextEquiv>
            <Unicode>passeren,</Unicode>
          </TextEquiv>
        </Word>
        <Word id="word_9956b92e-241d-4248-ad49-740a11c61fab">
          <Coords points="1966,4672 1975,4672 2025,4671 2034,4671 2035,4716 2026,4716 1976,4717 1967,4717"/>
          <TextEquiv>
            <Unicode>U.</Unicode>
          </TextEquiv>
        </Word>
        <Word id="word_6e5e5ed7-3fb6-4ce6-9183-9270a5e620db">
          <Coords points="2068,4670 2075,4670 2126,4670 2170,4669 2171,4714 2126,4715 2076,4715 2069,4715"/>
          <TextEquiv>
            <Unicode>Ed:</Unicode>
          </TextEquiv>
        </Word>
        <Word id="word_1f83eeac-6339-4794-a1f2-7b036ad2a32b">
          <Coords points="2202,4669 2224,4667 2275,4666 2325,4665 2376,4665 2426,4665 2475,4663 2477,4663 2477,4708 2476,4708 2426,4710 2376,4710 2326,4710 2276,4711 2227,4712 2205,4713"/>
          <TextEquiv>
            <Unicode>gelieven</Unicode>
          </TextEquiv>
        </Word>
        <Word id="word_1250726d-0588-4fd4-a2e5-c86e6ec653a8">
          <Coords points="2511,4663 2526,4663 2575,4662 2612,4661 2613,4706 2576,4707 2526,4708 2511,4708"/>
          <TextEquiv>
            <Unicode>ons</Unicode>
          </TextEquiv>
        </Word>
        <Word id="word_aa7cb43b-7dd4-4ebe-a72a-448505f92fcc">
          <Coords points="2646,4661 2675,4660 2712,4657 2715,4702 2676,4705 2647,4706"/>
          <TextEquiv>
            <Unicode>te</Unicode>
          </TextEquiv>
        </Word>
        <Word id="word_cd575a16-4950-451f-a98e-e8e40b7770b2">
          <Coords points="2742,4655 2769,4650 2823,4645 2873,4641 2925,4640 2976,4640 3025,4638 3054,4638 3054,4683 3026,4683 2976,4685 2926,4685 2877,4686 2827,4690 2778,4694 2750,4699"/>
          <TextEquiv>
            <Unicode>vestrouwe</Unicode>
          </TextEquiv>
        </Word>
        <TextEquiv conf="0.8934674413709489">
          <Unicode>souden gesocht hebben te passeren, U. Ed: gelieven ons te vestrouwe</Unicode>
        </TextEquiv>
        <TextStyle xHeight="49"/>
      </TextLine>
    </TextRegion>
    <TextRegion id="region_f3c6b6d5-8c34-47f2-9b16-2ad64a58701e_2" custom="structure {type:paragraph;}">
      <Coords points="2573,856 2570,860 2567,860 2560,866 2560,870 2557,873 2557,919 2560,922 2563,922 2567,925 2570,925 2576,932 2580,932 2583,935 2593,935 2596,938 2609,938 2609,935 2612,932 2612,928 2616,925 2616,902 2612,899 2612,889 2609,886 2609,876 2606,873 2606,870 2599,870 2596,866 2593,866 2583,856"/>
    </TextRegion>
    <TextRegion id="region_78e4645b-888e-4058-9251-45d4e609a45a_4" custom="structure {type:paragraph;}">
      <Coords points="2619,631 2606,631 2603,628 2586,628 2583,631 2576,631 2570,637 2570,641 2567,644 2567,647 2557,657 2557,660 2554,664 2554,670 2550,673 2550,680 2547,683 2547,686 2550,690 2550,696 2554,700 2557,700 2560,703 2573,703 2576,706 2599,706 2603,703 2609,703 2612,700 2619,700 2622,696 2622,686 2625,683 2625,644 2622,641 2622,634"/>
    </TextRegion>
    <TextRegion id="region_171208d0-584e-4b59-8b6c-855f1f98c820_5" custom="structure {type:catch-word;}">
      <Coords points="2897,4756 2897,4760 2894,4763 2894,4779 2897,4782 2897,4786 2913,4802 2916,4802 2920,4805 2920,4809 2930,4818 2933,4818 2936,4822 2939,4818 2949,4818 2952,4822 2956,4822 2962,4828 2969,4828 2972,4831 2988,4831 2992,4828 3001,4828 3001,4812 2995,4805 2992,4805 2988,4802 2985,4802 2972,4789 2972,4786 2969,4786 2959,4776 2956,4776 2949,4769 2946,4769 2936,4760 2920,4760 2916,4756 2913,4756 2910,4753 2903,4753 2900,4756"/>
    </TextRegion>
    <TextRegion id="f4d6cdee-bda3-4546-9a5d-97cec6d3178e">
      <Coords points="2858,1939 2959,1939 2959,1957 2858,1957"/>
      <TextLine id="line_5d07e978-f0aa-43dd-a717-2b042f1880aa">
        <Coords points="2840,1905 2877,1898 2898,1881 2936,1885 2966,1906 2981,1901 2981,1957 2972,1953 2933,1981 2917,1968 2885,1977 2866,1996 2840,2005"/>
        <Baseline points="2867,1952 2917,1947 2955,1944"/>
        <Word id="word_559b1221-503f-4524-ace7-6582b32480af">
          <Coords points="2864,1917 2914,1912 2952,1909 2956,1954 2918,1957 2868,1962"/>
          <TextEquiv>
            <Unicode>ijt</Unicode>
          </TextEquiv>
        </Word>
        <TextEquiv conf="0.3466415093430245">
          <Unicode>ijt</Unicode>
        </TextEquiv>
        <TextStyle xHeight="32"/>
      </TextLine>
    </TextRegion>
    <TextRegion id="fa5acac8-7a55-409b-9b45-05e58bc69d0f">
      <Coords points="2898,4847 3116,4847 3116,4879 2898,4879"/>
      <TextLine id="d4b7bd01-f4b5-4ec8-b79e-07d4b580ed8d">
        <Coords points="2871,4764 2933,4747 2981,4776 3032,4771 3040,4779 3068,4780 3091,4803 3100,4799 3123,4819 3141,4815 3141,4871 3112,4885 3085,4870 3067,4878 3045,4870 3014,4878 2955,4874 2932,4882 2909,4869 2871,4870"/>
        <Baseline points="2898,4856 2948,4863 2998,4866 3048,4863 3098,4860 3115,4858"/>
        <Word id="word_4f842e36-72f8-4518-8749-67ce8ad04da1">
          <Coords points="2903,4821 2953,4828 3000,4831 3046,4828 3096,4825 3111,4823 3116,4868 3099,4870 3049,4873 2997,4876 2947,4873 2897,4866"/>
          <TextEquiv>
            <Unicode>dat</Unicode>
          </TextEquiv>
        </Word>
        <TextEquiv conf="0.9975622123820103">
          <Unicode>dat</Unicode>
        </TextEquiv>
        <TextStyle xHeight="33"/>
      </TextLine>
    </TextRegion>
  </Page>
</PcGts>
