3567 4883
1274 775 1476 823 Tijt
1524 768 1727 817 voor
1777 757 2379 810 ondercoopman
2429 756 2529 801 nu
2578 751 2982 801 volcomen
3031 754 3082 799 a
3131 755 3185 802 ƒ
3231 761 3392 809 44—

1304 902 1444 952 ter
1489 895 1768 946 maendt
1814 890 2001 939 uijt
2044 887 2372 935 gedient
2418 886 2604 932 ende
2634 885 3068 932 geruijmen
3114 888 3348 935 tijdt

1288 1023 1550 1078 sijnen
1592 1019 1856 1068 dienst
1898 1021 2073 1068 voor
2116 1017 2553 1069 opperhooft
2595 1017 2683 1064 op
2725 1015 2813 1061 't
2856 1009 3336 1059 nederlandts

1273 1155 1625 1213 Comptoir
1667 1152 1799 1200 dat
1842 1150 2105 1197 cheron
2147 1151 2627 1199 waergenomen
2671 1143 3194 1198 dienvolgende
3235 1136 3413 1187 goet

1284 1292 1830 1340 contentemendt
1871 1294 1998 1341 van
2038 1295 2208 1342 sijn
2250 1297 2459 1343 doen,
2501 1294 2753 1343 ijver,
2795 1289 2963 1338 ende
3004 1283 3425 1334 vigulantie

1274 1425 1596 1480 gegeven
1641 1423 1824 1469 ende
1855 1416 2097 1467 goede
2140 1412 2508 1461 kennisse
2553 1412 2736 1459 inde
2781 1412 3101 1459 negotie
3146 1411 3421 1458 alhier

1267 1556 1558 1610 becomen
1598 1551 1974 1601 hebbende,
2015 1551 2182 1597 ende
2223 1550 2472 1598 sijnen
2514 1548 2763 1596 dienst
2804 1548 2971 1593 mits
3011 1541 3438 1592 genietende

1276 1696 1415 1746 een
1459 1697 1872 1744 eerlijcke
1911 1696 2464 1745 verbeteringh
2508 1691 2648 1742 van
2692 1674 3149 1733 qualiteijt
3194 1660 3378 1718 ende

1274 1834 1588 1898 Gagie,
1639 1833 2103 1879 andermael
2154 1827 2929 1879 presenteerende,
2979 1825 3238 1875 werdt
3289 1824 3393 1870 op

1260 1970 1454 2023 zijn
1501 1965 1887 2015 vertoogh
1935 1963 2128 2010 ende
2176 1962 2755 2009 bequaemheijt
2799 1963 2948 2010 als
2994 1961 3188 2009 omme
3236 1957 3381 2006 den

1265 2105 1554 2154 selven
1602 2104 1795 2152 meer
1841 2101 2035 2149 ende
2083 2099 2277 2148 meer
2322 2106 2419 2154 in
2467 2105 2564 2153 's
2603 2097 2900 2149 Comp=s
2945 2095 3236 2142 dienst
3281 2091 3382 2142 te

1272 2243 1745 2299 annimeren,
1791 2241 1932 2290 bij
1979 2242 2214 2291 desen
2260 2244 2356 2291 de
2402 2247 2591 2296 novo
2636 2252 2825 2299 voor
2854 2243 3106 2298 drije
3153 2239 3393 2286 naest

1269 2382 1636 2432 volgende
1680 2376 1957 2425 jaeren
2002 2375 2508 2425 aengenomen,
2553 2373 2737 2419 ende
2782 2372 2875 2418 d'
2920 2364 3386 2418 qualiteijt

1258 2519 1428 2569 van
1485 2517 1881 2566 coopman
1935 2511 2108 2562 met
2163 2506 2335 2555 een
2391 2496 3072 2551 tracktemendt
3128 2495 3299 2545 van

1264 2659 1617 2712 tsestich
1660 2651 1970 2703 guldens
2013 2650 2145 2697 ter
2189 2647 2454 2695 maendt
2497 2644 2762 2692 nevens
2805 2643 2850 2689 t
2891 2634 3425 2689 oppercoopman

1213 2798 1640 2871 rantsoen
1692 2782 2273 2842 toegevoucht
2325 2769 2853 2827 jnnegaende
2903 2766 3011 2814 't
3062 2754 3383 2811 nieuwe

1253 2940 1694 2999 verbandt,
1742 2937 1939 2986 ende
1987 2933 2085 2979 d'
2130 2906 2720 2977 verbetringhe
2767 2897 2916 2949 van
2963 2886 3209 2940 gagie
3255 2880 3405 2933 den

1237 3065 1369 3116 15
1413 3056 1760 3113 augo„
1825 3032 2679 3099 naestvolgende

1215 3279 1672 3344 Heertgen
1728 3277 1897 3324 pan
1953 3276 2123 3322 van
2179 3267 2800 3320 Enckhuijsen
2856 3263 3025 3311 int
3082 3261 3364 3309 landt

1326 3409 1729 3483 Gecomen
1786 3409 1957 3454 met
2011 3405 2355 3454 tschip
2411 3404 2696 3451 nieuw
2752 3391 3382 3449 enckhuijsen

1242 3566 1339 3612 ao
1359 3551 1577 3608 1641
1620 3538 1769 3593 den
1815 3532 1914 3581 19
1961 3526 2155 3575 meij
2203 3525 2396 3573 voor
2442 3520 2879 3570 adsistent
2924 3517 2975 3564 a
3022 3517 3071 3564 ½
3118 3516 3216 3564 20
3263 3502 3410 3560 ter

1260 3663 1590 3722 maendt
1641 3657 2080 3712 hebbende
2133 3644 2462 3700 sijnen
2515 3643 2734 3692 tijt
2787 3642 2898 3691 nu
2948 3623 3389 3686 volcomen

1261 3795 1454 3848 uijt
1500 3783 1836 3838 gedient
1883 3780 2074 3829 ende
2119 3766 2456 3823 volgens
2502 3761 2981 3811 d'raporten
3027 3752 3171 3805 die
3218 3745 3411 3796 sijn

1253 3922 1621 3974 meerder
1670 3913 1830 3966 van
1883 3908 2040 3958 hem
2089 3895 2408 3952 geven,
2460 3889 2722 3941 goedt
2774 3875 3411 3933 contentement

1240 4052 1385 4103 van
1429 4046 1622 4095 sijn
1670 4038 1861 4091 doen
1907 4023 2290 4081 gegeven,
2335 4023 2577 4070 werdt
2619 4019 2720 4071 op
2765 4008 2958 4063 sijn
3005 3998 3388 4052 vertoogh

1249 4200 1460 4253 ende
1511 4169 2142 4242 bequaemheijt
2194 4168 2352 4214 als
2402 4151 3088 4211 genegentheijt
3137 4149 3246 4200 d'
3293 4159 3402 4208 E:

1281 4363 1619 4417 Comp„s
1672 4346 1898 4404 noch
1952 4337 2290 4388 langer
2345 4332 2458 4380 jn
2508 4317 2794 4376 jndia
2848 4313 2962 4361 te
3013 4306 3355 4358 dienen

3020 4564 3290 4617 Bij
