<?xml version="1.0" encoding="UTF-8"?>
<PcGts xmlns="http://schema.primaresearch.org/PAGE/gts/pagecontent/2013-07-15">
  <Metadata externalRef="7d8b26a3-47f8-4b70-888f-5a1d1bc5dc60">
    <Creator>Laypa</Creator>
    <Created>2023-09-08T02:23:23</Created>
    <LastChange>2023-09-08T03:38:14</LastChange>
    <Comment>license: CC0</Comment>
    <MetadataItem type="processingStep" name="layout-analysis" value="laypa">
      <Labels>
        <Label value="228a7d24385cff0e51687c00d0e65a2c2a9703d5" type="githash"/>
        <Label value="61334eb4-edff-4af5-b036-b5927f35bbcf" type="uuid"/>
        <Label value="https://hdl.handle.net/10622/VMSCBR" type="laypamodelremote"/>
      </Labels>
    </MetadataItem>
    <MetadataItem type="processingStep" name="region-analysis" value="laypa">
      <Labels>
        <Label value="0a3442b4-835c-44bc-9115-3fd08263a5dc" type="uuid"/>
        <Label value="https://hdl.handle.net/10622/DMAS2T" type="laypamodelremote"/>
      </Labels>
    </MetadataItem>
    <MetadataItem type="processingStep" name="htr" value="loghi-htr">
      <Labels>
        <Label value="9efb3e0ff4338dc6e07d110ac4d435f27f5b0e16&#10;" type="githash"/>
        <Label value="3a9bdaa3-493c-483e-bbb2-f51961b8e5a0" type="uuid"/>
        <Label value="64" type="batch_size"/>
        <Label value="https://hdl.handle.net/10622/X2JZYY" type="loghihtrmodelremote"/>
      </Labels>
    </MetadataItem>
    <MetadataItem type="processingStep" name="word-splitting" value="loghi-htr-tooling"/>
    <MetadataItem type="other" name="dataset" value="https://hdl.handle.net/10622/LVXSBW">
      <Labels>
        <Label value="VOC transcriptions v2 - GLOBALISE" type="name"/>
        <Label value="Dataset in pagexml and txt format, including data card." type="description"/>
        <Label value="https://globalise.huygens.knaw.nl/" type="creator"/>
        <Label value="https://hdl.handle.net/10622/LVXSBW" type="url"/>
      </Labels>
    </MetadataItem>
  </Metadata>
  <Page imageFilename="NL-HaNA_1.04.02_1161_0412.jpg" imageWidth="3560" imageHeight="4958">
    <ReadingOrder>
      <OrderedGroup id="orderedgroup_89ef1317-97ce-4430-adf8-33766615bf7e">
        <RegionRefIndexed index="0" regionRef="region_c8ca6eda-4cc2-41b6-87e5-037eba7c72a4_1"/>
        <RegionRefIndexed index="1" regionRef="region_30552d9f-c2cb-43c2-9bac-aa28e567b4ad_2"/>
        <RegionRefIndexed index="2" regionRef="region_2bb04026-b182-4700-96c7-f115d18cec4d"/>
        <RegionRefIndexed index="3" regionRef="region_3edaf334-f3bb-4257-ac48-f34b38f1e2b9"/>
        <RegionRefIndexed index="4" regionRef="e074a5fe-545b-47f9-819f-e67ea32bde8a"/>
      </OrderedGroup>
    </ReadingOrder>
    <TextRegion id="region_c8ca6eda-4cc2-41b6-87e5-037eba7c72a4_1" custom="structure {type:paragraph;}">
      <Coords points="3264,716 3219,716 3146,741 2945,772 1954,765 1773,751 1366,751 1328,782 1300,880 1297,949 1279,1026 1283,1648 1265,1714 1272,1860 1259,2034 1238,2138 1248,2298 1231,2444 1238,2545 1227,2660 1210,2712 1206,2799 1220,2914 1217,3070 1224,3105 1224,3223 1203,3313 1213,3418 1192,3473 1203,3539 1168,3585 1179,3630 1168,3675 1172,3943 1182,4134 1196,4190 1189,4221 1192,4318 1203,4374 1224,4398 1345,4405 1738,4388 2566,4405 2840,4402 2962,4391 3150,4402 3216,4384 3247,4363 3306,4363 3334,4332 3331,4242 3310,4200 3310,4158 3334,4103 3327,4037 3341,3971 3334,3953 3341,3835 3303,3734 3344,3682 3365,3616 3348,3265 3355,3105 3341,3046 3348,3004 3341,2903 3355,2865 3351,2740 3327,2688 3344,2580 3348,2385 3341,2350 3358,2298 3341,2034 3358,1919 3362,1679 3310,1568 3299,1523 3310,1499 3355,1471 3376,1443 3351,1370 3383,1342 3494,1328 3504,1311 3477,1293 3386,1283 3362,1259 3386,1151 3386,1043 3372,970 3383,890 3369,852 3362,786 3341,754"/>
      <TextLine id="line_1cca5966-ebed-4954-9557-21f0daf8d364">
        <Coords points="1236,601 1337,596 1346,605 1622,608 1670,628 1726,680 3174,679 3227,683 3236,692 3247,684 3314,751 3323,751 3323,829 2902,827 2850,872 2822,872 2802,859 2738,855 1990,856 1974,843 1366,831 1342,815 1236,811"/>
        <Baseline points="1274,802 1324,805 1374,805 1424,804 1474,805 1524,804 1574,804 1624,806 1674,808 1724,809 1774,809 1824,810 1874,811 1924,811 1974,811 2024,811 2074,812 2124,813 2174,813 2224,813 2274,814 2324,815 2374,815 2424,816 2474,816 2524,816 2574,816 2624,815 2674,815 2724,815 2774,815 2824,815 2874,814 2924,813 2974,813 3024,812 3074,812 3124,810 3174,809 3224,808 3274,807 3286,810"/>
        <Word id="word_408659cc-34e6-4069-89c4-0b8e73293c9a">
          <Coords points="1276,767 1326,770 1374,770 1423,769 1475,770 1523,769 1548,769 1548,814 1524,814 1474,815 1424,814 1374,815 1323,815 1273,812"/>
          <TextEquiv>
            <Unicode>Carcal</Unicode>
          </TextEquiv>
        </Word>
        <Word id="word_fd4085cd-3f63-4213-a3e1-1cbbcf96896d">
          <Coords points="1596,769 1626,771 1675,773 1725,774 1731,774 1731,819 1724,819 1674,818 1623,816 1593,814"/>
          <TextEquiv>
            <Unicode>tot</Unicode>
          </TextEquiv>
        </Word>
        <Word id="word_da48af92-7a8d-4383-b58c-d66d16d26f81">
          <Coords points="1778,774 1825,775 1875,776 1914,776 1914,821 1874,821 1824,820 1777,819"/>
          <TextEquiv>
            <Unicode>een</Unicode>
          </TextEquiv>
        </Word>
        <Word id="word_509cbb9d-f122-4438-bb77-467e8c360590">
          <Coords points="1960,776 1974,776 2024,776 2075,777 2125,778 2174,778 2224,778 2235,778 2234,823 2224,823 2174,823 2124,823 2074,822 2024,821 1974,821 1960,821"/>
          <TextEquiv>
            <Unicode>preuve</Unicode>
          </TextEquiv>
        </Word>
        <Word id="word_5e33a7fc-8985-4a4e-a2e3-28f5a7504825">
          <Coords points="2281,779 2325,780 2372,780 2372,825 2324,825 2280,824"/>
          <TextEquiv>
            <Unicode>op</Unicode>
          </TextEquiv>
        </Word>
        <Word id="word_71f9e6c9-f8c4-475a-9a39-0f1d64bbce0c">
          <Coords points="2422,780 2429,781 2474,781 2524,781 2574,781 2623,780 2674,780 2724,780 2774,780 2824,780 2828,780 2829,825 2824,825 2774,825 2724,825 2674,825 2624,825 2574,826 2524,826 2474,826 2423,826 2416,825"/>
          <TextEquiv>
            <Unicode>gemaeckt,</Unicode>
          </TextEquiv>
        </Word>
        <Word id="word_8a6f0c38-f040-4909-b95d-91174f477352">
          <Coords points="2874,779 2923,778 2974,778 3023,777 3074,777 3123,775 3148,775 3149,819 3124,820 3074,822 3024,822 2974,823 2924,823 2875,824"/>
          <TextEquiv>
            <Unicode>sijnde</Unicode>
          </TextEquiv>
        </Word>
        <Word id="word_abd9969e-10fa-4a13-90f3-e514b4204118">
          <Coords points="3194,774 3223,773 3273,772 3294,776 3283,820 3274,817 3224,818 3195,819"/>
          <TextEquiv>
            <Unicode>de</Unicode>
          </TextEquiv>
        </Word>
        <TextEquiv conf="0.9165075780420241">
          <Unicode>Carcal tot een preuve op gemaeckt, sijnde de</Unicode>
        </TextEquiv>
        <TextStyle xHeight="50"/>
      </TextLine>
      <TextLine id="line_193943a1-64cd-41bb-99de-b4c7deaccdc4">
        <Coords points="1252,817 1350,817 1370,833 1973,845 1985,857 2736,857 2808,861 2820,872 2848,873 2908,822 3291,818 3319,797 3378,797 3440,854 3440,932 3415,942 3387,970 3351,961 3335,970 3231,974 3147,973 3115,961 3036,961 3024,949 2976,949 2968,941 2708,945 2584,941 2576,933 2432,934 2396,966 2345,966 2329,978 2305,977 2297,969 2217,969 2209,961 2045,962 1973,925 1857,917 1252,926"/>
        <Baseline points="1290,909 1340,904 1390,901 1440,901 1490,900 1540,900 1590,900 1640,900 1690,901 1740,901 1790,902 1840,901 1890,901 1940,902 1990,904 2040,903 2090,905 2140,907 2190,907 2240,908 2290,908 2340,909 2390,910 2440,910 2490,912 2540,912 2590,911 2640,911 2690,910 2740,909 2790,908 2840,909 2890,910 2940,909 2990,907 3040,908 3090,909 3140,910 3190,910 3240,909 3290,910 3340,913 3390,914 3403,913"/>
        <Word id="word_7e3c16e3-5337-4c26-86b9-4cfbb4606199">
          <Coords points="1287,874 1337,869 1388,866 1440,866 1489,865 1540,865 1590,865 1640,865 1691,866 1740,866 1755,866 1754,911 1740,911 1690,911 1640,910 1590,910 1540,910 1490,910 1440,911 1391,911 1341,914 1291,919"/>
          <TextEquiv>
            <Unicode>committeren</Unicode>
          </TextEquiv>
        </Word>
        <Word id="word_f5f9d031-747c-4e13-be9f-0a949b3669d7">
          <Coords points="1796,867 1839,866 1890,866 1941,867 1991,869 2039,868 2052,868 2050,913 2040,913 1990,914 1940,912 1890,911 1840,911 1797,912"/>
          <TextEquiv>
            <Unicode>aldaer</Unicode>
          </TextEquiv>
        </Word>
        <Word id="word_fe3cd311-2cec-49d4-807e-4e9004a5bfab">
          <Coords points="2094,870 2141,872 2190,872 2241,873 2262,873 2262,918 2240,918 2190,917 2140,917 2092,915"/>
          <TextEquiv>
            <Unicode>mede</Unicode>
          </TextEquiv>
        </Word>
        <Word id="word_56d109d0-bb8c-4149-9541-9e53c4fc7d05">
          <Coords points="2305,873 2341,874 2391,875 2431,875 2431,920 2390,920 2340,919 2304,918"/>
          <TextEquiv>
            <Unicode>int</Unicode>
          </TextEquiv>
        </Word>
        <Word id="word_d7b44231-b8d6-4eef-bd0e-6052f0c2c5fb">
          <Coords points="2477,875 2494,877 2540,877 2589,876 2640,876 2684,875 2685,920 2640,921 2590,921 2540,922 2489,922 2472,920"/>
          <TextEquiv>
            <Unicode>werck</Unicode>
          </TextEquiv>
        </Word>
        <Word id="word_4304b267-8303-4ef5-90e5-91f5c89689f2">
          <Coords points="2726,874 2739,874 2789,873 2841,874 2891,875 2939,874 2989,872 3041,873 3066,874 3065,918 3040,918 2990,917 2940,919 2890,920 2840,919 2790,918 2740,919 2727,919"/>
          <TextEquiv>
            <Unicode>gestelt,</Unicode>
          </TextEquiv>
        </Word>
        <Word id="word_a3e7974c-400f-42c8-b317-04a60eba65cb">
          <Coords points="3108,874 3141,875 3190,875 3233,874 3234,919 3190,920 3140,920 3107,919"/>
          <TextEquiv>
            <Unicode>soo</Unicode>
          </TextEquiv>
        </Word>
        <Word id="word_3c66edf1-9890-4a92-9cd8-808bfdac0b6d">
          <Coords points="3281,874 3294,875 3342,878 3391,879 3400,878 3404,923 3390,924 3339,923 3289,920 3275,918"/>
          <TextEquiv>
            <Unicode>dae</Unicode>
          </TextEquiv>
        </Word>
        <TextEquiv conf="0.8869072098650428">
          <Unicode>committeren aldaer mede int werck gestelt, soo dae</Unicode>
        </TextEquiv>
        <TextStyle xHeight="40"/>
      </TextLine>
      <TextLine id="line_2ac24d8c-842c-4bd1-b7c2-704e46dd0d1e">
        <Coords points="1262,929 1584,920 1982,928 2000,944 2028,948 2044,961 2208,960 2220,969 2295,968 2303,976 2328,977 2339,969 2399,965 2411,956 2598,961 2607,952 2667,952 2771,965 2799,952 3244,947 3244,1025 3212,1028 2887,1023 2859,1032 2847,1044 2367,1044 2339,1043 2319,1023 2236,1023 2229,1016 2040,1017 2024,1020 1970,1071 1908,1070 1884,1047 1262,1052"/>
        <Baseline points="1300,1010 1350,1006 1400,1004 1450,1002 1500,1000 1550,1000 1600,999 1650,1000 1700,999 1750,999 1800,1000 1850,1001 1900,1002 1950,1001 2000,1003 2050,1005 2100,1006 2150,1005 2200,1005 2250,1004 2300,1004 2350,1004 2400,1004 2450,1004 2500,1004 2550,1005 2600,1006 2650,1005 2700,1005 2750,1005 2800,1005 2850,1006 2900,1006 2950,1006 3000,1005 3050,1006 3100,1005 3150,1003 3200,1005 3207,1006"/>
        <Word id="word_90e4fe2d-3d8d-4d83-8721-c2388f527569">
          <Coords points="1297,975 1347,971 1399,969 1449,967 1499,965 1507,965 1507,1010 1500,1010 1450,1012 1400,1014 1351,1016 1301,1020"/>
          <TextEquiv>
            <Unicode>(goet</Unicode>
          </TextEquiv>
        </Word>
        <Word id="word_f30cfb77-a0fc-4993-b3dd-92949549a438">
          <Coords points="1549,965 1550,965 1599,964 1632,965 1631,1010 1600,1009 1550,1010 1549,1010"/>
          <TextEquiv>
            <Unicode>d'</Unicode>
          </TextEquiv>
        </Word>
        <Word id="word_457f5f76-5894-40a4-a8a9-fcb88664c85b">
          <Coords points="1671,966 1698,964 1750,964 1801,965 1851,966 1901,967 1949,966 1965,967 1963,1012 1950,1011 1900,1012 1850,1011 1800,1010 1750,1009 1701,1009 1673,1010"/>
          <TextEquiv>
            <Unicode>voorste</Unicode>
          </TextEquiv>
        </Word>
        <Word id="word_eb89637c-bb68-47af-9dda-83bf5beff033">
          <Coords points="2006,968 2051,970 2101,971 2128,970 2129,1015 2100,1016 2050,1015 2004,1013"/>
          <TextEquiv>
            <Unicode>bij</Unicode>
          </TextEquiv>
        </Word>
        <Word id="word_95ac8165-c1ef-42fd-82fb-5b46c7e2978a">
          <Coords points="2171,970 2200,970 2249,969 2300,969 2350,969 2400,969 2450,969 2500,969 2551,970 2601,971 2626,970 2627,1015 2600,1016 2550,1015 2500,1014 2450,1014 2400,1014 2350,1014 2300,1014 2250,1014 2200,1015 2170,1015"/>
          <TextEquiv>
            <Unicode>continuatie</Unicode>
          </TextEquiv>
        </Word>
        <Word id="word_c311c54e-fd50-4e99-a882-8c927e56bdc4">
          <Coords points="2668,970 2700,970 2750,970 2800,970 2851,971 2900,971 2917,971 2917,1016 2900,1016 2850,1016 2800,1015 2750,1015 2700,1015 2668,1015"/>
          <TextEquiv>
            <Unicode>vanden</Unicode>
          </TextEquiv>
        </Word>
        <Word id="word_76e3ee43-8e94-48b5-a072-d35ebd4e2624">
          <Coords points="2957,971 2999,970 3051,971 3099,970 3149,968 3201,970 3212,971 3206,1016 3200,1015 3150,1013 3100,1015 3050,1016 3000,1015 2959,1016"/>
          <TextEquiv>
            <Unicode>handel</Unicode>
          </TextEquiv>
        </Word>
        <TextEquiv conf="0.9077839776448356">
          <Unicode>(goet d' voorste bij continuatie vanden handel</Unicode>
        </TextEquiv>
        <TextStyle xHeight="36"/>
      </TextLine>
      <TextLine id="line_3be14e02-2ffd-4e5a-8cbe-d6234d306466">
        <Coords points="2200,1016 2368,1017 2368,1095 2343,1095 2325,1112 2304,1112 2288,1096 2261,1096 2250,1085 2200,1093"/>
        <Baseline points="2238,1076 2288,1075 2331,1076"/>
        <Word id="word_e33a28f6-486d-4e6b-80d3-c902d8d53ad3">
          <Coords points="2237,1041 2261,1041 2261,1086 2238,1086"/>
          <TextEquiv>
            <Unicode>„</Unicode>
          </TextEquiv>
        </Word>
        <Word id="word_1c5ce8f8-8c21-4619-8887-36e5d5f65373">
          <Coords points="2284,1040 2287,1040 2332,1041 2331,1086 2288,1085 2285,1085"/>
          <TextEquiv>
            <Unicode>nu</Unicode>
          </TextEquiv>
        </Word>
        <TextEquiv conf="0.763671198773781">
          <Unicode>„ nu</Unicode>
        </TextEquiv>
        <TextStyle xHeight="32"/>
      </TextLine>
      <TextLine id="line_82178883-aaf6-4104-b523-a9c795868121">
        <Coords points="1250,1040 1340,1041 1360,1029 1684,1033 1993,1020 2008,1032 2040,1024 2072,1055 2156,1055 2186,1076 2215,1072 2260,1095 2287,1095 2308,1115 2329,1111 2392,1052 2848,1045 2892,1018 3172,1018 3212,1014 3220,1006 3380,1009 3437,1058 3437,1136 3420,1138 3384,1173 3372,1172 3352,1152 3280,1152 3252,1125 2912,1126 2904,1134 2868,1138 2657,1141 2356,1140 2349,1133 2296,1133 2240,1138 2208,1157 1368,1156 1344,1144 1250,1144"/>
        <Baseline points="1288,1132 1338,1129 1388,1126 1438,1124 1488,1123 1538,1122 1588,1122 1638,1121 1688,1120 1738,1119 1788,1117 1838,1117 1888,1117 1938,1116 1988,1116 2038,1115 2088,1114 2138,1115 2188,1120 2238,1122 2288,1123 2338,1121 2388,1116 2438,1115 2488,1114 2538,1113 2588,1112 2638,1111 2688,1110 2738,1109 2788,1108 2838,1107 2888,1106 2938,1105 2988,1105 3038,1104 3088,1105 3138,1105 3188,1105 3238,1106 3288,1108 3338,1112 3388,1114 3400,1117"/>
        <Word id="word_a2c07409-7aff-4ba8-90ef-0e3de598b98c">
          <Coords points="1286,1097 1336,1094 1386,1091 1437,1089 1487,1088 1537,1087 1588,1087 1637,1086 1687,1085 1701,1085 1702,1130 1688,1130 1638,1131 1588,1132 1538,1132 1488,1133 1438,1134 1389,1136 1339,1139 1289,1142"/>
          <TextEquiv>
            <Unicode>derwaerts,</Unicode>
          </TextEquiv>
        </Word>
        <Word id="word_f17e3673-a4c7-4ce2-8885-279fdfaf379e">
          <Coords points="1742,1084 1787,1082 1838,1082 1888,1082 1909,1082 1910,1127 1888,1127 1838,1127 1788,1127 1744,1129"/>
          <TextEquiv>
            <Unicode>daer</Unicode>
          </TextEquiv>
        </Word>
        <Word id="word_3be8b26b-0b00-4898-b010-f66116b3a7bb">
          <Coords points="1951,1081 1988,1081 2037,1080 2074,1079 2075,1124 2038,1125 1988,1126 1951,1126"/>
          <TextEquiv>
            <Unicode>toe</Unicode>
          </TextEquiv>
        </Word>
        <Word id="word_3b10b110-b9d7-42ae-b1b4-81b0e4c3c223">
          <Coords points="2119,1079 2141,1080 2191,1085 2239,1087 2283,1088 2282,1133 2238,1132 2187,1130 2137,1125 2116,1123"/>
          <TextEquiv>
            <Unicode>sich</Unicode>
          </TextEquiv>
        </Word>
        <Word id="word_3bd522e8-ba35-406a-8726-ee6d142504a7">
          <Coords points="2317,1089 2332,1087 2361,1084 2365,1128 2340,1131 2325,1134"/>
          <TextEquiv>
            <Unicode>„</Unicode>
          </TextEquiv>
        </Word>
        <Word id="word_f8d40e68-22b8-4d75-af53-9dfe56fcebb3">
          <Coords points="2407,1079 2439,1080 2487,1079 2537,1078 2587,1077 2637,1076 2687,1075 2737,1074 2787,1073 2837,1072 2861,1072 2862,1117 2838,1117 2788,1118 2738,1119 2688,1120 2638,1121 2588,1122 2538,1123 2488,1124 2438,1125 2405,1124"/>
          <TextEquiv>
            <Unicode>apparentien</Unicode>
          </TextEquiv>
        </Word>
        <Word id="word_433b408f-0338-41d3-8504-9a8a6069dc5b">
          <Coords points="2902,1071 2937,1070 2988,1070 3037,1069 3089,1070 3138,1070 3188,1070 3239,1071 3289,1073 3341,1077 3389,1079 3408,1083 3397,1127 3388,1124 3337,1122 3288,1118 3238,1116 3188,1115 3138,1115 3088,1115 3038,1114 2988,1115 2938,1115 2903,1116"/>
          <TextEquiv>
            <Unicode>favorabelden</Unicode>
          </TextEquiv>
        </Word>
        <TextEquiv conf="0.8095975455452422">
          <Unicode>derwaerts, daer toe sich „ apparentien favorabelden</Unicode>
        </TextEquiv>
        <TextStyle xHeight="42"/>
      </TextLine>
      <TextLine id="line_7696b3da-91b3-4916-b18c-c87ae1abb2ad">
        <Coords points="1249,1153 1810,1152 1822,1161 1938,1161 2206,1157 2242,1137 2657,1141 2869,1137 2909,1126 3252,1125 3280,1152 3352,1152 3372,1172 3384,1173 3400,1157 3417,1157 3417,1235 3400,1235 3384,1222 3308,1238 3053,1230 3001,1250 2981,1249 2964,1234 2517,1242 2497,1261 2254,1261 2226,1277 2205,1261 2108,1309 2093,1300 1922,1296 1898,1317 1674,1313 1630,1272 1610,1264 1249,1257"/>
        <Baseline points="1287,1247 1337,1248 1387,1246 1437,1245 1487,1243 1537,1242 1587,1242 1637,1242 1687,1240 1737,1238 1787,1236 1837,1235 1887,1235 1937,1234 1987,1233 2037,1233 2087,1234 2137,1234 2187,1234 2237,1235 2287,1234 2337,1235 2387,1235 2437,1235 2487,1234 2537,1235 2587,1234 2637,1234 2687,1233 2737,1232 2787,1231 2837,1230 2887,1229 2937,1227 2987,1225 3037,1224 3087,1222 3137,1221 3187,1221 3237,1222 3287,1223 3337,1220 3380,1216"/>
        <Word id="word_3ba797b9-417a-43a3-a7e2-45555acc6b67">
          <Coords points="1288,1212 1338,1213 1386,1211 1436,1210 1486,1208 1533,1207 1533,1252 1487,1253 1437,1255 1387,1256 1337,1258 1287,1257"/>
          <TextEquiv>
            <Unicode>alswel</Unicode>
          </TextEquiv>
        </Word>
        <Word id="word_9b259f88-c6bc-4c2f-b46f-87d7f41d1a1a">
          <Coords points="1576,1206 1589,1207 1637,1207 1686,1205 1736,1203 1737,1203 1739,1248 1737,1248 1687,1250 1637,1252 1586,1252 1574,1251"/>
          <TextEquiv>
            <Unicode>voor</Unicode>
          </TextEquiv>
        </Word>
        <Word id="word_fb50a21c-5f17-443b-977f-5f85602ffea4">
          <Coords points="1778,1201 1786,1201 1836,1200 1887,1200 1936,1199 1984,1198 1985,1243 1937,1244 1887,1245 1837,1245 1787,1246 1780,1246"/>
          <TextEquiv>
            <Unicode>desen</Unicode>
          </TextEquiv>
        </Word>
        <Word id="word_6e864d8f-91ef-4e40-b314-9d2df597c41e">
          <Coords points="2028,1197 2039,1198 2088,1199 2137,1199 2187,1199 2238,1200 2286,1199 2338,1200 2387,1200 2437,1200 2477,1199 2477,1244 2437,1245 2387,1245 2337,1245 2287,1244 2237,1245 2187,1244 2137,1244 2087,1244 2036,1243 2025,1242"/>
          <TextEquiv>
            <Unicode>verthoonen,</Unicode>
          </TextEquiv>
        </Word>
        <Word id="word_e2c59a69-7f55-40c5-98e7-840f6f10414a">
          <Coords points="2521,1199 2540,1200 2586,1199 2637,1199 2682,1198 2683,1243 2637,1244 2587,1244 2536,1245 2517,1243"/>
          <TextEquiv>
            <Unicode>niet</Unicode>
          </TextEquiv>
        </Word>
        <Word id="word_a9f447b8-9e73-405e-b779-594ac9ecee16">
          <Coords points="2723,1197 2736,1197 2786,1196 2805,1196 2806,1241 2787,1241 2737,1242 2724,1242"/>
          <TextEquiv>
            <Unicode>en</Unicode>
          </TextEquiv>
        </Word>
        <Word id="word_8ff816a2-b312-45db-b0d1-319f3f18aac3">
          <Coords points="2846,1195 2886,1194 2936,1192 2986,1190 3036,1189 3086,1187 3136,1186 3187,1186 3217,1187 3216,1232 3187,1231 3137,1231 3087,1232 3037,1234 2987,1235 2937,1237 2887,1239 2847,1240"/>
          <TextEquiv>
            <Unicode>twijffele</Unicode>
          </TextEquiv>
        </Word>
        <Word id="word_5d04efb1-891e-4d72-9815-9cb8caa6fe10">
          <Coords points="3258,1187 3288,1188 3335,1185 3377,1181 3381,1226 3338,1230 3287,1233 3257,1232"/>
          <TextEquiv>
            <Unicode>cof</Unicode>
          </TextEquiv>
        </Word>
        <TextEquiv conf="0.8792570358401334">
          <Unicode>alswel voor desen verthoonen, niet en twijffele cof</Unicode>
        </TextEquiv>
        <TextStyle xHeight="41"/>
      </TextLine>
      <TextLine id="fba26b24-0fd6-46fb-be3a-aece71625ec6">
        <Coords points="1250,1268 1612,1263 1636,1275 1676,1314 1816,1315 1896,1315 1940,1283 2130,1283 2143,1292 2180,1283 2199,1292 2216,1276 2252,1267 2356,1267 2364,1275 2508,1275 2580,1284 2926,1279 2944,1292 2960,1292 3000,1259 3204,1259 3212,1267 3317,1271 3317,1349 2708,1356 2692,1344 2432,1348 2368,1352 2360,1360 2304,1360 2288,1376 2196,1376 2184,1388 2145,1356 1828,1360 1804,1376 1752,1388 1408,1375 1250,1384"/>
        <Baseline points="1288,1368 1338,1364 1388,1360 1438,1357 1488,1357 1538,1355 1588,1353 1638,1350 1688,1349 1738,1347 1788,1347 1838,1347 1888,1347 1938,1347 1988,1347 2038,1345 2088,1342 2138,1341 2188,1340 2238,1338 2288,1337 2338,1337 2388,1336 2438,1337 2488,1337 2538,1338 2588,1338 2638,1337 2688,1336 2738,1337 2788,1335 2838,1333 2888,1333 2938,1333 2988,1333 3038,1332 3088,1333 3138,1333 3188,1333 3238,1333 3280,1330"/>
        <Word id="word_b6fba830-dc90-4a78-ab8a-83bc3687a9e0">
          <Coords points="1285,1333 1335,1329 1385,1325 1416,1323 1418,1368 1389,1370 1339,1374 1289,1378"/>
          <TextEquiv>
            <Unicode>sal</Unicode>
          </TextEquiv>
        </Word>
        <Word id="word_1d7834ce-2401-453c-ae97-fc5fc65259ce">
          <Coords points="1463,1321 1490,1322 1537,1320 1546,1320 1548,1365 1538,1365 1487,1367 1460,1366"/>
          <TextEquiv>
            <Unicode>d'</Unicode>
          </TextEquiv>
        </Word>
        <Word id="word_896140da-fea9-4326-8cf0-3d5a18c414ef">
          <Coords points="1589,1318 1636,1315 1677,1314 1677,1359 1639,1360 1591,1363"/>
          <TextEquiv>
            <Unicode>E.</Unicode>
          </TextEquiv>
        </Word>
        <Word id="word_38037bda-116c-4645-afde-1435f48614a3">
          <Coords points="1718,1313 1735,1312 1788,1312 1838,1312 1888,1312 1938,1312 1981,1312 1981,1357 1938,1357 1888,1357 1838,1357 1788,1357 1739,1357 1721,1358"/>
          <TextEquiv>
            <Unicode>comp=e</Unicode>
          </TextEquiv>
        </Word>
        <Word id="word_f3124944-41ba-4afb-9c55-9481655a6d01">
          <Coords points="2019,1312 2033,1310 2086,1307 2137,1306 2153,1306 2154,1351 2138,1351 2089,1352 2039,1355 2025,1357"/>
          <TextEquiv>
            <Unicode>van</Unicode>
          </TextEquiv>
        </Word>
        <Word id="word_47f327ea-5e75-4827-9aff-4d1c8fac808e">
          <Coords points="2195,1305 2236,1303 2287,1302 2338,1302 2387,1301 2439,1302 2488,1302 2539,1303 2588,1303 2637,1302 2687,1301 2717,1302 2717,1347 2688,1346 2638,1347 2588,1348 2538,1348 2488,1347 2438,1347 2388,1346 2338,1347 2288,1347 2238,1348 2197,1350"/>
          <TextEquiv>
            <Unicode>geschilderde</Unicode>
          </TextEquiv>
        </Word>
        <Word id="word_12f389d5-c856-41f6-8e5f-23bcd5e44ee6">
          <Coords points="2757,1303 2785,1300 2837,1298 2888,1298 2938,1298 2988,1298 3037,1297 3089,1298 3107,1298 3107,1343 3088,1343 3038,1342 2988,1343 2938,1343 2888,1343 2838,1343 2789,1345 2761,1347"/>
          <TextEquiv>
            <Unicode>doecken,</Unicode>
          </TextEquiv>
        </Word>
        <Word id="word_0bf6c608-3b18-4544-b66f-1033d699d3cf">
          <Coords points="3150,1298 3188,1298 3238,1298 3277,1295 3280,1340 3238,1343 3188,1343 3150,1343"/>
          <TextEquiv>
            <Unicode>tot</Unicode>
          </TextEquiv>
        </Word>
        <TextEquiv conf="0.8966380350030693">
          <Unicode>sal d' E. comp=e van geschilderde doecken, tot</Unicode>
        </TextEquiv>
        <TextStyle xHeight="35"/>
      </TextLine>
      <TextLine id="line_876d7583-d85e-4975-ad57-23b2a4f5ac25">
        <Coords points="3326,1231 3384,1223 3427,1265 3487,1270 3487,1348 3326,1350"/>
        <Baseline points="3364,1334 3414,1332 3450,1329"/>
        <Word id="word_5e0c0eb7-0c5b-49b8-ab56-41beb69dedc0">
          <Coords points="3363,1299 3413,1297 3447,1294 3451,1339 3414,1342 3364,1344"/>
          <TextEquiv>
            <Unicode>s</Unicode>
          </TextEquiv>
        </Word>
        <TextEquiv conf="0.1398806869983673">
          <Unicode>s</Unicode>
        </TextEquiv>
        <TextStyle xHeight="37"/>
      </TextLine>
      <TextLine id="a72a59f2-a5a9-4589-8815-8838ccfee357">
        <Coords points="1243,1383 1785,1383 1833,1359 2136,1355 2177,1391 2193,1379 2289,1375 2305,1360 2361,1360 2373,1348 2617,1344 2693,1344 2713,1362 3379,1355 3406,1382 3406,1462 3373,1495 3041,1490 2833,1495 2825,1503 2705,1498 2689,1499 2661,1519 2629,1518 2617,1506 1569,1515 1534,1491 1373,1495 1243,1511"/>
        <Baseline points="1281,1494 1331,1490 1381,1488 1431,1486 1481,1483 1531,1482 1581,1480 1631,1478 1681,1475 1731,1473 1781,1471 1831,1471 1881,1470 1931,1469 1981,1468 2031,1467 2081,1467 2131,1465 2181,1465 2231,1464 2281,1463 2331,1464 2381,1464 2431,1464 2481,1464 2531,1464 2581,1464 2631,1464 2681,1463 2731,1462 2781,1461 2831,1460 2881,1458 2931,1457 2981,1455 3031,1453 3081,1451 3131,1450 3181,1449 3231,1448 3281,1446 3331,1444 3369,1442"/>
        <Word id="word_64daf62f-e6fa-48f3-bca2-33ed85f78275">
          <Coords points="1278,1459 1328,1455 1380,1453 1430,1451 1479,1448 1530,1447 1580,1445 1619,1443 1621,1488 1581,1490 1531,1492 1482,1493 1431,1496 1381,1498 1332,1500 1282,1504"/>
          <TextEquiv>
            <Unicode>meerder</Unicode>
          </TextEquiv>
        </Word>
        <Word id="word_6b280465-4185-4232-b069-fb07aa3db37f">
          <Coords points="1665,1442 1677,1440 1730,1438 1780,1436 1831,1436 1880,1435 1930,1434 1980,1433 2030,1432 2081,1432 2130,1430 2181,1430 2230,1429 2251,1429 2252,1474 2231,1474 2181,1475 2131,1475 2081,1477 2031,1477 1981,1478 1931,1479 1881,1480 1831,1481 1781,1481 1731,1483 1682,1485 1670,1486"/>
          <TextEquiv>
            <Unicode>contentement</Unicode>
          </TextEquiv>
        </Word>
        <Word id="word_5e420f0d-7c43-440e-aefe-dd3142925d8c">
          <Coords points="2302,1428 2333,1429 2381,1429 2431,1429 2481,1429 2531,1429 2581,1429 2592,1429 2592,1474 2581,1474 2531,1474 2481,1474 2431,1474 2381,1474 2331,1474 2300,1473"/>
          <TextEquiv>
            <Unicode>cunnen</Unicode>
          </TextEquiv>
        </Word>
        <Word id="word_e76f6ebd-2d1f-488f-8885-82eb6d8e58cf">
          <Coords points="2640,1429 2680,1428 2730,1427 2780,1426 2830,1425 2880,1423 2930,1422 2979,1420 2981,1465 2931,1467 2881,1468 2831,1470 2781,1471 2731,1472 2681,1473 2641,1474"/>
          <TextEquiv>
            <Unicode>gedient</Unicode>
          </TextEquiv>
        </Word>
        <Word id="word_670ca377-c9e9-4a74-a36f-03506f4915bc">
          <Coords points="3028,1418 3030,1418 3080,1416 3130,1415 3180,1414 3230,1413 3280,1411 3330,1409 3367,1407 3369,1452 3331,1454 3281,1456 3231,1458 3181,1459 3131,1460 3081,1461 3031,1463 3029,1463"/>
          <TextEquiv>
            <Unicode>werden,</Unicode>
          </TextEquiv>
        </Word>
        <TextEquiv conf="0.9800029724204463">
          <Unicode>meerder contentement cunnen gedient werden,</Unicode>
        </TextEquiv>
        <TextStyle xHeight="45"/>
      </TextLine>
      <TextLine id="line_45bbe4c5-669b-4de8-9ab6-a093c3f7fdd7">
        <Coords points="1243,1511 1373,1495 1535,1492 1569,1515 2616,1506 2632,1519 3228,1519 3228,1597 2775,1600 2696,1639 2544,1643 2524,1655 2396,1655 2377,1639 2252,1638 2244,1630 1585,1630 1553,1651 1243,1646"/>
        <Baseline points="1281,1606 1331,1604 1381,1603 1431,1601 1481,1601 1531,1601 1581,1600 1631,1599 1681,1598 1731,1596 1781,1595 1831,1595 1881,1593 1931,1593 1981,1592 2031,1591 2081,1590 2131,1589 2181,1588 2231,1589 2281,1588 2331,1588 2381,1588 2431,1587 2481,1587 2531,1586 2581,1584 2631,1584 2681,1583 2731,1582 2781,1582 2831,1582 2881,1581 2931,1580 2981,1580 3031,1579 3081,1579 3131,1578 3181,1579 3191,1578"/>
        <Word id="word_422b7f76-c57c-46cc-8fcb-cf896f98bdba">
          <Coords points="1280,1571 1330,1569 1380,1568 1407,1567 1409,1612 1381,1613 1331,1614 1281,1616"/>
          <TextEquiv>
            <Unicode>off</Unicode>
          </TextEquiv>
        </Word>
        <Word id="word_a9c1d8cb-5e7b-4959-9591-ac6ae2289477">
          <Coords points="1452,1565 1482,1566 1531,1566 1535,1566 1536,1611 1531,1611 1481,1611 1450,1610"/>
          <TextEquiv>
            <Unicode>nu</Unicode>
          </TextEquiv>
        </Word>
        <Word id="word_55e590fa-4d02-4a96-a090-fa8160bae698">
          <Coords points="1577,1565 1580,1565 1630,1564 1680,1563 1730,1561 1780,1560 1831,1560 1831,1560 1833,1605 1831,1605 1781,1605 1731,1606 1681,1608 1631,1609 1581,1610 1578,1610"/>
          <TextEquiv>
            <Unicode>geviel</Unicode>
          </TextEquiv>
        </Word>
        <Word id="word_30669347-c4e0-4b0d-bf20-9a0a5f5993f0">
          <Coords points="1874,1558 1880,1558 1931,1558 1980,1557 2002,1557 2003,1602 1981,1602 1931,1603 1881,1603 1876,1603"/>
          <TextEquiv>
            <Unicode>dit</Unicode>
          </TextEquiv>
        </Word>
        <Word id="word_643edbd6-8e73-44ec-a173-1d51a5f5e7fe">
          <Coords points="2044,1556 2080,1555 2130,1554 2180,1553 2232,1554 2256,1553 2257,1598 2231,1599 2181,1598 2131,1599 2081,1600 2045,1601"/>
          <TextEquiv>
            <Unicode>schip</Unicode>
          </TextEquiv>
        </Word>
        <Word id="word_bff42c53-26ca-48db-8f69-74c8d9839c43">
          <Coords points="2300,1553 2331,1553 2381,1553 2426,1552 2427,1597 2381,1598 2331,1598 2299,1598"/>
          <TextEquiv>
            <Unicode>soo</Unicode>
          </TextEquiv>
        </Word>
        <Word id="word_a54d76b3-a6d1-47ac-b167-538899b9a845">
          <Coords points="2472,1551 2483,1552 2530,1551 2580,1549 2631,1549 2680,1548 2730,1547 2781,1547 2831,1547 2851,1547 2852,1592 2831,1592 2781,1592 2731,1592 2681,1593 2631,1594 2581,1594 2531,1596 2480,1597 2469,1596"/>
          <TextEquiv>
            <Unicode>spoedich,</Unicode>
          </TextEquiv>
        </Word>
        <Word id="word_b45ed491-251b-494d-9890-a0e7a1665b13">
          <Coords points="2893,1546 2930,1545 2981,1545 3020,1544 3021,1589 2981,1590 2931,1590 2894,1591"/>
          <TextEquiv>
            <Unicode>als</Unicode>
          </TextEquiv>
        </Word>
        <Word id="word_e3423661-cba7-41a7-ad0a-72a2e4c9e18b">
          <Coords points="3065,1543 3082,1544 3130,1543 3182,1544 3187,1543 3192,1588 3181,1589 3131,1588 3081,1589 3063,1588"/>
          <TextEquiv>
            <Unicode>wel</Unicode>
          </TextEquiv>
        </Word>
        <TextEquiv conf="0.9645748428318622">
          <Unicode>off nu geviel dit schip soo spoedich, als wel</Unicode>
        </TextEquiv>
        <TextStyle xHeight="42"/>
      </TextLine>
      <TextLine id="line_5315ea58-27ad-4798-804d-6b2da32a546a">
        <Coords points="1208,1646 1554,1651 1594,1627 2111,1631 2174,1634 2190,1643 2434,1634 2530,1647 3290,1642 3298,1650 3358,1654 3378,1667 3439,1644 3439,1723 3366,1787 3090,1787 2927,1775 2610,1779 2574,1747 2302,1747 2195,1842 2174,1842 2146,1826 2034,1826 1998,1790 1946,1790 1927,1775 1626,1775 1610,1779 1586,1803 1569,1794 1474,1794 1446,1786 1390,1787 1370,1795 1208,1790"/>
        <Baseline points="1246,1734 1296,1735 1346,1733 1396,1732 1446,1731 1496,1730 1546,1728 1596,1727 1646,1726 1696,1727 1746,1726 1796,1724 1846,1723 1896,1723 1946,1723 1996,1725 2046,1723 2096,1723 2146,1721 2196,1720 2246,1719 2296,1720 2346,1719 2396,1718 2446,1718 2496,1718 2546,1716 2596,1715 2646,1715 2696,1713 2746,1713 2796,1712 2846,1711 2896,1710 2946,1709 2996,1708 3046,1707 3096,1706 3146,1706 3196,1706 3246,1705 3296,1703 3346,1703 3396,1702 3402,1703"/>
        <Word id="word_5ce18972-9a33-448c-8cc5-704758724ab9">
          <Coords points="1247,1699 1297,1700 1345,1698 1395,1697 1445,1696 1495,1695 1545,1693 1595,1692 1645,1691 1660,1691 1659,1736 1646,1736 1596,1737 1546,1738 1496,1740 1446,1741 1396,1742 1346,1743 1296,1745 1246,1744"/>
          <TextEquiv>
            <Unicode>verhoope,</Unicode>
          </TextEquiv>
        </Word>
        <Word id="word_dab53536-c210-4414-bb27-f1d3dce25435">
          <Coords points="1704,1692 1745,1691 1795,1689 1845,1688 1896,1688 1946,1688 1997,1690 2045,1688 2072,1688 2072,1733 2046,1733 1996,1735 1946,1733 1896,1733 1846,1733 1796,1734 1746,1736 1705,1737"/>
          <TextEquiv>
            <Unicode>d'reijse</Unicode>
          </TextEquiv>
        </Word>
        <Word id="word_570f6fed-bee1-41c0-94b6-2e4bf62bc241">
          <Coords points="2115,1688 2144,1686 2195,1685 2245,1684 2297,1685 2345,1684 2395,1683 2439,1683 2439,1728 2396,1728 2346,1729 2296,1730 2246,1729 2196,1730 2147,1731 2118,1733"/>
          <TextEquiv>
            <Unicode>buijten</Unicode>
          </TextEquiv>
        </Word>
        <Word id="word_82354398-459c-4252-919c-567d07257e9b">
          <Coords points="2485,1683 2496,1683 2545,1681 2576,1680 2576,1725 2546,1726 2496,1728 2485,1728"/>
          <TextEquiv>
            <Unicode>om</Unicode>
          </TextEquiv>
        </Word>
        <Word id="word_5d5e0d0b-31c5-4aaa-b865-0aee87dbaf55">
          <Coords points="2623,1679 2647,1680 2695,1678 2746,1678 2795,1677 2805,1677 2806,1722 2796,1722 2746,1723 2696,1723 2646,1725 2622,1724"/>
          <TextEquiv>
            <Unicode>niet</Unicode>
          </TextEquiv>
        </Word>
        <Word id="word_8e10aa48-11e5-43dc-a13e-ebd570497f5d">
          <Coords points="2851,1676 2895,1675 2945,1674 2995,1673 3045,1672 3080,1671 3081,1716 3046,1717 2996,1718 2946,1719 2896,1720 2852,1721"/>
          <TextEquiv>
            <Unicode>conde</Unicode>
          </TextEquiv>
        </Word>
        <Word id="word_9954c5b9-89ad-4dd8-9ade-5655bd3bc99d">
          <Coords points="3128,1670 3147,1671 3196,1671 3245,1670 3295,1668 3346,1668 3395,1667 3408,1668 3400,1713 3396,1712 3346,1713 3296,1713 3246,1715 3196,1716 3146,1716 3126,1715"/>
          <TextEquiv>
            <Unicode>gewind</Unicode>
          </TextEquiv>
        </Word>
        <TextEquiv conf="0.9330520031068631">
          <Unicode>verhoope, d'reijse buijten om niet conde gewind</Unicode>
        </TextEquiv>
        <TextStyle xHeight="46"/>
      </TextLine>
      <TextLine id="line_2ac51bc3-8ec9-411c-ae1d-d51419e7306d">
        <Coords points="1247,1790 1369,1795 1389,1787 1445,1786 1473,1794 1569,1794 1589,1803 1629,1766 1873,1766 1881,1774 1925,1774 1945,1790 2001,1790 2037,1826 2149,1826 2173,1842 2194,1842 2209,1835 2297,1747 2572,1746 2612,1783 2692,1783 2704,1771 2756,1766 2912,1766 2956,1782 3080,1782 3092,1794 3136,1799 3368,1799 3381,1786 3381,1864 3328,1870 2213,1873 2177,1902 2137,1921 1901,1933 1893,1941 1765,1941 1737,1916 1247,1916"/>
        <Baseline points="1285,1868 1335,1863 1385,1861 1435,1860 1485,1859 1535,1858 1585,1857 1635,1857 1685,1856 1735,1857 1785,1858 1835,1859 1885,1859 1935,1858 1985,1857 2035,1856 2085,1855 2135,1854 2185,1851 2235,1849 2285,1848 2335,1846 2385,1845 2435,1845 2485,1844 2535,1843 2585,1842 2635,1841 2685,1841 2735,1841 2785,1841 2835,1843 2885,1844 2935,1844 2985,1846 3035,1846 3085,1847 3135,1848 3185,1849 3235,1850 3285,1850 3335,1849 3344,1845"/>
        <Word id="word_4f0c9ec4-4a36-4a6d-9ae0-afa41189f17f">
          <Coords points="1282,1833 1332,1828 1384,1826 1434,1825 1471,1824 1472,1869 1435,1870 1385,1871 1336,1873 1286,1878"/>
          <TextEquiv>
            <Unicode>maar</Unicode>
          </TextEquiv>
        </Word>
        <Word id="word_48b45e9b-0cf4-4252-adff-08c59c8445e1">
          <Coords points="1518,1823 1534,1823 1584,1822 1635,1822 1684,1821 1707,1821 1706,1866 1685,1866 1635,1867 1585,1867 1535,1868 1519,1868"/>
          <TextEquiv>
            <Unicode>door</Unicode>
          </TextEquiv>
        </Word>
        <Word id="word_b9a4436d-ad08-4d2e-aea7-1fcfc246adc4">
          <Coords points="1754,1822 1786,1823 1836,1824 1885,1824 1934,1823 1984,1822 2034,1821 2084,1820 2134,1819 2183,1816 2220,1815 2222,1860 2186,1861 2135,1864 2085,1865 2035,1866 1985,1867 1935,1868 1885,1869 1835,1869 1785,1868 1753,1867"/>
          <TextEquiv>
            <Unicode>Contrarie,</Unicode>
          </TextEquiv>
        </Word>
        <Word id="word_c68ec560-34bb-45ac-a974-9c500ebf0cfc">
          <Coords points="2269,1813 2286,1813 2334,1811 2384,1810 2435,1810 2484,1809 2534,1808 2584,1807 2595,1807 2596,1852 2585,1852 2535,1853 2485,1854 2435,1855 2385,1855 2335,1856 2285,1858 2268,1858"/>
          <TextEquiv>
            <Unicode>winden,</Unicode>
          </TextEquiv>
        </Word>
        <Word id="word_776bb76a-1c3e-4d95-ab44-c0736c06dfee">
          <Coords points="2643,1806 2685,1806 2735,1806 2785,1806 2831,1808 2829,1853 2785,1851 2735,1851 2685,1851 2642,1851"/>
          <TextEquiv>
            <Unicode>ende</Unicode>
          </TextEquiv>
        </Word>
        <Word id="word_8dac2b22-748b-41dc-a920-89242874d7e0">
          <Coords points="2874,1810 2882,1809 2935,1809 2972,1810 2970,1855 2935,1854 2886,1854 2877,1855"/>
          <TextEquiv>
            <Unicode>te</Unicode>
          </TextEquiv>
        </Word>
        <Word id="word_3c4fc2f6-3cb3-4052-97a8-c8f3b04ff8b2">
          <Coords points="3014,1812 3033,1811 3086,1812 3136,1813 3186,1814 3236,1815 3285,1815 3330,1813 3334,1814 3348,1854 3335,1859 3285,1860 3235,1860 3185,1859 3135,1858 3085,1857 3036,1856 3018,1857"/>
          <TextEquiv>
            <Unicode>duchten</Unicode>
          </TextEquiv>
        </Word>
        <TextEquiv conf="0.9296691129269808">
          <Unicode>maar door Contrarie, winden, ende te duchten</Unicode>
        </TextEquiv>
        <TextStyle xHeight="39"/>
      </TextLine>
      <TextLine id="line_6dd3f0cb-288e-44b9-a0e7-42cafb9fe312">
        <Coords points="1232,1899 1770,1907 1790,1919 1854,1919 1862,1927 1898,1932 2138,1920 2174,1904 2206,1876 2577,1879 2617,1888 3173,1883 3201,1908 3346,1908 3346,1987 1814,1986 1739,2057 1733,2053 1725,2061 1704,2049 1232,2037"/>
        <Baseline points="1270,1981 1320,1977 1370,1976 1420,1975 1470,1975 1520,1974 1570,1974 1620,1974 1670,1974 1720,1973 1770,1972 1820,1971 1870,1969 1920,1967 1970,1966 2020,1965 2070,1964 2120,1964 2170,1963 2220,1963 2270,1962 2320,1962 2370,1962 2420,1962 2470,1962 2520,1963 2570,1963 2620,1962 2670,1961 2720,1960 2770,1959 2820,1958 2870,1959 2920,1960 2970,1959 3020,1960 3070,1961 3120,1962 3170,1963 3220,1966 3270,1966 3309,1967"/>
        <Word id="word_67dc7d66-4dc1-443f-b592-5ea88dcb1b5c">
          <Coords points="1267,1946 1317,1942 1369,1941 1419,1940 1470,1940 1519,1939 1570,1939 1620,1939 1668,1939 1668,1984 1620,1984 1570,1984 1520,1984 1470,1985 1420,1985 1370,1986 1321,1987 1271,1991"/>
          <TextEquiv>
            <Unicode>ongeval,</Unicode>
          </TextEquiv>
        </Word>
        <Word id="word_f13eb42d-5eb5-4513-9877-494e1414fc31">
          <Coords points="1704,1942 1707,1941 1769,1937 1819,1936 1865,1934 1867,1979 1820,1981 1770,1982 1724,1982 1721,1983"/>
          <TextEquiv>
            <Unicode>bij</Unicode>
          </TextEquiv>
        </Word>
        <Word id="word_8aeba37a-df04-4e1d-96ee-26830499bf1b">
          <Coords points="1915,1932 1919,1932 1969,1931 2019,1930 2069,1929 2120,1929 2169,1928 2220,1928 2269,1927 2320,1927 2370,1927 2420,1927 2463,1927 2463,1972 2420,1972 2370,1972 2320,1972 2270,1972 2220,1973 2170,1973 2120,1974 2070,1974 2020,1975 1970,1976 1920,1977 1917,1977"/>
          <TextEquiv>
            <Unicode>mancquement</Unicode>
          </TextEquiv>
        </Word>
        <Word id="word_a3f30d7d-5c4d-4b09-b563-0caf4094139b">
          <Coords points="2518,1927 2525,1928 2570,1928 2619,1927 2662,1926 2662,1971 2620,1972 2570,1973 2519,1973 2512,1972"/>
          <TextEquiv>
            <Unicode>van</Unicode>
          </TextEquiv>
        </Word>
        <Word id="word_cb456b7c-df59-4410-bd28-99348465a8d8">
          <Coords points="2711,1925 2719,1925 2769,1924 2819,1923 2871,1924 2921,1925 2969,1924 3011,1925 3010,1970 2970,1969 2920,1970 2870,1969 2820,1968 2770,1969 2720,1970 2712,1970"/>
          <TextEquiv>
            <Unicode>eenige</Unicode>
          </TextEquiv>
        </Word>
        <Word id="word_26e903a3-4659-4eba-af71-f060336ca91e">
          <Coords points="3061,1926 3071,1926 3121,1927 3171,1928 3222,1931 3270,1931 3310,1932 3308,1977 3270,1976 3219,1976 3170,1973 3120,1972 3070,1971 3060,1971"/>
          <TextEquiv>
            <Unicode>nood„</Unicode>
          </TextEquiv>
        </Word>
        <TextEquiv conf="0.9442204024422335">
          <Unicode>ongeval, bij mancquement van eenige nood„</Unicode>
        </TextEquiv>
        <TextStyle xHeight="38"/>
      </TextLine>
      <TextLine id="line_742c5d7d-3b05-4127-88b2-457000d9dff1">
        <Coords points="1215,2035 1525,2039 1537,2051 1700,2047 1728,2062 1788,2004 2168,2004 2176,1996 2284,1991 2724,1995 2736,2007 2843,2011 3373,2012 3380,2019 3375,2103 2947,2107 2915,2135 2878,2134 2870,2126 2532,2127 2500,2098 2444,2098 2437,2091 1904,2092 1872,2115 1824,2115 1778,2158 1769,2158 1699,2095 1653,2095 1609,2119 1561,2131 1509,2178 1497,2178 1473,2157 1297,2169 1215,2130"/>
        <Baseline points="1253,2093 1303,2090 1353,2089 1403,2087 1453,2085 1503,2084 1553,2083 1603,2081 1653,2080 1703,2080 1753,2078 1803,2077 1853,2077 1903,2076 1953,2074 2003,2072 2053,2072 2103,2071 2153,2072 2203,2072 2253,2072 2303,2071 2353,2070 2403,2070 2453,2070 2503,2071 2553,2072 2603,2073 2653,2073 2703,2073 2753,2071 2803,2072 2853,2075 2903,2076 2953,2075 3003,2076 3053,2077 3103,2077 3153,2077 3203,2077 3253,2078 3303,2079 3343,2079"/>
        <Word id="word_680fa907-88f9-4010-8628-e9ab7d7978d7">
          <Coords points="1251,2058 1301,2055 1352,2054 1402,2052 1452,2050 1502,2049 1552,2048 1602,2046 1652,2045 1703,2045 1752,2043 1802,2042 1853,2042 1870,2042 1871,2087 1853,2087 1803,2087 1753,2088 1703,2090 1653,2090 1603,2091 1553,2093 1503,2094 1453,2095 1403,2097 1353,2099 1304,2100 1254,2103"/>
          <TextEquiv>
            <Unicode>„wendicheden,</Unicode>
          </TextEquiv>
        </Word>
        <Word id="word_bbf43341-bf08-4731-a087-dd5a8cc31866">
          <Coords points="1916,2041 1951,2039 2002,2037 2053,2037 2102,2036 2154,2037 2203,2037 2253,2037 2302,2036 2352,2035 2403,2035 2453,2035 2489,2036 2488,2081 2453,2080 2403,2080 2353,2080 2303,2081 2253,2082 2203,2082 2153,2082 2103,2081 2053,2082 2003,2082 1953,2084 1918,2086"/>
          <TextEquiv>
            <Unicode>genootsaeckt</Unicode>
          </TextEquiv>
        </Word>
        <Word id="word_ffd5b676-7d59-47e0-8464-8c639e178d80">
          <Coords points="2536,2037 2554,2037 2604,2038 2653,2038 2703,2038 2752,2036 2804,2037 2823,2038 2820,2083 2803,2082 2753,2081 2703,2083 2653,2083 2603,2083 2553,2082 2535,2082"/>
          <TextEquiv>
            <Unicode>wierde</Unicode>
          </TextEquiv>
        </Word>
        <Word id="word_bec50922-a6a6-45e6-8d6d-6b7f9c01e7f8">
          <Coords points="2868,2041 2903,2041 2952,2040 3004,2041 3054,2042 3058,2042 3058,2087 3053,2087 3003,2086 2953,2085 2903,2086 2868,2086"/>
          <TextEquiv>
            <Unicode>sijn</Unicode>
          </TextEquiv>
        </Word>
        <Word id="word_04fe4260-3783-441c-9c37-3afdf97ef86e">
          <Coords points="3105,2042 3153,2042 3203,2042 3254,2043 3304,2044 3343,2044 3343,2089 3303,2089 3253,2088 3203,2087 3153,2087 3105,2087"/>
          <TextEquiv>
            <Unicode>cours</Unicode>
          </TextEquiv>
        </Word>
        <TextEquiv conf="0.9396215940979908">
          <Unicode>„wendicheden, genootsaeckt wierde sijn cours</Unicode>
        </TextEquiv>
        <TextStyle xHeight="39"/>
      </TextLine>
      <TextLine id="line_954f784d-8779-4326-a0e1-c16d86f73565">
        <Coords points="1217,2131 1299,2171 1411,2168 1472,2155 1499,2179 1511,2180 1559,2132 1607,2120 1659,2089 1736,2089 1759,2092 1795,2116 1867,2116 1903,2089 2263,2089 2271,2081 2350,2080 2430,2088 2442,2096 2498,2096 2534,2131 2554,2136 2862,2136 2869,2143 2885,2128 2922,2132 2946,2111 3098,2115 3122,2132 3348,2132 3355,2124 3355,2202 2171,2200 2157,2209 1767,2217 1217,2213"/>
        <Baseline points="1255,2204 1305,2202 1355,2201 1405,2201 1455,2201 1505,2201 1555,2200 1605,2200 1655,2198 1705,2197 1755,2196 1805,2195 1855,2195 1905,2195 1955,2192 2005,2190 2055,2189 2105,2188 2155,2188 2205,2189 2255,2192 2305,2192 2355,2189 2405,2187 2455,2187 2505,2188 2555,2189 2605,2189 2655,2189 2705,2189 2755,2189 2805,2187 2855,2186 2905,2185 2955,2185 3005,2184 3055,2184 3105,2184 3155,2185 3205,2186 3255,2186 3305,2184 3318,2183"/>
        <Word id="word_281124ae-f8c5-41f5-84d1-789c2b570a67">
          <Coords points="1254,2169 1304,2167 1354,2166 1405,2166 1455,2166 1491,2166 1491,2211 1455,2211 1405,2211 1355,2211 1305,2212 1255,2214"/>
          <TextEquiv>
            <Unicode>door</Unicode>
          </TextEquiv>
        </Word>
        <Word id="word_a91a2f52-9af1-4338-a5fc-2335fb9bdcc8">
          <Coords points="1543,2167 1548,2166 1605,2165 1654,2163 1704,2162 1754,2161 1804,2160 1855,2160 1905,2160 1953,2157 2004,2155 2020,2155 2021,2200 2005,2200 1956,2202 1905,2205 1855,2205 1805,2205 1755,2206 1705,2207 1655,2208 1605,2210 1557,2210 1552,2211"/>
          <TextEquiv>
            <Unicode>d'straet</Unicode>
          </TextEquiv>
        </Word>
        <Word id="word_ee0c088d-85e5-4187-bb31-407105ab84fb">
          <Coords points="2079,2154 2104,2153 2155,2153 2206,2154 2257,2157 2257,2157 2257,2202 2254,2202 2205,2199 2155,2198 2105,2198 2080,2198"/>
          <TextEquiv>
            <Unicode>van</Unicode>
          </TextEquiv>
        </Word>
        <Word id="word_67908e51-d578-4765-8fb5-36365617e75c">
          <Coords points="2313,2157 2352,2154 2404,2152 2455,2152 2506,2153 2556,2154 2605,2154 2655,2154 2705,2154 2755,2154 2786,2153 2788,2198 2755,2199 2705,2199 2655,2199 2605,2199 2555,2199 2505,2198 2455,2197 2405,2197 2356,2199 2317,2202"/>
          <TextEquiv>
            <Unicode>Mallacca</Unicode>
          </TextEquiv>
        </Word>
        <Word id="word_dda06702-782d-49ed-8419-db894ce1971a">
          <Coords points="2849,2150 2858,2151 2904,2150 2955,2150 2963,2150 2964,2195 2955,2195 2905,2195 2854,2196 2846,2195"/>
          <TextEquiv>
            <Unicode>te</Unicode>
          </TextEquiv>
        </Word>
        <Word id="word_d65708fc-c1e9-439a-a6b2-eabb0b345d33">
          <Coords points="3024,2149 3055,2149 3105,2149 3156,2150 3206,2151 3255,2151 3304,2149 3315,2148 3319,2193 3305,2194 3255,2196 3205,2196 3155,2195 3105,2194 3055,2194 3023,2194"/>
          <TextEquiv>
            <Unicode>neuen</Unicode>
          </TextEquiv>
        </Word>
        <TextEquiv conf="0.8443955132222865">
          <Unicode>door d'straet van Mallacca te neuen</Unicode>
        </TextEquiv>
        <TextStyle xHeight="33"/>
      </TextLine>
      <TextLine id="line_86345b6e-62ef-43c1-9a7e-3a9b16e68015">
        <Coords points="1213,2214 2159,2198 2198,2201 2226,2229 2929,2242 2961,2234 3221,2229 3241,2246 3377,2250 3389,2241 3434,2243 3434,2321 3389,2321 3371,2337 2622,2336 2590,2337 2566,2357 2530,2364 2310,2364 2282,2336 1834,2333 1826,2341 1790,2341 1726,2360 1691,2384 1359,2379 1329,2352 1213,2344"/>
        <Baseline points="1251,2303 1301,2303 1351,2301 1401,2300 1451,2300 1501,2303 1551,2303 1601,2304 1651,2305 1701,2304 1751,2302 1801,2302 1851,2301 1901,2301 1951,2301 2001,2301 2051,2302 2101,2301 2151,2300 2201,2301 2251,2301 2301,2301 2351,2301 2401,2302 2451,2303 2501,2304 2551,2305 2601,2307 2651,2307 2701,2306 2751,2306 2801,2305 2851,2306 2901,2306 2951,2305 3001,2305 3051,2305 3101,2304 3151,2304 3201,2304 3251,2304 3301,2305 3351,2305 3397,2302"/>
        <Word id="word_1097a310-5cda-482f-958b-582b5dadd04f">
          <Coords points="1251,2268 1301,2268 1350,2266 1400,2265 1451,2265 1496,2268 1493,2313 1451,2310 1401,2310 1351,2311 1301,2313 1251,2313"/>
          <TextEquiv>
            <Unicode>blijft</Unicode>
          </TextEquiv>
        </Word>
        <Word id="word_85a54832-9fc4-440d-8fbe-039b2b37a8f7">
          <Coords points="1530,2270 1547,2268 1602,2269 1616,2269 1615,2314 1601,2314 1552,2313 1535,2315"/>
          <TextEquiv>
            <Unicode>d'</Unicode>
          </TextEquiv>
        </Word>
        <Word id="word_2a1d9642-ae69-4389-938d-fe8c42b894ec">
          <Coords points="1655,2270 1700,2269 1750,2267 1801,2267 1850,2266 1901,2266 1951,2266 2001,2266 2052,2267 2100,2266 2150,2265 2183,2266 2182,2311 2151,2310 2101,2311 2051,2312 2001,2311 1951,2311 1901,2311 1851,2311 1801,2312 1751,2312 1701,2314 1656,2315"/>
          <TextEquiv>
            <Unicode>opperhooftden</Unicode>
          </TextEquiv>
        </Word>
        <Word id="word_dc5764fb-2adc-494e-ad07-2a3e802c916e">
          <Coords points="2222,2266 2250,2266 2301,2266 2351,2266 2402,2267 2452,2268 2502,2269 2552,2270 2588,2271 2587,2316 2551,2315 2501,2314 2451,2313 2401,2312 2351,2311 2301,2311 2251,2311 2223,2311"/>
          <TextEquiv>
            <Unicode>desselffs</Unicode>
          </TextEquiv>
        </Word>
        <Word id="word_0754d3be-d891-46b9-8b89-2bd9f46abcfb">
          <Coords points="2626,2273 2649,2272 2700,2271 2751,2271 2800,2270 2852,2271 2901,2271 2910,2271 2911,2316 2901,2316 2851,2316 2801,2315 2751,2316 2701,2316 2651,2317 2628,2318"/>
          <TextEquiv>
            <Unicode>gelast,</Unicode>
          </TextEquiv>
        </Word>
        <Word id="word_9f3e87d1-d97f-4a0d-ad88-23eb3be96809">
          <Coords points="2951,2270 3001,2270 3051,2270 3072,2270 3073,2315 3051,2315 3001,2315 2951,2315"/>
          <TextEquiv>
            <Unicode>aen</Unicode>
          </TextEquiv>
        </Word>
        <Word id="word_b2b5a923-9090-473c-9141-a27d6e4b057a">
          <Coords points="3114,2269 3151,2269 3201,2269 3251,2269 3302,2270 3351,2270 3394,2267 3397,2312 3351,2315 3301,2315 3251,2314 3201,2314 3151,2314 3113,2314"/>
          <TextEquiv>
            <Unicode>t'eerst</Unicode>
          </TextEquiv>
        </Word>
        <TextEquiv conf="0.9428866794904532">
          <Unicode>blijft d' opperhooftden desselffs gelast, aen t'eerst</Unicode>
        </TextEquiv>
        <TextStyle xHeight="43"/>
      </TextLine>
      <TextLine id="line_92a78055-d14c-461d-8a98-ed977d448221">
        <Coords points="1229,2343 1328,2351 1359,2379 1683,2383 1728,2359 1743,2363 1826,2327 1970,2335 2281,2335 2310,2364 2533,2364 2561,2360 2589,2336 2621,2335 2988,2339 3000,2351 3072,2355 3289,2355 3289,2434 3271,2452 3253,2443 3016,2444 3000,2460 2984,2449 2082,2452 2062,2468 1830,2472 1810,2480 1778,2512 1742,2511 1706,2475 1614,2475 1602,2463 1587,2463 1570,2476 1383,2476 1363,2459 1229,2460"/>
        <Baseline points="1267,2417 1317,2417 1367,2418 1417,2418 1467,2417 1517,2417 1567,2417 1617,2417 1667,2417 1717,2417 1767,2416 1817,2416 1867,2417 1917,2417 1967,2417 2017,2418 2067,2420 2117,2420 2167,2420 2217,2420 2267,2420 2317,2420 2367,2421 2417,2422 2467,2423 2517,2422 2567,2424 2617,2424 2667,2424 2717,2423 2767,2423 2817,2422 2867,2422 2917,2421 2967,2420 3017,2418 3067,2417 3117,2416 3167,2416 3217,2415 3252,2414"/>
        <Word id="word_edd31edc-3a6e-4942-b647-e24875ad2eed">
          <Coords points="1267,2382 1317,2382 1368,2383 1417,2383 1466,2382 1517,2382 1567,2382 1617,2382 1667,2382 1717,2382 1766,2381 1796,2381 1796,2426 1767,2426 1717,2427 1667,2427 1617,2427 1567,2427 1517,2427 1467,2427 1417,2428 1367,2428 1317,2427 1267,2427"/>
          <TextEquiv>
            <Unicode>t'ontmoetent</Unicode>
          </TextEquiv>
        </Word>
        <Word id="word_c4f63e6f-8d31-4f2c-8811-75cd5c5b252f">
          <Coords points="1842,2381 1868,2382 1917,2382 1967,2382 2018,2383 2068,2385 2105,2385 2105,2430 2067,2430 2017,2428 1967,2427 1917,2427 1867,2427 1840,2426"/>
          <TextEquiv>
            <Unicode>schip,</Unicode>
          </TextEquiv>
        </Word>
        <Word id="word_451c9185-a949-4025-8b7a-84047f267db6">
          <Coords points="2149,2385 2167,2385 2217,2385 2267,2385 2317,2385 2368,2386 2418,2387 2468,2388 2516,2387 2568,2389 2590,2389 2590,2434 2567,2434 2517,2432 2467,2433 2417,2432 2367,2431 2317,2430 2267,2430 2217,2430 2167,2430 2149,2430"/>
          <TextEquiv>
            <Unicode>tenderende</Unicode>
          </TextEquiv>
        </Word>
        <Word id="word_09d77b86-533e-4ff6-add7-668d250c9882">
          <Coords points="2634,2389 2667,2389 2716,2388 2767,2388 2810,2387 2811,2432 2767,2433 2717,2433 2667,2434 2634,2434"/>
          <TextEquiv>
            <Unicode>naer</Unicode>
          </TextEquiv>
        </Word>
        <Word id="word_0e4e1f7d-9911-4ce5-9bda-5505ff71439e">
          <Coords points="2857,2386 2869,2387 2916,2386 2966,2385 3016,2383 3066,2382 3075,2382 3076,2427 3067,2427 3017,2428 2967,2430 2917,2431 2866,2432 2854,2431"/>
          <TextEquiv>
            <Unicode>taijo</Unicode>
          </TextEquiv>
        </Word>
        <Word id="word_73654ee7-0183-4a01-a699-7b1211d7ad9a">
          <Coords points="3120,2381 3167,2381 3216,2380 3251,2379 3252,2424 3217,2425 3167,2426 3120,2426"/>
          <TextEquiv>
            <Unicode>van</Unicode>
          </TextEquiv>
        </Word>
        <TextEquiv conf="0.9135533860881039">
          <Unicode>t'ontmoetent schip, tenderende naer taijo van</Unicode>
        </TextEquiv>
        <TextStyle xHeight="38"/>
      </TextLine>
      <TextLine id="line_54224c15-fc3b-4850-93b2-baafe5f1cade">
        <Coords points="1221,2459 1307,2459 1347,2451 1786,2450 1802,2466 1830,2471 1914,2471 2066,2467 2082,2451 2985,2449 2996,2459 3016,2446 3224,2446 3255,2458 3265,2451 3280,2463 3337,2463 3337,2541 3052,2541 3042,2535 2885,2547 2589,2539 2569,2559 2553,2559 2521,2591 2218,2578 2198,2558 2022,2559 1990,2591 1949,2609 1666,2602 1642,2578 1391,2587 1355,2619 1323,2618 1311,2606 1221,2606"/>
        <Baseline points="1259,2524 1309,2526 1359,2525 1409,2525 1459,2525 1509,2524 1559,2524 1609,2524 1659,2526 1709,2527 1759,2528 1809,2529 1859,2528 1909,2527 1959,2527 2009,2526 2059,2527 2109,2527 2159,2527 2209,2527 2259,2526 2309,2526 2359,2529 2409,2531 2459,2531 2509,2531 2559,2531 2609,2530 2659,2530 2709,2529 2759,2529 2809,2530 2859,2529 2909,2528 2959,2528 3009,2528 3059,2527 3109,2526 3159,2526 3209,2525 3259,2521 3300,2522"/>
        <Word id="word_22d21652-6c9b-40b9-afd4-286614d3026b">
          <Coords points="1260,2489 1310,2491 1358,2490 1409,2490 1459,2490 1508,2489 1559,2489 1609,2489 1660,2491 1710,2492 1760,2493 1810,2494 1815,2494 1816,2539 1809,2539 1759,2538 1709,2537 1659,2536 1609,2534 1559,2534 1509,2534 1459,2535 1409,2535 1359,2535 1309,2536 1259,2534"/>
          <TextEquiv>
            <Unicode>tvereijschte</Unicode>
          </TextEquiv>
        </Word>
        <Word id="word_169ce7e9-4630-4902-92f7-eb4ce33f42bb">
          <Coords points="1861,2493 1908,2492 1959,2492 2008,2491 2048,2492 2047,2537 2009,2536 1959,2537 1909,2537 1862,2538"/>
          <TextEquiv>
            <Unicode>voor</Unicode>
          </TextEquiv>
        </Word>
        <Word id="word_2aeb1984-6de9-41e5-a01e-95becff66568">
          <Coords points="2092,2493 2107,2492 2159,2492 2209,2492 2258,2491 2309,2491 2361,2494 2410,2496 2419,2496 2419,2541 2409,2541 2358,2539 2309,2536 2259,2536 2209,2537 2159,2537 2109,2537 2094,2538"/>
          <TextEquiv>
            <Unicode>jappan,</Unicode>
          </TextEquiv>
        </Word>
        <Word id="word_e9b8144b-6172-4ae0-8402-1be3c92a3e61">
          <Coords points="2465,2496 2509,2496 2559,2496 2608,2495 2659,2495 2708,2494 2759,2494 2791,2495 2790,2540 2759,2539 2709,2539 2659,2540 2609,2540 2559,2541 2509,2541 2465,2541"/>
          <TextEquiv>
            <Unicode>volgens</Unicode>
          </TextEquiv>
        </Word>
        <Word id="word_ad2655bc-1e20-44a0-a2a3-0336b96cd1fe">
          <Coords points="2834,2496 2857,2494 2908,2493 2929,2493 2929,2538 2909,2538 2860,2539 2837,2541"/>
          <TextEquiv>
            <Unicode>d'</Unicode>
          </TextEquiv>
        </Word>
        <Word id="word_9a9502f2-81b7-4446-b8f6-a7eb6ec54e33">
          <Coords points="2975,2493 3009,2493 3058,2492 3108,2491 3159,2491 3208,2490 3256,2486 3301,2487 3300,2532 3260,2531 3209,2535 3159,2536 3109,2536 3059,2537 3009,2538 2975,2538"/>
          <TextEquiv>
            <Unicode>memorie</Unicode>
          </TextEquiv>
        </Word>
        <TextEquiv conf="0.9281972353952412">
          <Unicode>tvereijschte voor jappan, volgens d' memorie</Unicode>
        </TextEquiv>
        <TextStyle xHeight="40"/>
      </TextLine>
      <TextLine id="e1ddb08a-8638-4c52-90c3-e31f91ae604a">
        <Coords points="1194,2605 1308,2605 1320,2617 1356,2618 1396,2586 1644,2578 1672,2605 1944,2613 1984,2595 2020,2559 2080,2558 2196,2558 2216,2578 2268,2578 2276,2586 2503,2591 2519,2591 2551,2562 2983,2562 3015,2570 3372,2574 3369,2656 2719,2655 2667,2687 2599,2686 2567,2703 2411,2703 2390,2686 2172,2674 1936,2675 1852,2683 1836,2699 1756,2699 1716,2670 1316,2670 1291,2667 1280,2656 1194,2691"/>
        <Baseline points="1232,2650 1282,2649 1332,2646 1382,2644 1432,2642 1482,2640 1532,2639 1582,2639 1632,2639 1682,2639 1732,2639 1782,2639 1832,2639 1882,2641 1932,2641 1982,2642 2032,2641 2082,2641 2132,2641 2182,2640 2232,2639 2282,2639 2332,2639 2382,2638 2432,2637 2482,2637 2532,2636 2582,2635 2632,2634 2682,2632 2732,2630 2782,2631 2832,2631 2882,2631 2932,2631 2982,2632 3032,2632 3082,2632 3132,2632 3182,2633 3232,2632 3282,2632 3332,2633 3335,2633"/>
        <Word id="word_8109f660-43bb-4ceb-9900-bbcaccbaa610">
          <Coords points="1231,2615 1281,2614 1330,2611 1381,2609 1384,2609 1386,2654 1382,2654 1333,2656 1282,2659 1232,2660"/>
          <TextEquiv>
            <Unicode>hun</Unicode>
          </TextEquiv>
        </Word>
        <Word id="word_54c76dd6-1bf0-49e4-b117-61132e469a9e">
          <Coords points="1436,2607 1481,2605 1531,2604 1582,2604 1632,2604 1642,2604 1642,2649 1632,2649 1582,2649 1532,2649 1482,2650 1437,2652"/>
          <TextEquiv>
            <Unicode>daer</Unicode>
          </TextEquiv>
        </Word>
        <Word id="word_bbde6391-dc30-4dfe-be98-aaca280a1a7d">
          <Coords points="1694,2604 1732,2604 1782,2604 1832,2604 1849,2605 1847,2650 1832,2649 1782,2649 1732,2649 1694,2649"/>
          <TextEquiv>
            <Unicode>van</Unicode>
          </TextEquiv>
        </Word>
        <Word id="word_f0d61593-8d23-463c-b788-ebe65db56d69">
          <Coords points="1898,2607 1931,2606 1983,2607 2031,2606 2082,2606 2132,2606 2181,2605 2231,2604 2282,2604 2309,2604 2309,2649 2282,2649 2232,2649 2182,2650 2132,2651 2082,2651 2032,2651 1982,2652 1932,2651 1899,2652"/>
          <TextEquiv>
            <Unicode>appartie</Unicode>
          </TextEquiv>
        </Word>
        <Word id="word_f927340b-b1f3-49a9-a970-fc3ff8804a3b">
          <Coords points="2359,2604 2380,2603 2431,2602 2482,2602 2531,2601 2565,2600 2566,2645 2532,2646 2482,2647 2432,2647 2382,2648 2361,2649"/>
          <TextEquiv>
            <Unicode>mede</Unicode>
          </TextEquiv>
        </Word>
        <Word id="word_61605a30-9028-488e-a0f1-37aef6c8e836">
          <Coords points="2616,2599 2631,2599 2681,2597 2731,2595 2783,2596 2832,2596 2882,2596 2932,2596 2983,2597 3027,2597 3027,2642 2982,2642 2932,2641 2882,2641 2832,2641 2782,2641 2732,2640 2682,2642 2632,2644 2617,2644"/>
          <TextEquiv>
            <Unicode>gegeven.</Unicode>
          </TextEquiv>
        </Word>
        <Word id="word_1eb1a4b1-778d-4ec6-84a5-704fb0177bef">
          <Coords points="3078,2597 3082,2597 3132,2597 3183,2598 3231,2597 3282,2597 3333,2598 3335,2598 3335,2643 3332,2643 3282,2642 3232,2642 3182,2643 3132,2642 3082,2642 3078,2642"/>
          <TextEquiv>
            <Unicode>onder</Unicode>
          </TextEquiv>
        </Word>
        <TextEquiv conf="0.8690412340471275">
          <Unicode>hun daer van appartie mede gegeven. onder</Unicode>
        </TextEquiv>
        <TextStyle xHeight="35"/>
      </TextLine>
      <TextLine id="c76c605f-633c-47ca-afee-6f8ac3c98ddc">
        <Coords points="1189,2730 1211,2726 1227,2710 1253,2702 1294,2665 1842,2673 1851,2682 1935,2674 2175,2673 2389,2685 2414,2706 2654,2705 2738,2718 2798,2718 2814,2706 3122,2702 3158,2698 3166,2690 3379,2690 3398,2706 3431,2702 3431,2781 3377,2835 3350,2819 3262,2819 3238,2832 3174,2832 3162,2840 2914,2835 2878,2808 2450,2808 2402,2820 2310,2820 2295,2808 2199,2808 2179,2792 1595,2792 1544,2831 1235,2823 1189,2840"/>
        <Baseline points="1227,2761 1277,2762 1327,2759 1377,2758 1427,2757 1477,2756 1527,2755 1577,2754 1627,2754 1677,2753 1727,2753 1777,2753 1827,2753 1877,2752 1927,2753 1977,2753 2027,2754 2077,2755 2127,2754 2177,2754 2227,2754 2277,2755 2327,2754 2377,2755 2427,2755 2477,2755 2527,2756 2577,2757 2627,2757 2677,2757 2727,2758 2777,2759 2827,2759 2877,2760 2927,2760 2977,2760 3027,2761 3077,2760 3127,2760 3177,2760 3227,2761 3277,2762 3327,2763 3377,2762 3394,2761"/>
        <Word id="word_e4103750-0e51-4651-aeda-f4a2cb4d07f0">
          <Coords points="1228,2726 1278,2727 1325,2724 1376,2723 1426,2722 1476,2721 1526,2720 1576,2719 1627,2719 1676,2718 1727,2718 1777,2718 1805,2718 1805,2763 1777,2763 1727,2763 1677,2763 1627,2764 1577,2764 1527,2765 1477,2766 1427,2767 1377,2768 1328,2769 1277,2772 1227,2771"/>
          <TextEquiv>
            <Unicode>behoorlijcke</Unicode>
          </TextEquiv>
        </Word>
        <Word id="word_17b140b7-7a7f-4436-96f1-57f97af7a4a0">
          <Coords points="1852,2718 1876,2717 1928,2718 1977,2718 2028,2719 2078,2720 2126,2719 2177,2719 2227,2719 2278,2720 2286,2720 2287,2765 2277,2765 2227,2764 2177,2764 2127,2764 2077,2765 2027,2764 1977,2763 1927,2763 1877,2762 1853,2763"/>
          <TextEquiv>
            <Unicode>recepisse</Unicode>
          </TextEquiv>
        </Word>
        <Word id="word_5a7e0b83-35a6-400c-b6ae-d1b46b7056f9">
          <Coords points="2335,2719 2378,2720 2427,2720 2477,2720 2480,2720 2479,2765 2477,2765 2427,2765 2377,2765 2334,2764"/>
          <TextEquiv>
            <Unicode>tot</Unicode>
          </TextEquiv>
        </Word>
        <Word id="word_e2f8c7aa-cd56-417a-a2a3-7d81e644725b">
          <Coords points="2528,2721 2578,2722 2627,2722 2677,2722 2728,2723 2778,2724 2816,2724 2816,2769 2777,2769 2727,2768 2677,2767 2627,2767 2577,2767 2527,2766"/>
          <TextEquiv>
            <Unicode>haerer</Unicode>
          </TextEquiv>
        </Word>
        <Word id="word_52dc530c-8597-4519-a515-cadfd7e97803">
          <Coords points="2867,2724 2880,2725 2927,2725 2977,2725 3028,2726 3076,2725 3127,2725 3177,2725 3228,2726 3278,2727 3328,2728 3376,2727 3392,2726 3395,2771 3377,2772 3327,2773 3277,2772 3227,2771 3177,2770 3127,2770 3077,2770 3027,2771 2977,2770 2927,2770 2876,2770 2863,2769"/>
          <TextEquiv>
            <Unicode>ontlastinge</Unicode>
          </TextEquiv>
        </Word>
        <TextEquiv conf="0.9592167966713203">
          <Unicode>behoorlijcke recepisse tot haerer ontlastinge</Unicode>
        </TextEquiv>
        <TextStyle xHeight="43"/>
      </TextLine>
      <TextLine id="line_977ccf42-6d5a-42c5-b7e3-77d0d44d772b">
        <Coords points="1197,2837 1231,2824 1555,2829 1595,2792 2179,2792 2199,2808 2295,2808 2311,2821 2391,2821 2451,2808 2875,2808 2899,2832 2915,2836 3171,2837 3231,2833 3259,2820 3351,2820 3375,2833 3395,2813 3436,2813 3436,2891 3376,2943 3068,2935 2899,2935 2864,2943 2383,2939 2335,2967 2319,2951 2298,2962 2265,2935 2183,2935 2152,2955 2136,2939 1867,2935 1859,2927 1197,2923"/>
        <Baseline points="1235,2898 1285,2895 1335,2895 1385,2895 1435,2894 1485,2893 1535,2892 1585,2890 1635,2889 1685,2889 1735,2889 1785,2889 1835,2888 1885,2887 1935,2886 1985,2888 2035,2887 2085,2887 2135,2886 2185,2886 2235,2888 2285,2889 2335,2890 2385,2889 2435,2890 2485,2889 2535,2888 2585,2887 2635,2886 2685,2884 2735,2884 2785,2884 2835,2885 2885,2885 2935,2882 2985,2881 3035,2882 3085,2881 3135,2880 3185,2878 3235,2878 3285,2876 3335,2873 3385,2871 3399,2872"/>
        <Word id="word_244aae7d-8e49-4cb2-8bf6-e8352b01626d">
          <Coords points="1233,2863 1283,2860 1335,2860 1385,2860 1395,2860 1395,2905 1385,2905 1335,2905 1286,2905 1236,2908"/>
          <TextEquiv>
            <Unicode>over</Unicode>
          </TextEquiv>
        </Word>
        <Word id="word_3926df39-bc05-45a1-9d28-42b3f19b529f">
          <Coords points="1435,2859 1484,2858 1515,2857 1516,2902 1485,2903 1436,2904"/>
          <TextEquiv>
            <Unicode>te</Unicode>
          </TextEquiv>
        </Word>
        <Word id="word_e5466e86-c809-4b1f-a9db-e4e6f434c85c">
          <Coords points="1554,2857 1583,2855 1634,2854 1685,2854 1735,2854 1785,2854 1834,2853 1876,2852 1876,2897 1835,2898 1785,2899 1735,2899 1685,2899 1635,2899 1586,2900 1556,2902"/>
          <TextEquiv>
            <Unicode>leveren,</Unicode>
          </TextEquiv>
        </Word>
        <Word id="word_1a11c024-42d6-45b9-a055-a7a4e782adaf">
          <Coords points="1916,2851 1934,2851 1986,2853 2034,2852 2085,2852 2134,2851 2185,2851 2198,2852 2196,2896 2185,2896 2135,2896 2085,2897 2035,2897 1985,2898 1935,2896 1917,2896"/>
          <TextEquiv>
            <Unicode>tfluijt</Unicode>
          </TextEquiv>
        </Word>
        <Word id="word_c7521a48-a927-415a-b767-04776383ef0b">
          <Coords points="2238,2853 2286,2854 2336,2855 2384,2854 2436,2855 2437,2855 2438,2900 2435,2900 2385,2899 2335,2900 2285,2899 2237,2898"/>
          <TextEquiv>
            <Unicode>schip</Unicode>
          </TextEquiv>
        </Word>
        <Word id="word_304c8fc3-251e-4cbe-a1b9-c5a075a8fc50">
          <Coords points="2477,2854 2484,2854 2534,2853 2557,2853 2558,2898 2535,2898 2485,2899 2478,2899"/>
          <TextEquiv>
            <Unicode>d'</Unicode>
          </TextEquiv>
        </Word>
        <Word id="word_ac0b33d5-5150-47f2-ae9a-09d0ad86743a">
          <Coords points="2597,2852 2634,2851 2684,2849 2735,2849 2785,2849 2836,2850 2838,2850 2838,2895 2835,2895 2785,2894 2735,2894 2685,2894 2635,2896 2598,2897"/>
          <TextEquiv>
            <Unicode>welff.</Unicode>
          </TextEquiv>
        </Word>
        <Word id="word_b40d0ae7-e1f7-437e-9b63-b8e4887928f5">
          <Coords points="2878,2850 2885,2850 2933,2847 2958,2847 2958,2892 2936,2892 2885,2895 2878,2895"/>
          <TextEquiv>
            <Unicode>op</Unicode>
          </TextEquiv>
        </Word>
        <Word id="word_029dc678-f65f-4b18-9ad3-ac4b03328242">
          <Coords points="3000,2846 3036,2847 3084,2846 3118,2845 3119,2890 3085,2891 3035,2892 2998,2891"/>
          <TextEquiv>
            <Unicode>18'</Unicode>
          </TextEquiv>
        </Word>
        <Word id="word_a26b954a-3ec0-4dcb-915f-3617e082f5fa">
          <Coords points="3157,2845 3183,2843 3235,2843 3284,2841 3333,2838 3358,2837 3359,2882 3336,2883 3285,2886 3235,2888 3186,2888 3159,2890"/>
          <TextEquiv>
            <Unicode>april</Unicode>
          </TextEquiv>
        </Word>
        <TextEquiv conf="0.8376005292717911">
          <Unicode>over te leveren, tfluijt schip d' welff.  op 18' april</Unicode>
        </TextEquiv>
        <TextStyle xHeight="42"/>
      </TextLine>
      <TextLine id="line_5e883136-c19c-4b41-873e-4b964a28a405">
        <Coords points="1185,2924 1858,2927 1866,2935 2137,2939 2157,2956 2182,2932 2198,2931 2264,2935 2305,2968 2341,2968 2381,2939 3296,2939 3332,2975 3371,2987 3417,2941 3417,3018 3392,3013 3373,3032 3176,3028 3143,3048 3110,3024 3048,3024 2985,3080 2953,3080 2937,3065 2849,3065 2841,3072 2793,3072 2773,3092 2489,3087 2477,3079 2445,3079 2421,3056 2305,3057 2251,3104 2218,3103 2198,3083 1794,3079 1784,3072 1768,3088 1630,3087 1563,3025 1251,3029 1215,3033 1185,3049"/>
        <Baseline points="1223,3024 1273,3021 1323,3020 1373,3019 1423,3017 1473,3015 1523,3014 1573,3014 1623,3013 1673,3013 1723,3013 1773,3012 1823,3012 1873,3012 1923,3012 1973,3012 2023,3012 2073,3011 2123,3010 2173,3010 2223,3009 2273,3010 2323,3011 2373,3012 2423,3012 2473,3013 2523,3015 2573,3016 2623,3017 2673,3018 2723,3017 2773,3016 2823,3015 2873,3015 2923,3014 2973,3013 3023,3012 3073,3010 3123,3009 3173,3009 3223,3007 3273,3005 3323,3003 3373,3003 3380,2999"/>
        <Word id="word_eb3c5558-c493-4aa0-b564-2f58716f7b9b">
          <Coords points="1221,2989 1271,2986 1322,2985 1372,2984 1422,2982 1472,2980 1522,2979 1551,2979 1551,3024 1523,3024 1473,3025 1423,3027 1373,3029 1323,3030 1274,3031 1224,3034"/>
          <TextEquiv>
            <Unicode>passado</Unicode>
          </TextEquiv>
        </Word>
        <Word id="word_142fae6f-5188-4801-82d1-2d74945a3cfc">
          <Coords points="1597,2979 1622,2978 1673,2978 1723,2978 1738,2978 1739,3023 1723,3023 1673,3023 1623,3023 1599,3024"/>
          <TextEquiv>
            <Unicode>van</Unicode>
          </TextEquiv>
        </Word>
        <Word id="word_6993de18-126b-4436-bd37-669f0d59546a">
          <Coords points="1786,2977 1823,2977 1873,2977 1923,2977 1973,2977 1974,2977 1974,3022 1973,3022 1923,3022 1873,3022 1823,3022 1786,3022"/>
          <TextEquiv>
            <Unicode>hier</Unicode>
          </TextEquiv>
        </Word>
        <Word id="word_40354418-ef01-4adf-a8b0-1f7114497487">
          <Coords points="2021,2977 2023,2977 2072,2976 2122,2975 2173,2975 2208,2974 2208,3019 2173,3020 2123,3020 2073,3021 2023,3022 2021,3022"/>
          <TextEquiv>
            <Unicode>(als</Unicode>
          </TextEquiv>
        </Word>
        <Word id="word_d998b01e-efde-4f79-93d6-753af0a19032">
          <Coords points="2258,2974 2276,2975 2324,2976 2374,2977 2423,2977 2443,2977 2443,3022 2423,3022 2373,3022 2323,3021 2272,3020 2254,3018"/>
          <TextEquiv>
            <Unicode>uEd:</Unicode>
          </TextEquiv>
        </Word>
        <Word id="word_06e3176d-f4c3-4377-8ec0-4aa3c4a8e11f">
          <Coords points="2491,2978 2525,2980 2574,2981 2624,2982 2631,2982 2630,3027 2623,3027 2573,3026 2523,3025 2489,3023"/>
          <TextEquiv>
            <Unicode>p=r</Unicode>
          </TextEquiv>
        </Word>
        <Word id="word_ccfe0c8e-60ba-4e89-8810-495c2d6a0d28">
          <Coords points="2676,2983 2722,2982 2772,2981 2822,2980 2873,2980 2922,2979 2958,2978 2959,3023 2923,3024 2873,3025 2823,3025 2773,3026 2723,3027 2678,3028"/>
          <TextEquiv>
            <Unicode>mijnen</Unicode>
          </TextEquiv>
        </Word>
        <Word id="word_ec05dbef-adad-4f75-aeb3-62ae963ee2fb">
          <Coords points="3005,2977 3022,2977 3072,2975 3122,2974 3173,2974 3222,2972 3272,2970 3322,2968 3363,2969 3373,2968 3385,3008 3373,3013 3323,3013 3273,3015 3223,3017 3173,3019 3123,3019 3073,3020 3023,3022 3006,3022"/>
          <TextEquiv>
            <Unicode>jongsten</Unicode>
          </TextEquiv>
        </Word>
        <TextEquiv conf="0.9410819638816349">
          <Unicode>passado van hier (als uEd: p=r mijnen jongsten</Unicode>
        </TextEquiv>
        <TextStyle xHeight="43"/>
      </TextLine>
      <TextLine id="line_8863cda6-1b3d-4006-8aea-787db6129194">
        <Coords points="1192,3045 1250,3029 1562,3024 1630,3088 1766,3089 1782,3073 1794,3080 2198,3084 2218,3104 2261,3105 2313,3056 2421,3056 2445,3080 2481,3080 2489,3088 2769,3093 2813,3056 2841,3056 2849,3064 2934,3064 2955,3081 2981,3081 3045,3024 3110,3024 3177,3080 3350,3080 3350,3158 3285,3158 3277,3164 2905,3164 2613,3156 2562,3203 2313,3202 2277,3235 2198,3235 2178,3230 2158,3210 2114,3206 1754,3203 1722,3179 1562,3179 1510,3227 1294,3226 1258,3231 1222,3262 1192,3262"/>
        <Baseline points="1230,3150 1280,3147 1330,3146 1380,3145 1430,3146 1480,3144 1530,3144 1580,3143 1630,3143 1680,3142 1730,3143 1780,3142 1830,3141 1880,3141 1930,3142 1980,3142 2030,3142 2080,3141 2130,3140 2180,3140 2230,3140 2280,3140 2330,3141 2380,3141 2430,3141 2480,3142 2530,3142 2580,3143 2630,3143 2680,3143 2730,3142 2780,3142 2830,3142 2880,3143 2930,3142 2980,3141 3030,3141 3080,3140 3130,3140 3180,3139 3230,3140 3280,3141 3313,3139"/>
        <Word id="word_68c83033-551d-4654-a102-c7ee11eb2ca2">
          <Coords points="1228,3115 1278,3112 1329,3111 1379,3110 1431,3111 1479,3109 1530,3109 1579,3108 1630,3108 1679,3107 1731,3108 1779,3107 1824,3106 1825,3151 1780,3152 1730,3153 1680,3152 1630,3153 1580,3153 1530,3154 1480,3154 1430,3156 1380,3155 1330,3156 1281,3157 1231,3160"/>
          <TextEquiv>
            <Unicode>g'adviseert)</Unicode>
          </TextEquiv>
        </Word>
        <Word id="word_d054b111-94a6-4306-9d87-246a23b506ca">
          <Coords points="1880,3106 1886,3106 1931,3107 1980,3107 2030,3107 2072,3106 2073,3151 2030,3152 1980,3152 1930,3152 1878,3151 1873,3150"/>
          <TextEquiv>
            <Unicode>naer</Unicode>
          </TextEquiv>
        </Word>
        <Word id="word_9a5ec7fa-7b9e-4d24-99c2-95add9d4691c">
          <Coords points="2122,3105 2129,3105 2180,3105 2230,3105 2280,3105 2331,3106 2380,3106 2430,3106 2481,3107 2530,3107 2581,3108 2630,3108 2680,3108 2717,3107 2718,3152 2680,3153 2630,3153 2580,3153 2530,3152 2480,3152 2430,3151 2380,3151 2330,3151 2280,3150 2230,3150 2180,3150 2130,3150 2123,3150"/>
          <TextEquiv>
            <Unicode>masulijpatam</Unicode>
          </TextEquiv>
        </Word>
        <Word id="word_1a5a97f6-a6ff-46f7-96bf-3747c0575eaa">
          <Coords points="2769,3106 2782,3107 2830,3107 2881,3108 2929,3107 2979,3106 3030,3106 3079,3105 3130,3105 3179,3104 3231,3105 3281,3106 3311,3104 3313,3149 3280,3151 3230,3150 3180,3149 3130,3150 3080,3150 3030,3151 2980,3151 2930,3152 2880,3153 2830,3152 2779,3152 2767,3151"/>
          <TextEquiv>
            <Unicode>vertrocken,</Unicode>
          </TextEquiv>
        </Word>
        <TextEquiv conf="0.9372736236234142">
          <Unicode>g'adviseert) naer masulijpatam vertrocken,</Unicode>
        </TextEquiv>
        <TextStyle xHeight="43"/>
      </TextLine>
      <TextLine id="line_9e919a73-c787-4305-9a4e-9349dbd4a647">
        <Coords points="1182,3269 1224,3261 1260,3229 1296,3224 1512,3225 1560,3180 1724,3180 1748,3201 1936,3200 1948,3208 2084,3208 2096,3217 2160,3212 2184,3232 2196,3233 2279,3233 2311,3204 2559,3201 2587,3177 2839,3172 2855,3188 3244,3188 3253,3197 3272,3189 3283,3199 3312,3199 3312,3277 3300,3280 3199,3279 3187,3268 3124,3265 2599,3269 2531,3331 2467,3335 2459,3343 2423,3342 2392,3323 2287,3323 2243,3283 1804,3279 1760,3292 1584,3292 1576,3300 1424,3295 1292,3304 1268,3308 1216,3351 1182,3355"/>
        <Baseline points="1220,3278 1270,3276 1320,3275 1370,3272 1420,3270 1470,3266 1520,3265 1570,3264 1620,3262 1670,3261 1720,3260 1770,3260 1820,3261 1870,3260 1920,3259 1970,3261 2020,3260 2070,3261 2120,3260 2170,3261 2220,3261 2270,3263 2320,3263 2370,3261 2420,3260 2470,3259 2520,3258 2570,3257 2620,3257 2670,3256 2720,3256 2770,3257 2820,3256 2870,3256 2920,3256 2970,3256 3020,3256 3070,3257 3120,3257 3170,3258 3220,3258 3270,3255 3275,3258"/>
        <Word id="word_92043c24-12f1-4dda-929a-3313a2f39892">
          <Coords points="1219,3243 1269,3241 1318,3240 1319,3240 1321,3285 1320,3285 1270,3286 1220,3288"/>
          <TextEquiv>
            <Unicode>is</Unicode>
          </TextEquiv>
        </Word>
        <Word id="word_40a9d1de-af69-49a8-8bc9-e1a4e596b143">
          <Coords points="1369,3237 1419,3235 1467,3231 1519,3230 1520,3230 1521,3275 1520,3275 1471,3276 1420,3280 1371,3282"/>
          <TextEquiv>
            <Unicode>van</Unicode>
          </TextEquiv>
        </Word>
        <Word id="word_b0d6da71-809f-4d68-bb94-d0d60ed197bf">
          <Coords points="1569,3229 1619,3227 1669,3226 1719,3225 1770,3225 1772,3225 1771,3270 1770,3270 1720,3270 1670,3271 1620,3272 1571,3274"/>
          <TextEquiv>
            <Unicode>daer</Unicode>
          </TextEquiv>
        </Word>
        <Word id="word_ce27d50f-3800-489d-8a72-d2c443e220e6">
          <Coords points="1821,3226 1869,3225 1919,3224 1923,3224 1921,3269 1920,3269 1870,3270 1822,3271"/>
          <TextEquiv>
            <Unicode>op</Unicode>
          </TextEquiv>
        </Word>
        <Word id="word_0e3e3c31-759e-40da-b7f7-df39ee34acf0">
          <Coords points="1971,3226 2019,3225 2071,3226 2119,3225 2123,3225 2122,3270 2120,3270 2070,3271 2020,3270 1972,3271"/>
          <TextEquiv>
            <Unicode>13e</Unicode>
          </TextEquiv>
        </Word>
        <Word id="word_18d1f4c1-cf1e-4bd1-9db6-8fe97373fdfa">
          <Coords points="2172,3226 2220,3226 2271,3228 2320,3228 2322,3228 2323,3273 2320,3273 2270,3273 2220,3271 2173,3271"/>
          <TextEquiv>
            <Unicode>der</Unicode>
          </TextEquiv>
        </Word>
        <Word id="word_491d91c8-961d-4815-9940-0e19691046f3">
          <Coords points="2372,3226 2419,3225 2469,3224 2519,3223 2569,3222 2620,3222 2669,3221 2720,3221 2771,3222 2819,3221 2870,3221 2920,3221 2925,3221 2925,3266 2920,3266 2870,3266 2820,3266 2770,3267 2720,3266 2670,3266 2620,3267 2570,3267 2520,3268 2470,3269 2420,3270 2373,3271"/>
          <TextEquiv>
            <Unicode>aenvolgende</Unicode>
          </TextEquiv>
        </Word>
        <Word id="word_f0d6ba98-b29b-4c54-84e9-b54b5a6aaa70">
          <Coords points="2975,3221 3020,3221 3071,3222 3120,3222 3171,3223 3220,3223 3268,3220 3293,3228 3271,3265 3270,3267 3220,3268 3170,3268 3120,3267 3070,3267 3020,3266 2975,3266"/>
          <TextEquiv>
            <Unicode>maendt</Unicode>
          </TextEquiv>
        </Word>
        <TextEquiv conf="0.8906382981760951">
          <Unicode>is van daer op 13e der aenvolgende maendt</Unicode>
        </TextEquiv>
        <TextStyle xHeight="35"/>
      </TextLine>
      <TextLine id="line_75798331-f62d-4815-9857-09653cdaa2ef">
        <Coords points="1183,3356 1221,3348 1261,3309 1293,3305 1497,3305 1581,3301 1589,3293 1749,3293 1801,3280 2241,3280 2281,3320 2388,3320 2432,3344 2524,3333 2552,3317 2592,3278 3052,3278 3132,3269 3339,3269 3388,3304 3401,3305 3401,3383 3372,3390 2832,3397 2812,3413 2600,3401 2588,3413 2552,3425 2340,3432 2193,3469 1973,3473 1957,3460 1845,3460 1781,3440 1749,3412 1183,3412"/>
        <Baseline points="1221,3400 1271,3399 1321,3398 1371,3396 1421,3397 1471,3396 1521,3396 1571,3396 1621,3396 1671,3397 1721,3396 1771,3396 1821,3396 1871,3397 1921,3396 1971,3395 2021,3394 2071,3394 2121,3392 2171,3391 2221,3389 2271,3388 2321,3386 2371,3383 2421,3382 2471,3381 2521,3379 2571,3380 2621,3380 2671,3379 2721,3379 2771,3377 2821,3376 2871,3375 2921,3374 2971,3373 3021,3372 3071,3370 3121,3369 3171,3368 3221,3367 3271,3368 3321,3367 3364,3364"/>
        <Word id="word_72be0577-aa01-4089-a781-766d8c0fcdcf">
          <Coords points="1220,3365 1270,3364 1320,3363 1370,3361 1422,3362 1440,3362 1441,3407 1421,3407 1371,3406 1321,3408 1271,3409 1221,3410"/>
          <TextEquiv>
            <Unicode>naer</Unicode>
          </TextEquiv>
        </Word>
        <Word id="word_fac68826-84e6-4732-8cdf-2ec4b059d644">
          <Coords points="1496,3361 1522,3361 1571,3361 1621,3361 1672,3362 1720,3361 1771,3361 1821,3361 1872,3362 1920,3361 1935,3361 1936,3406 1921,3406 1871,3407 1821,3406 1771,3406 1721,3406 1671,3407 1621,3406 1571,3406 1521,3406 1496,3406"/>
          <TextEquiv>
            <Unicode>Mallacca</Unicode>
          </TextEquiv>
        </Word>
        <Word id="word_d04a2c08-e44f-41f2-9efe-de0281c848a0">
          <Coords points="1990,3360 2020,3359 2071,3359 2120,3357 2170,3356 2220,3354 2270,3353 2320,3351 2369,3348 2420,3347 2470,3346 2520,3344 2572,3345 2621,3345 2670,3344 2721,3344 2758,3342 2760,3387 2721,3389 2671,3389 2621,3390 2571,3390 2521,3389 2471,3391 2421,3392 2372,3393 2321,3396 2271,3398 2221,3399 2171,3401 2121,3402 2071,3404 2021,3404 1991,3405"/>
          <TextEquiv>
            <Unicode>gedespecheert,</Unicode>
          </TextEquiv>
        </Word>
        <Word id="word_9f05733e-4b33-4653-af92-6ebb49617e75">
          <Coords points="2819,3340 2825,3341 2870,3340 2920,3339 2970,3338 3020,3337 3070,3335 3120,3334 3170,3333 3220,3332 3272,3333 3320,3332 3361,3329 3365,3374 3321,3377 3271,3378 3221,3377 3171,3378 3121,3379 3071,3380 3021,3382 2971,3383 2921,3384 2871,3385 2820,3386 2813,3385"/>
          <TextEquiv>
            <Unicode>monterende</Unicode>
          </TextEquiv>
        </Word>
        <TextEquiv conf="0.9688783626074101">
          <Unicode>naer Mallacca gedespecheert, monterende</Unicode>
        </TextEquiv>
        <TextStyle xHeight="44"/>
      </TextLine>
      <TextLine id="line_8adce9c0-7b3e-4163-afdf-e347f43f8b90">
        <Coords points="1175,3413 1749,3413 1781,3440 1845,3460 1957,3460 1973,3473 2193,3469 2277,3453 2329,3433 2549,3426 2585,3414 2601,3398 2804,3393 2821,3405 3374,3406 3426,3449 3426,3527 3365,3580 3317,3580 3306,3569 3281,3565 2981,3566 2969,3577 2797,3577 2777,3561 2641,3562 2617,3577 2393,3576 2373,3557 2346,3546 2296,3553 2263,3534 2101,3534 2085,3550 2052,3522 1729,3526 1705,3546 1613,3546 1590,3569 1536,3526 1175,3538"/>
        <Baseline points="1213,3525 1263,3525 1313,3525 1363,3524 1413,3522 1463,3521 1513,3520 1563,3518 1613,3516 1663,3515 1713,3514 1763,3513 1813,3513 1863,3512 1913,3510 1963,3509 2013,3508 2063,3507 2113,3507 2163,3505 2213,3504 2263,3504 2313,3502 2363,3501 2413,3501 2463,3500 2513,3500 2563,3502 2613,3505 2663,3506 2713,3506 2763,3505 2813,3503 2863,3502 2913,3501 2963,3502 3013,3503 3063,3503 3113,3504 3163,3505 3213,3506 3263,3507 3313,3507 3363,3507 3389,3508"/>
        <Word id="word_a8cf1d2c-353d-4165-a736-d5a224cd20bb">
          <Coords points="1213,3490 1263,3490 1313,3490 1362,3489 1412,3487 1462,3486 1512,3485 1562,3483 1611,3481 1613,3526 1563,3528 1513,3530 1463,3531 1413,3532 1363,3534 1313,3535 1263,3535 1213,3535"/>
          <TextEquiv>
            <Unicode>desselffs</Unicode>
          </TextEquiv>
        </Word>
        <Word id="word_c884b829-7649-45da-8b75-91aff4d9a65d">
          <Coords points="1661,3480 1667,3480 1712,3479 1762,3478 1813,3478 1862,3477 1912,3475 1962,3474 2012,3473 2056,3472 2057,3517 2013,3518 1963,3519 1913,3520 1863,3522 1813,3523 1763,3523 1713,3524 1662,3525 1656,3524"/>
          <TextEquiv>
            <Unicode>jngeladen</Unicode>
          </TextEquiv>
        </Word>
        <Word id="word_986cfd8e-cb99-4f01-ad79-96d03861392f">
          <Coords points="2103,3471 2115,3472 2162,3470 2212,3469 2234,3469 2234,3514 2213,3514 2163,3515 2112,3517 2100,3516"/>
          <TextEquiv>
            <Unicode>jnt</Unicode>
          </TextEquiv>
        </Word>
        <Word id="word_b1ed0c5e-e807-4a5c-b25c-a2f69b352c3b">
          <Coords points="2277,3469 2311,3467 2362,3466 2413,3466 2462,3465 2513,3465 2547,3466 2545,3511 2513,3510 2463,3510 2413,3511 2363,3511 2314,3512 2279,3514"/>
          <TextEquiv>
            <Unicode>geheel</Unicode>
          </TextEquiv>
        </Word>
        <Word id="word_e24655f7-e376-4ad1-a2bd-4be2c026daa5">
          <Coords points="2592,3468 2616,3470 2664,3471 2713,3471 2762,3470 2812,3468 2862,3467 2900,3466 2901,3511 2863,3512 2813,3513 2763,3515 2713,3516 2663,3516 2612,3515 2589,3513"/>
          <TextEquiv>
            <Unicode>Conform</Unicode>
          </TextEquiv>
        </Word>
        <Word id="word_b4fffbf9-ba68-4d37-a938-0c6811620443">
          <Coords points="2948,3466 2966,3467 3014,3468 3063,3468 3114,3469 3164,3470 3214,3471 3264,3472 3313,3472 3363,3472 3390,3473 3388,3518 3363,3517 3313,3517 3263,3517 3213,3516 3163,3515 3113,3514 3063,3513 3013,3513 2962,3512 2944,3510"/>
          <TextEquiv>
            <Unicode>t'alfschri</Unicode>
          </TextEquiv>
        </Word>
        <TextEquiv conf="0.9225865286657128">
          <Unicode>desselffs jngeladen jnt geheel Conform t'alfschri</Unicode>
        </TextEquiv>
        <TextStyle xHeight="43"/>
      </TextLine>
      <TextLine id="b84d46c1-f0c1-484d-895f-a26434dab507">
        <Coords points="1175,3540 1425,3539 1433,3547 1511,3547 1519,3555 1538,3540 1561,3563 1590,3571 1617,3544 1816,3539 1824,3547 1860,3551 1990,3551 2044,3584 2104,3536 2243,3535 2279,3544 2336,3596 2356,3592 2376,3575 2596,3580 2632,3572 2644,3560 2776,3559 2796,3576 3311,3571 3339,3599 3374,3600 3404,3574 3404,3652 3379,3652 3371,3659 3107,3658 3011,3663 2967,3671 2959,3679 2476,3674 2336,3722 2320,3713 2228,3713 2204,3730 2192,3729 2124,3666 1924,3666 1873,3713 1853,3694 1804,3678 1777,3659 1768,3666 1692,3663 1664,3691 1597,3690 1563,3658 1493,3658 1465,3683 1369,3683 1349,3702 1175,3706"/>
        <Baseline points="1213,3649 1263,3645 1313,3643 1363,3640 1413,3638 1463,3636 1513,3634 1563,3632 1613,3630 1663,3630 1713,3630 1763,3628 1813,3628 1863,3628 1913,3628 1963,3626 2013,3624 2063,3622 2113,3622 2163,3624 2213,3624 2263,3625 2313,3624 2363,3624 2413,3625 2463,3626 2513,3628 2563,3629 2613,3632 2663,3634 2713,3637 2763,3639 2813,3639 2863,3640 2913,3640 2963,3641 3013,3640 3063,3638 3113,3638 3163,3637 3213,3635 3263,3632 3313,3630 3363,3630 3367,3633"/>
        <Word id="word_762d79f7-d836-469e-b55c-693afecac716">
          <Coords points="1210,3614 1260,3610 1312,3608 1343,3606 1345,3651 1313,3653 1264,3655 1214,3659"/>
          <TextEquiv>
            <Unicode>der</Unicode>
          </TextEquiv>
        </Word>
        <Word id="word_86b6e770-32b4-41c0-b370-39d5f7496c7a">
          <Coords points="1388,3603 1412,3603 1462,3601 1512,3599 1562,3597 1612,3595 1663,3595 1713,3595 1762,3593 1813,3593 1829,3593 1829,3638 1813,3638 1763,3638 1713,3640 1663,3640 1613,3640 1563,3642 1513,3644 1463,3646 1413,3648 1389,3648"/>
          <TextEquiv>
            <Unicode>ingeleijde</Unicode>
          </TextEquiv>
        </Word>
        <Word id="word_add20f7f-f880-4ee3-b7a3-06dfd370e7fe">
          <Coords points="1873,3593 1913,3593 1962,3591 2012,3589 2062,3587 2092,3587 2092,3632 2063,3632 2013,3634 1963,3636 1913,3638 1873,3638"/>
          <TextEquiv>
            <Unicode>corte</Unicode>
          </TextEquiv>
        </Word>
        <Word id="word_88818927-2d60-4d6a-a1ed-fccc42541fef">
          <Coords points="2139,3587 2166,3589 2213,3589 2264,3590 2312,3589 2363,3589 2414,3590 2445,3591 2444,3636 2413,3635 2363,3634 2313,3634 2263,3635 2213,3634 2162,3634 2136,3632"/>
          <TextEquiv>
            <Unicode>facture</Unicode>
          </TextEquiv>
        </Word>
        <Word id="word_37d26aea-90e7-413e-beb2-75403c886bff">
          <Coords points="2491,3592 2515,3593 2533,3593 2532,3638 2512,3638 2488,3636"/>
          <TextEquiv>
            <Unicode>n</Unicode>
          </TextEquiv>
        </Word>
        <Word id="word_8a10e3b2-5c9a-4414-aff8-178614299aab">
          <Coords points="2579,3594 2616,3597 2622,3597 2620,3642 2612,3642 2576,3639"/>
          <TextEquiv>
            <Unicode>ƒ</Unicode>
          </TextEquiv>
        </Word>
        <Word id="word_4a71c821-96b6-48b1-873e-97ef190d1135">
          <Coords points="2666,3599 2715,3602 2764,3604 2813,3604 2864,3605 2913,3605 2964,3606 3012,3605 3059,3603 3060,3648 3013,3650 2963,3651 2913,3650 2863,3650 2813,3649 2763,3649 2712,3647 2664,3644"/>
          <TextEquiv>
            <Unicode>111843„3„</Unicode>
          </TextEquiv>
        </Word>
        <Word id="word_c4e447b2-f85f-42a2-b106-48056ca84f37">
          <Coords points="3110,3602 3119,3604 3162,3602 3190,3601 3192,3646 3163,3647 3111,3648 3102,3646"/>
          <TextEquiv>
            <Unicode>11</Unicode>
          </TextEquiv>
        </Word>
        <Word id="word_23f9e18e-f859-4f63-9df3-612795bc81f6">
          <Coords points="3233,3599 3260,3597 3312,3595 3363,3595 3388,3605 3363,3640 3361,3641 3313,3640 3264,3642 3237,3644"/>
          <TextEquiv>
            <Unicode>den</Unicode>
          </TextEquiv>
        </Word>
        <TextEquiv conf="0.8792945857785941">
          <Unicode>der ingeleijde corte facture n ƒ 111843„3„ 11 den</Unicode>
        </TextEquiv>
        <TextStyle xHeight="43"/>
      </TextLine>
      <TextLine id="da47eb1c-0f80-4729-bb82-2fdf7f6ae83d">
        <Coords points="1152,3706 1182,3706 1190,3698 1346,3698 1366,3685 1458,3686 1490,3661 1551,3661 1581,3689 1665,3690 1693,3663 1697,3667 1737,3637 1781,3637 1809,3665 2121,3665 2196,3730 2228,3713 2320,3713 2336,3722 2476,3673 2816,3677 2832,3689 2975,3689 3083,3702 3228,3700 3228,3779 3175,3832 3166,3828 3142,3852 3115,3846 3099,3831 3007,3832 2981,3824 2963,3840 2915,3847 2906,3840 2883,3843 2875,3835 2736,3831 2720,3816 2632,3812 2384,3817 2284,3804 2093,3809 2077,3817 2061,3804 2025,3804 2005,3788 1577,3788 1533,3801 1152,3804"/>
        <Baseline points="1190,3787 1240,3779 1290,3773 1340,3770 1390,3767 1440,3765 1490,3762 1540,3761 1590,3759 1640,3759 1690,3757 1740,3756 1790,3756 1840,3756 1890,3755 1940,3754 1990,3753 2040,3752 2090,3752 2140,3754 2190,3754 2240,3755 2290,3756 2340,3756 2390,3756 2440,3756 2490,3758 2540,3759 2590,3758 2640,3758 2690,3758 2740,3758 2790,3759 2840,3759 2890,3757 2940,3756 2990,3756 3040,3755 3090,3754 3140,3753 3190,3759 3191,3759"/>
        <Word id="word_d0888711-63cc-4904-9389-e27b694282fb">
          <Coords points="1184,3752 1234,3744 1286,3738 1338,3735 1388,3732 1439,3730 1488,3727 1539,3726 1589,3724 1598,3724 1598,3769 1590,3769 1540,3771 1491,3772 1440,3775 1391,3777 1341,3780 1291,3783 1242,3789 1192,3797"/>
          <TextEquiv>
            <Unicode>oppersten</Unicode>
          </TextEquiv>
        </Word>
        <Word id="word_362da04f-2d97-480d-b02f-7d5bc205b690">
          <Coords points="1642,3724 1688,3722 1739,3721 1790,3721 1840,3721 1889,3720 1939,3719 1962,3719 1963,3764 1940,3764 1890,3765 1840,3766 1790,3766 1740,3766 1690,3767 1644,3769"/>
          <TextEquiv>
            <Unicode>piloodt</Unicode>
          </TextEquiv>
        </Word>
        <Word id="word_1fbc1ec7-8e96-4373-95ae-d9f2dce6aaa8">
          <Coords points="2007,3718 2039,3717 2090,3717 2141,3719 2144,3719 2144,3764 2140,3764 2090,3762 2040,3762 2008,3763"/>
          <TextEquiv>
            <Unicode>wil</Unicode>
          </TextEquiv>
        </Word>
        <Word id="word_fa247f8a-cad9-4776-b14a-5ed0c1e07237">
          <Coords points="2191,3719 2241,3720 2282,3721 2281,3766 2240,3765 2190,3764"/>
          <TextEquiv>
            <Unicode>d'</Unicode>
          </TextEquiv>
        </Word>
        <Word id="word_efc2860b-980f-495d-b243-02c71dca192b">
          <Coords points="2325,3722 2338,3721 2390,3721 2440,3721 2464,3722 2463,3767 2440,3766 2390,3766 2341,3766 2327,3767"/>
          <TextEquiv>
            <Unicode>een</Unicode>
          </TextEquiv>
        </Word>
        <Word id="word_82c13c8e-954e-4b72-ba20-a5664ac009ea">
          <Coords points="2509,3724 2540,3724 2589,3723 2600,3723 2600,3768 2590,3768 2540,3769 2508,3769"/>
          <TextEquiv>
            <Unicode>en</Unicode>
          </TextEquiv>
        </Word>
        <Word id="word_cd55db8b-03f0-4741-98ae-6522b93c8bfb">
          <Coords points="2645,3723 2690,3723 2736,3723 2736,3768 2690,3768 2645,3768"/>
          <TextEquiv>
            <Unicode>d'</Unicode>
          </TextEquiv>
        </Word>
        <Word id="word_f5c19e62-934d-41c7-b8f9-8f1495bef51e">
          <Coords points="2786,3723 2794,3724 2840,3724 2889,3722 2939,3721 2990,3721 3009,3721 3009,3766 2990,3766 2940,3766 2890,3767 2840,3769 2789,3769 2781,3768"/>
          <TextEquiv>
            <Unicode>ander</Unicode>
          </TextEquiv>
        </Word>
        <Word id="word_595f56a9-260b-4521-9d88-cb642a3bb467">
          <Coords points="3054,3720 3089,3719 3139,3718 3191,3724 3194,3724 3191,3769 3189,3769 3140,3763 3090,3764 3055,3765"/>
          <TextEquiv>
            <Unicode>Tot</Unicode>
          </TextEquiv>
        </Word>
        <TextEquiv conf="0.8899414987722714">
          <Unicode>oppersten piloodt wil d' een en d' ander Tot</Unicode>
        </TextEquiv>
        <TextStyle xHeight="48"/>
      </TextLine>
      <TextLine id="line_6029ab51-24e3-4ca4-9394-06f73e7c73f6">
        <Coords points="1159,3804 1533,3801 1577,3788 2005,3788 2025,3804 2061,3804 2077,3817 2093,3809 2284,3804 2384,3817 2632,3812 2720,3816 2736,3832 2876,3835 2888,3844 2939,3844 2964,3840 3036,3769 3192,3769 3216,3752 3284,3816 3393,3814 3393,3892 3372,3870 3360,3881 2968,3881 2956,3893 2881,3896 2859,3881 2852,3888 2760,3889 2728,3917 2704,3925 1405,3924 1389,3908 1159,3908"/>
        <Baseline points="1197,3885 1247,3882 1297,3879 1347,3878 1397,3876 1447,3875 1497,3873 1547,3872 1597,3871 1647,3869 1697,3868 1747,3867 1797,3867 1847,3867 1897,3867 1947,3867 1997,3867 2047,3867 2097,3867 2147,3867 2197,3866 2247,3865 2297,3864 2347,3863 2397,3864 2447,3865 2497,3866 2547,3865 2597,3865 2647,3865 2697,3867 2747,3869 2797,3868 2847,3869 2897,3870 2947,3871 2997,3870 3047,3871 3097,3874 3147,3874 3197,3874 3247,3874 3297,3873 3347,3872 3356,3873"/>
        <Word id="word_a2a301bd-a930-442d-a2b5-19cc78203daf">
          <Coords points="1195,3850 1245,3847 1295,3844 1346,3843 1396,3841 1446,3840 1496,3838 1546,3837 1596,3836 1646,3834 1696,3833 1746,3832 1762,3832 1762,3877 1747,3877 1697,3878 1647,3879 1597,3881 1547,3882 1497,3883 1447,3885 1397,3886 1347,3888 1298,3889 1248,3892 1198,3895"/>
          <TextEquiv>
            <Unicode>soulagement</Unicode>
          </TextEquiv>
        </Word>
        <Word id="word_98b4a342-de89-4459-aaef-1c343104d2f7">
          <Coords points="1814,3832 1847,3832 1897,3832 1947,3832 1997,3832 2047,3832 2071,3832 2071,3877 2047,3877 1997,3877 1947,3877 1897,3877 1847,3877 1814,3877"/>
          <TextEquiv>
            <Unicode>onser</Unicode>
          </TextEquiv>
        </Word>
        <Word id="word_3d6e4d0b-ad66-43b5-ae25-c222b6db0994">
          <Coords points="2122,3832 2147,3832 2196,3831 2246,3830 2296,3829 2346,3828 2398,3829 2431,3830 2431,3875 2397,3874 2347,3873 2297,3874 2247,3875 2197,3876 2147,3877 2122,3877"/>
          <TextEquiv>
            <Unicode>heeren</Unicode>
          </TextEquiv>
        </Word>
        <Word id="word_d0e453bc-56c5-4327-b84b-dd52a9f516dd">
          <Coords points="2483,3831 2498,3831 2546,3830 2597,3830 2647,3830 2698,3832 2748,3834 2796,3833 2848,3834 2898,3835 2948,3836 2996,3835 3048,3836 3050,3836 3047,3881 3047,3881 2997,3880 2947,3881 2897,3880 2847,3879 2797,3878 2747,3879 2697,3877 2647,3875 2597,3875 2547,3875 2497,3876 2482,3876"/>
          <TextEquiv>
            <Unicode>principalen</Unicode>
          </TextEquiv>
        </Word>
        <Word id="word_3aaa4a0e-fa6d-4fbc-9190-09949375dab2">
          <Coords points="3099,3839 3147,3839 3197,3839 3247,3839 3296,3838 3346,3837 3360,3838 3355,3883 3347,3882 3297,3883 3247,3884 3197,3884 3147,3884 3099,3884"/>
          <TextEquiv>
            <Unicode>voor„</Unicode>
          </TextEquiv>
        </Word>
        <TextEquiv conf="0.9766485426228021">
          <Unicode>soulagement onser heeren principalen voor„</Unicode>
        </TextEquiv>
        <TextStyle xHeight="41"/>
      </TextLine>
      <TextLine id="line_64877540-7b6a-4fcf-bf92-69fc633e256f">
        <Coords points="1150,3909 1392,3909 1408,3925 2303,3917 2715,3922 2771,3882 2861,3877 2881,3897 2914,3905 3058,3905 3078,3914 3126,3913 3154,3941 3342,3941 3374,3965 3419,3939 3419,4018 3371,4066 2946,4065 2926,4045 2519,4045 2479,4006 2445,4026 2431,4014 1991,4014 1943,4042 1903,4042 1875,4058 1799,4058 1748,4010 1612,4010 1556,4014 1500,4050 1424,4077 1392,4065 1232,4065 1204,4057 1150,4082"/>
        <Baseline points="1188,4010 1238,4007 1288,4008 1338,4006 1388,4003 1438,4001 1488,3999 1538,3997 1588,3997 1638,3995 1688,3995 1738,3995 1788,3995 1838,3995 1888,3995 1938,3995 1988,3997 2038,3999 2088,3998 2138,3998 2188,3997 2238,3995 2288,3994 2338,3994 2388,3994 2438,3993 2488,3995 2538,3995 2588,3995 2638,3995 2688,3994 2738,3993 2788,3993 2838,3992 2888,3992 2938,3993 2988,3994 3038,3995 3088,3996 3138,3997 3188,3996 3238,3998 3288,3999 3338,3999 3382,3998"/>
        <Word id="word_441f210a-1c02-40ee-a223-3c93099dd54d">
          <Coords points="1186,3975 1236,3972 1289,3973 1337,3971 1386,3968 1437,3966 1487,3964 1537,3962 1588,3962 1598,3962 1600,4007 1588,4007 1538,4007 1488,4009 1438,4011 1389,4013 1338,4016 1288,4018 1239,4017 1189,4020"/>
          <TextEquiv>
            <Unicode>„spoedich</Unicode>
          </TextEquiv>
        </Word>
        <Word id="word_65785a1e-38af-4d8f-b71a-e0eeca248de9">
          <Coords points="1645,3960 1688,3960 1738,3960 1788,3960 1828,3960 1828,4005 1788,4005 1738,4005 1688,4005 1645,4005"/>
          <TextEquiv>
            <Unicode>ende</Unicode>
          </TextEquiv>
        </Word>
        <Word id="word_e1add72b-f7b9-4ad7-bc12-de4bbea840d9">
          <Coords points="1873,3960 1888,3960 1938,3960 1989,3962 2039,3964 2087,3963 2138,3963 2187,3962 2237,3960 2238,3960 2239,4005 2238,4005 2188,4007 2138,4008 2088,4008 2038,4009 1988,4007 1938,4005 1888,4005 1873,4005"/>
          <TextEquiv>
            <Unicode>behouden</Unicode>
          </TextEquiv>
        </Word>
        <Word id="word_4b4f9f9d-4de2-4705-94ae-d569e14cd98f">
          <Coords points="2284,3959 2287,3959 2338,3959 2388,3959 2421,3958 2422,4003 2388,4004 2338,4004 2288,4004 2285,4004"/>
          <TextEquiv>
            <Unicode>ter</Unicode>
          </TextEquiv>
        </Word>
        <Word id="word_80062cf8-986d-4d9c-b6c1-ab8f17847242">
          <Coords points="2472,3958 2492,3960 2538,3960 2588,3960 2638,3960 2687,3959 2737,3958 2788,3958 2837,3957 2888,3957 2939,3958 2989,3959 3039,3960 3063,3960 3062,4005 3038,4005 2988,4004 2938,4003 2888,4002 2838,4002 2788,4003 2738,4003 2688,4004 2638,4005 2588,4005 2538,4005 2487,4005 2466,4002"/>
          <TextEquiv>
            <Unicode>gedestineerde</Unicode>
          </TextEquiv>
        </Word>
        <Word id="word_add7ecd3-f741-4108-bdff-246ab297c505">
          <Coords points="3108,3961 3139,3962 3187,3961 3239,3963 3289,3964 3338,3964 3381,3963 3382,4008 3338,4009 3288,4009 3238,4008 3188,4006 3138,4007 3107,4006"/>
          <TextEquiv>
            <Unicode>plaets</Unicode>
          </TextEquiv>
        </Word>
        <TextEquiv conf="0.9455598545020553">
          <Unicode>„spoedich ende behouden ter gedestineerde plaets</Unicode>
        </TextEquiv>
        <TextStyle xHeight="44"/>
      </TextLine>
      <TextLine id="bf521fd2-dd68-4c68-8980-79dc1f367d51">
        <Coords points="1157,4080 1199,4059 1436,4075 1527,4036 1567,4007 1735,4007 1795,4060 1883,4056 1903,4040 1971,4036 1991,4016 2436,4015 2449,4024 2478,4008 2518,4047 2930,4047 2946,4063 3298,4063 3334,4090 3366,4095 3395,4077 3395,4156 3366,4185 2954,4188 2894,4183 2886,4175 2746,4175 2718,4192 2342,4188 2302,4155 2243,4151 2190,4198 2179,4187 2043,4183 1992,4136 1807,4136 1755,4188 1157,4196"/>
        <Baseline points="1195,4126 1245,4123 1295,4122 1345,4121 1395,4122 1445,4121 1495,4119 1545,4118 1595,4118 1645,4119 1695,4119 1745,4118 1795,4118 1845,4118 1895,4118 1945,4118 1995,4118 2045,4119 2095,4124 2145,4127 2195,4127 2245,4126 2295,4125 2345,4126 2395,4126 2445,4129 2495,4131 2545,4128 2595,4126 2645,4126 2695,4126 2745,4126 2795,4125 2845,4125 2895,4125 2945,4123 2995,4123 3045,4123 3095,4124 3145,4125 3195,4126 3245,4126 3295,4129 3345,4132 3358,4136"/>
        <Word id="word_6942ca81-aae5-44d1-9564-b40d46a39cbc">
          <Coords points="1193,4091 1243,4088 1294,4087 1344,4086 1396,4087 1444,4086 1494,4084 1544,4083 1595,4083 1612,4083 1611,4128 1595,4128 1545,4128 1495,4129 1445,4131 1395,4132 1345,4131 1295,4132 1246,4133 1196,4136"/>
          <TextEquiv>
            <Unicode>geleijden,</Unicode>
          </TextEquiv>
        </Word>
        <Word id="word_f935439a-9ffd-4b71-84ed-bbd34950f420">
          <Coords points="1653,4084 1695,4084 1744,4083 1795,4083 1845,4083 1895,4083 1945,4083 1995,4083 2028,4084 2027,4129 1995,4128 1945,4128 1895,4128 1845,4128 1795,4128 1745,4128 1695,4129 1653,4129"/>
          <TextEquiv>
            <Unicode>blijvende</Unicode>
          </TextEquiv>
        </Word>
        <Word id="word_699c6db3-44ff-4f10-ba85-3f70bff6cc7b">
          <Coords points="2075,4085 2101,4090 2147,4092 2193,4092 2193,4137 2144,4137 2093,4134 2067,4129"/>
          <TextEquiv>
            <Unicode>wij</Unicode>
          </TextEquiv>
        </Word>
        <Word id="word_f0d75a2f-f2f9-44ce-87c0-4b69b25f5cb0">
          <Coords points="2232,4092 2242,4091 2294,4090 2319,4090 2318,4135 2295,4135 2246,4136 2236,4137"/>
          <TextEquiv>
            <Unicode>nu</Unicode>
          </TextEquiv>
        </Word>
        <Word id="word_e42526a0-9b6d-495a-b48f-e5c16ecf7a9a">
          <Coords points="2360,4091 2395,4091 2447,4094 2486,4096 2484,4141 2444,4139 2395,4136 2360,4136"/>
          <TextEquiv>
            <Unicode>soo</Unicode>
          </TextEquiv>
        </Word>
        <Word id="word_b41483b1-9093-4ebe-bc1d-8d1742428882">
          <Coords points="2518,4098 2537,4094 2594,4091 2645,4091 2692,4091 2692,4136 2645,4136 2595,4136 2547,4138 2528,4142"/>
          <TextEquiv>
            <Unicode>hier</Unicode>
          </TextEquiv>
        </Word>
        <Word id="word_f3ca8360-d119-4d00-8dc8-4e06488f3d39">
          <Coords points="2734,4091 2745,4091 2794,4090 2817,4090 2817,4135 2795,4135 2745,4136 2734,4136"/>
          <TextEquiv>
            <Unicode>in</Unicode>
          </TextEquiv>
        </Word>
        <Word id="word_4476c63a-9032-4541-9b98-c76b60bcb872">
          <Coords points="2859,4090 2895,4090 2944,4088 2995,4088 3045,4088 3096,4089 3146,4090 3196,4091 3245,4091 3297,4094 3347,4097 3368,4102 3354,4145 3344,4142 3294,4139 3245,4136 3195,4136 3145,4135 3095,4134 3045,4133 2995,4133 2945,4133 2895,4135 2859,4135"/>
          <TextEquiv>
            <Unicode>trimelevons,</Unicode>
          </TextEquiv>
        </Word>
        <TextEquiv conf="0.8730447781624193">
          <Unicode>geleijden, blijvende wij nu soo hier in trimelevons,</Unicode>
        </TextEquiv>
        <TextStyle xHeight="47"/>
      </TextLine>
      <TextLine id="ec5b19fe-85b4-4372-b0aa-d2f55e9be16f">
        <Coords points="1153,4197 1750,4194 1810,4134 1990,4134 2046,4185 2150,4189 2184,4203 2237,4154 2301,4154 2353,4201 2669,4202 2677,4194 2713,4194 2745,4174 2882,4174 2893,4185 2956,4189 3232,4193 3249,4202 3249,4280 3227,4266 2988,4275 1854,4274 1834,4287 1798,4287 1781,4274 1730,4275 1722,4283 1706,4274 1153,4271"/>
        <Baseline points="1191,4261 1241,4256 1291,4255 1341,4253 1391,4252 1441,4251 1491,4250 1541,4250 1591,4250 1641,4249 1691,4249 1741,4249 1791,4249 1841,4249 1891,4249 1941,4252 1991,4252 2041,4252 2091,4252 2141,4252 2191,4253 2241,4255 2291,4255 2341,4255 2391,4256 2441,4258 2491,4259 2541,4260 2591,4261 2641,4261 2691,4260 2741,4260 2791,4260 2841,4259 2891,4261 2941,4262 2991,4262 3041,4261 3091,4260 3141,4260 3191,4258 3212,4261"/>
        <Word id="word_4e488d21-7eed-43f2-945e-de12f1eb48ff">
          <Coords points="1188,4226 1238,4221 1290,4220 1324,4219 1326,4264 1291,4265 1242,4266 1192,4271"/>
          <TextEquiv>
            <Unicode>als</Unicode>
          </TextEquiv>
        </Word>
        <Word id="word_ba304dd5-c3cc-4c2d-a0b3-145e17b49329">
          <Coords points="1371,4217 1391,4217 1440,4216 1490,4215 1541,4215 1591,4215 1639,4214 1640,4259 1591,4260 1541,4260 1491,4260 1441,4261 1391,4262 1370,4262"/>
          <TextEquiv>
            <Unicode>carcal</Unicode>
          </TextEquiv>
        </Word>
        <Word id="word_92c46c09-537e-4dea-816f-34f2519cdb60">
          <Coords points="1690,4213 1696,4214 1741,4214 1791,4214 1841,4214 1865,4214 1865,4259 1841,4259 1791,4259 1741,4259 1690,4259 1683,4258"/>
          <TextEquiv>
            <Unicode>noch</Unicode>
          </TextEquiv>
        </Word>
        <Word id="word_087b2733-a0a6-4507-9871-7dce965df838">
          <Coords points="1913,4214 1944,4217 1991,4217 2041,4217 2091,4217 2141,4217 2180,4218 2179,4263 2141,4262 2091,4262 2041,4262 1991,4262 1940,4262 1909,4259"/>
          <TextEquiv>
            <Unicode>belast</Unicode>
          </TextEquiv>
        </Word>
        <Word id="word_a873aee5-6589-4986-866c-e1eef7aa766d">
          <Coords points="2227,4219 2244,4220 2291,4220 2341,4220 2359,4220 2358,4265 2341,4265 2291,4265 2240,4265 2223,4264"/>
          <TextEquiv>
            <Unicode>met</Unicode>
          </TextEquiv>
        </Word>
        <Word id="word_7610f82a-115f-4efe-afdf-d24435ad9fad">
          <Coords points="2405,4221 2443,4223 2492,4224 2542,4225 2592,4226 2641,4226 2690,4225 2718,4225 2718,4270 2691,4270 2641,4271 2591,4271 2541,4270 2491,4269 2441,4268 2403,4266"/>
          <TextEquiv>
            <Unicode>ontrent</Unicode>
          </TextEquiv>
        </Word>
        <Word id="word_07b264fa-65b8-4091-a682-08936e65bdf4">
          <Coords points="2763,4225 2791,4225 2840,4224 2854,4224 2852,4269 2841,4269 2791,4270 2763,4270"/>
          <TextEquiv>
            <Unicode>d'</Unicode>
          </TextEquiv>
        </Word>
        <Word id="word_496c3faa-b941-432c-9478-87e52bb2521f">
          <Coords points="2898,4226 2942,4227 2991,4227 3032,4226 3033,4271 2991,4272 2941,4272 2897,4271"/>
          <TextEquiv>
            <Unicode>450</Unicode>
          </TextEquiv>
        </Word>
        <Word id="word_5e58d6df-a793-4270-ba36-940398d79752">
          <Coords points="3077,4225 3090,4225 3141,4225 3190,4223 3217,4226 3210,4271 3191,4268 3141,4270 3091,4270 3078,4270"/>
          <TextEquiv>
            <Unicode>stx</Unicode>
          </TextEquiv>
        </Word>
        <TextEquiv conf="0.9342493119161597">
          <Unicode>als carcal noch belast met ontrent d' 450 stx</Unicode>
        </TextEquiv>
        <TextStyle xHeight="37"/>
      </TextLine>
      <TextLine id="line_995672dc-a485-40f8-bf3d-6cc9bc22fece">
        <Coords points="1139,4271 1708,4274 1720,4282 1728,4275 1781,4274 1796,4286 1832,4287 1852,4275 2987,4275 3227,4266 3271,4310 3288,4310 3288,4388 3127,4386 3099,4411 2803,4410 2779,4431 2767,4431 2712,4463 2612,4495 2591,4495 2582,4486 2272,4482 1972,4483 1964,4491 1501,4491 1489,4482 1139,4487"/>
        <Baseline points="1177,4373 1227,4380 1277,4383 1327,4383 1377,4381 1427,4380 1477,4379 1527,4377 1577,4376 1627,4376 1677,4376 1727,4373 1777,4373 1827,4372 1877,4372 1927,4372 1977,4372 2027,4372 2077,4372 2127,4372 2177,4372 2227,4372 2277,4373 2327,4374 2377,4373 2427,4374 2477,4375 2527,4376 2577,4377 2627,4379 2677,4379 2727,4379 2777,4380 2827,4379 2877,4379 2927,4377 2977,4376 3027,4374 3077,4374 3127,4373 3177,4372 3227,4369 3251,4369"/>
        <Word id="word_7573b283-2345-4c60-9e48-e2cd3352811b">
          <Coords points="1182,4338 1232,4345 1279,4348 1327,4348 1376,4346 1426,4345 1465,4344 1466,4389 1427,4390 1377,4391 1327,4393 1276,4393 1226,4390 1176,4383"/>
          <TextEquiv>
            <Unicode>slaven</Unicode>
          </TextEquiv>
        </Word>
        <Word id="word_44456e79-89de-4bd6-8378-62251bd4c1ff">
          <Coords points="1511,4343 1524,4342 1576,4341 1627,4341 1659,4341 1659,4386 1627,4386 1577,4386 1528,4387 1515,4388"/>
          <TextEquiv>
            <Unicode>als</Unicode>
          </TextEquiv>
        </Word>
        <Word id="word_16a9ddb9-292c-498b-baf0-0d53322fe735">
          <Coords points="1702,4341 1722,4338 1777,4338 1826,4337 1877,4337 1927,4337 1977,4337 2027,4337 2077,4337 2127,4337 2177,4337 2189,4337 2189,4382 2177,4382 2127,4382 2077,4382 2027,4382 1977,4382 1927,4382 1877,4382 1827,4382 1777,4383 1728,4383 1709,4386"/>
          <TextEquiv>
            <Unicode>slavinnen,</Unicode>
          </TextEquiv>
        </Word>
        <Word id="word_34069a8e-fba4-4a10-a99b-691d98c73c7a">
          <Coords points="2239,4337 2278,4338 2328,4339 2376,4338 2383,4338 2382,4383 2377,4383 2327,4384 2277,4383 2237,4382"/>
          <TextEquiv>
            <Unicode>tot</Unicode>
          </TextEquiv>
        </Word>
        <Word id="word_014131ad-c675-454a-ab99-167cc878fb82">
          <Coords points="2431,4339 2478,4340 2528,4341 2578,4342 2628,4344 2677,4344 2727,4344 2778,4345 2816,4344 2817,4389 2777,4390 2727,4389 2677,4389 2627,4389 2577,4387 2527,4386 2477,4385 2431,4384"/>
          <TextEquiv>
            <Unicode>welckers</Unicode>
          </TextEquiv>
        </Word>
        <Word id="word_32240acd-5558-433e-8d33-294b39b4690e">
          <Coords points="2867,4343 2879,4344 2926,4342 2976,4341 3026,4339 3077,4339 3126,4338 3176,4337 3225,4334 3251,4334 3251,4379 3228,4379 3177,4382 3127,4383 3077,4384 3027,4384 2977,4386 2927,4387 2876,4389 2864,4388"/>
          <TextEquiv>
            <Unicode>spoedige</Unicode>
          </TextEquiv>
        </Word>
        <TextEquiv conf="0.9338754473474364">
          <Unicode>slaven als slavinnen, tot welckers spoedige</Unicode>
        </TextEquiv>
        <TextStyle xHeight="60"/>
      </TextLine>
    </TextRegion>
    <TextRegion id="region_30552d9f-c2cb-43c2-9bac-aa28e567b4ad_2" custom="structure {type:catch-word;}">
      <Coords points="2618,4586 2632,4600 2635,4600 2639,4603 2642,4603 2646,4607 2667,4607 2670,4610 2687,4610 2691,4614 2722,4614 2726,4610 2771,4610 2774,4607 2778,4610 2879,4610 2882,4614 2906,4614 2910,4610 2927,4610 2931,4614 2966,4614 2969,4617 2979,4617 2983,4621 2990,4621 2993,4624 3018,4624 3021,4628 3073,4628 3077,4624 3094,4624 3098,4621 3105,4621 3108,4617 3112,4617 3118,4610 3122,4610 3125,4607 3125,4603 3132,4596 3132,4593 3136,4589 3136,4586 3139,4582 3139,4565 3143,4562 3143,4551 3139,4548 3139,4544 3136,4541 3136,4537 3132,4534 3129,4534 3122,4527 3118,4527 3115,4523 3108,4523 3105,4520 3101,4523 3080,4523 3077,4527 2990,4527 2986,4523 2966,4523 2962,4520 2945,4520 2941,4516 2906,4516 2903,4513 2889,4513 2886,4516 2865,4516 2861,4513 2830,4513 2826,4509 2774,4509 2771,4513 2767,4509 2740,4509 2736,4513 2691,4513 2687,4516 2653,4516 2649,4520 2642,4520 2639,4523 2635,4523 2632,4527 2628,4527 2628,4530 2625,4534 2625,4537 2621,4541 2621,4544 2618,4548"/>
      <TextLine id="bc411755-77bb-41cf-a74c-7bc508b4d02e">
        <Coords points="2564,4501 2778,4492 2822,4523 2854,4523 2874,4543 3086,4551 3102,4563 3126,4563 3170,4584 3182,4583 3235,4536 3235,4613 3106,4608 3038,4652 2878,4660 2564,4655"/>
        <Baseline points="2602,4598 2652,4599 2702,4598 2752,4596 2802,4595 2852,4595 2902,4597 2952,4598 3002,4599 3052,4600 3102,4598 3152,4596 3198,4594"/>
        <Word id="word_0eac00ec-bc2c-4a03-a587-cf2e76cdf659">
          <Coords points="2603,4563 2653,4564 2701,4563 2751,4561 2801,4560 2852,4560 2903,4562 2953,4563 3003,4564 3053,4565 3101,4563 3151,4561 3196,4559 3198,4604 3152,4606 3102,4608 3052,4610 3002,4609 2952,4608 2902,4607 2852,4605 2802,4605 2752,4606 2702,4608 2652,4609 2602,4608"/>
          <TextEquiv>
            <Unicode>affsendinghe</Unicode>
          </TextEquiv>
        </Word>
        <TextEquiv conf="0.9566820814052432">
          <Unicode>affsendinghe</Unicode>
        </TextEquiv>
        <TextStyle xHeight="42"/>
      </TextLine>
    </TextRegion>
    <TextRegion id="region_2bb04026-b182-4700-96c7-f115d18cec4d">
      <Coords points="603,317 1226,317 1226,358 603,358"/>
      <TextLine id="line_39f53045-a74b-4401-ac8e-8e5ca375fd44">
        <Coords points="566,279 581,282 607,263 623,267 636,257 671,263 700,255 753,227 771,240 797,231 823,254 844,251 871,262 910,263 969,223 991,223 999,231 1033,227 1041,235 1050,229 1073,244 1117,204 1131,204 1157,227 1183,227 1209,243 1224,243 1257,274 1262,271 1262,349 1221,340 1198,359 1170,363 1141,351 1082,352 1073,359 1030,356 955,371 910,359 877,363 852,348 803,348 739,384 676,439 632,447 609,431 587,442 566,435"/>
        <Baseline points="604,355 654,346 704,343 754,339 804,336 854,333 904,331 954,331 1004,331 1054,330 1104,331 1154,331 1204,331 1225,330"/>
        <Word id="word_a6e0b8fb-a58d-4830-9e30-327fdbf08db6">
          <Coords points="598,321 648,312 702,308 751,304 795,301 798,346 755,349 705,353 656,356 606,365"/>
          <TextEquiv>
            <Unicode>Julio</Unicode>
          </TextEquiv>
        </Word>
        <Word id="word_34ea48b3-f632-414e-9b74-1dd2c71e51d0">
          <Coords points="834,299 852,298 903,296 914,296 914,341 904,341 855,343 837,344"/>
          <TextEquiv>
            <Unicode>a.</Unicode>
          </TextEquiv>
        </Word>
        <Word id="word_99b81dae-4cbc-4a76-b49c-7fd58e59b999">
          <Coords points="953,296 954,296 1004,296 1030,295 1031,340 1004,341 954,341 953,341"/>
          <TextEquiv>
            <Unicode>o.</Unicode>
          </TextEquiv>
        </Word>
        <Word id="word_5ee80367-da19-439e-a852-0f2d2e0e597d">
          <Coords points="1071,295 1105,296 1154,296 1204,296 1223,295 1225,340 1204,341 1154,341 1104,341 1069,340"/>
          <TextEquiv>
            <Unicode>1646</Unicode>
          </TextEquiv>
        </Word>
        <TextEquiv conf="0.8356049589797793">
          <Unicode>Julio a. o. 1646</Unicode>
        </TextEquiv>
        <TextStyle xHeight="59"/>
      </TextLine>
    </TextRegion>
    <TextRegion id="region_3edaf334-f3bb-4257-ac48-f34b38f1e2b9">
      <Coords points="1857,494 2274,494 2274,522 1857,522"/>
      <TextLine id="line_7b82bb12-9eec-467b-b0f5-259354501a0e">
        <Coords points="1821,496 1850,496 1895,452 1935,448 1968,428 2135,428 2187,397 2211,396 2268,448 2308,450 2308,529 2302,535 2100,542 2091,551 1904,550 1821,559"/>
        <Baseline points="1859,509 1909,509 1959,508 2009,507 2059,506 2109,507 2159,508 2209,508 2259,509 2271,509"/>
        <Word id="word_37df1881-3ff4-495a-b008-93870e53f4f0">
          <Coords points="1859,474 1909,474 1958,473 2008,472 2058,471 2110,472 2160,473 2209,473 2260,474 2271,474 2271,519 2259,519 2209,518 2159,518 2109,517 2059,516 2009,517 1959,518 1909,519 1859,519"/>
          <TextEquiv>
            <Unicode>Jonckm</Unicode>
          </TextEquiv>
        </Word>
        <TextEquiv conf="0.8961110246804947">
          <Unicode>Jonckm</Unicode>
        </TextEquiv>
        <TextStyle xHeight="37"/>
      </TextLine>
    </TextRegion>
    <TextRegion id="e074a5fe-545b-47f9-819f-e67ea32bde8a">
      <Coords points="2937,504 3004,504 3004,518 2937,518"/>
      <TextLine id="line_548c07ad-e19e-46ca-9812-875889abc26e">
        <Coords points="2902,406 2927,394 2964,430 2977,430 2988,441 3010,427 3021,433 3037,449 3037,529 3024,530 3016,522 2998,526 2991,519 2902,518"/>
        <Baseline points="2940,509 2990,510 3000,509"/>
        <Word id="word_b5c270c6-4674-44d6-9cd2-19b0b5f3b186">
          <Coords points="2941,474 2991,475 2997,474 3001,519 2990,520 2940,519"/>
          <TextEquiv>
            <Unicode>10</Unicode>
          </TextEquiv>
        </Word>
        <TextEquiv conf="0.7213007818819921">
          <Unicode>10</Unicode>
        </TextEquiv>
        <TextStyle xHeight="32"/>
      </TextLine>
    </TextRegion>
  </Page>
</PcGts>
