<?xml version="1.0" encoding="UTF-8"?>
<PcGts xmlns="http://schema.primaresearch.org/PAGE/gts/pagecontent/2013-07-15">
  <Metadata externalRef="51577e86-9977-4993-9dd8-4452ef3469cd">
    <Creator>Laypa</Creator>
    <Created>2023-09-08T02:21:16</Created>
    <LastChange>2023-09-08T03:38:13</LastChange>
    <Comment>license: CC0</Comment>
    <MetadataItem type="processingStep" name="layout-analysis" value="laypa">
      <Labels>
        <Label value="228a7d24385cff0e51687c00d0e65a2c2a9703d5" type="githash"/>
        <Label value="61334eb4-edff-4af5-b036-b5927f35bbcf" type="uuid"/>
        <Label value="https://hdl.handle.net/10622/VMSCBR" type="laypamodelremote"/>
      </Labels>
    </MetadataItem>
    <MetadataItem type="processingStep" name="region-analysis" value="laypa">
      <Labels>
        <Label value="0a3442b4-835c-44bc-9115-3fd08263a5dc" type="uuid"/>
        <Label value="https://hdl.handle.net/10622/DMAS2T" type="laypamodelremote"/>
      </Labels>
    </MetadataItem>
    <MetadataItem type="processingStep" name="htr" value="loghi-htr">
      <Labels>
        <Label value="9efb3e0ff4338dc6e07d110ac4d435f27f5b0e16&#10;" type="githash"/>
        <Label value="3a9bdaa3-493c-483e-bbb2-f51961b8e5a0" type="uuid"/>
        <Label value="64" type="batch_size"/>
        <Label value="https://hdl.handle.net/10622/X2JZYY" type="loghihtrmodelremote"/>
      </Labels>
    </MetadataItem>
    <MetadataItem type="processingStep" name="word-splitting" value="loghi-htr-tooling"/>
    <MetadataItem type="other" name="dataset" value="https://hdl.handle.net/10622/LVXSBW">
      <Labels>
        <Label value="VOC transcriptions v2 - GLOBALISE" type="name"/>
        <Label value="Dataset in pagexml and txt format, including data card." type="description"/>
        <Label value="https://globalise.huygens.knaw.nl/" type="creator"/>
        <Label value="https://hdl.handle.net/10622/LVXSBW" type="url"/>
      </Labels>
    </MetadataItem>
  </Metadata>
  <Page imageFilename="NL-HaNA_1.04.02_1161_0312.jpg" imageWidth="3560" imageHeight="4937">
    <ReadingOrder>
      <OrderedGroup id="orderedgroup_e8ffa779-5adc-43fe-8f3c-9de06c0cd5fe">
        <RegionRefIndexed index="0" regionRef="region_b905bc4e-12f2-4fed-86ff-0d0a71d63cbd_6"/>
        <RegionRefIndexed index="1" regionRef="region_019d4dae-bba7-4893-a52d-4e8228e41ecc_5"/>
        <RegionRefIndexed index="2" regionRef="region_4de66f9e-4839-4dfe-aee6-4e1c10b94b28_2"/>
        <RegionRefIndexed index="3" regionRef="region_24ee97cb-44a7-4759-9680-6b7a0cf5b220_1"/>
        <RegionRefIndexed index="4" regionRef="region_b1a0bbb8-61f4-4683-964a-8ad3eb2b2aad_3"/>
        <RegionRefIndexed index="5" regionRef="region_9ab8be3d-caf1-41f1-82ea-89137ede4ce1_4"/>
        <RegionRefIndexed index="6" regionRef="f1126749-2d33-40cd-bd74-75f585654063"/>
        <RegionRefIndexed index="7" regionRef="region_15f77a97-5073-47a1-9f4d-0158343bb726"/>
        <RegionRefIndexed index="8" regionRef="region_5da268a3-a710-4095-881c-94da64bba22f"/>
        <RegionRefIndexed index="9" regionRef="de57ba9b-e5d9-4ab1-86f1-13ea4044420a"/>
        <RegionRefIndexed index="10" regionRef="a7c6e78a-bbba-441f-bb86-f3b87f797dea"/>
      </OrderedGroup>
    </ReadingOrder>
    <TextRegion id="region_b905bc4e-12f2-4fed-86ff-0d0a71d63cbd_6" custom="structure {type:header;}">
      <Coords points="1665,827 1669,831 1669,834 1676,841 1693,841 1697,845 1731,845 1735,848 1770,848 1773,845 1818,845 1822,841 1836,841 1839,838 1850,838 1853,834 1860,834 1863,831 1870,831 1874,827 1884,827 1888,824 1891,824 1891,821 1895,817 1895,814 1881,814 1877,810 1863,810 1860,807 1850,807 1846,803 1825,803 1822,800 1797,800 1794,796 1790,796 1787,793 1745,793 1742,796 1714,796 1710,800 1697,800 1693,803 1683,803 1679,807 1672,807 1669,810 1669,814 1665,817"/>
      <TextLine id="line_693cdb3d-fc58-4d23-b845-c99e29cc974f">
        <Coords points="1358,819 1404,800 1460,747 1556,752 1568,743 1631,744 1647,735 1661,744 1739,744 1771,731 1872,732 1915,696 1955,691 2035,691 2043,699 2075,699 2095,711 2673,707 2713,747 2765,763 2873,763 2909,782 2978,782 2978,863 2905,931 2853,939 2777,934 2753,935 2745,943 2662,943 2606,959 2382,959 2322,912 2276,914 2234,878 2155,878 2075,866 1854,866 1833,875 1780,835 1755,835 1743,847 1715,851 1664,846 1655,855 1540,863 1516,862 1488,842 1358,842"/>
        <Baseline points="1398,825 1448,821 1498,821 1548,822 1598,822 1648,823 1698,823 1748,823 1798,823 1848,823 1898,823 1948,822 1998,822 2048,823 2098,824 2148,825 2198,826 2248,827 2298,828 2348,829 2398,830 2448,832 2498,832 2548,833 2598,833 2648,834 2698,834 2748,834 2798,834 2848,836 2898,839 2939,842"/>
        <Word id="word_72dfaebf-d536-4121-8ddf-2bc11a718bf9">
          <Coords points="1395,790 1445,786 1498,786 1549,787 1574,787 1574,832 1548,832 1498,831 1449,831 1399,835"/>
          <TextEquiv>
            <Unicode>Dagh</Unicode>
          </TextEquiv>
        </Word>
        <Word id="word_732739e9-c04d-469b-9d29-be5ce26270e2">
          <Coords points="1619,787 1649,788 1698,788 1748,788 1798,788 1848,788 1898,788 1947,787 1970,787 1970,832 1948,832 1898,833 1848,833 1798,833 1748,833 1698,833 1648,833 1618,832"/>
          <TextEquiv>
            <Unicode>Register</Unicode>
          </TextEquiv>
        </Word>
        <Word id="word_0cc21764-8c47-49f2-bc7d-8f98cd835126">
          <Coords points="2015,787 2049,788 2099,789 2149,790 2199,791 2249,792 2279,793 2278,838 2248,837 2198,836 2148,835 2098,834 2048,833 2014,832"/>
          <TextEquiv>
            <Unicode>wegens</Unicode>
          </TextEquiv>
        </Word>
        <Word id="word_9c590f5b-6ddc-475a-971f-f5004f48605f">
          <Coords points="2323,794 2349,794 2399,795 2412,796 2410,841 2398,840 2348,839 2322,838"/>
          <TextEquiv>
            <Unicode>'t</Unicode>
          </TextEquiv>
        </Word>
        <Word id="word_ee4f04d4-0a04-4bcb-b2ae-e8b3da871b49">
          <Coords points="2455,797 2498,797 2549,798 2598,798 2649,799 2698,799 2748,799 2798,799 2849,801 2900,804 2942,807 2938,852 2897,849 2848,846 2798,844 2748,844 2698,844 2648,844 2598,843 2548,843 2498,842 2455,842"/>
          <TextEquiv>
            <Unicode>gepasseerde</Unicode>
          </TextEquiv>
        </Word>
        <TextEquiv conf="0.9087448704215824">
          <Unicode>Dagh Register wegens 't gepasseerde</Unicode>
        </TextEquiv>
        <TextStyle xHeight="58"/>
      </TextLine>
    </TextRegion>
    <TextRegion id="region_019d4dae-bba7-4893-a52d-4e8228e41ecc_5" custom="structure {type:header;}">
      <Coords points="2680,814 2670,814 2667,810 2642,810 2639,807 2618,807 2614,810 2583,810 2580,814 2559,814 2548,824 2545,824 2548,824 2552,827 2618,827 2621,831 2628,831 2632,827 2649,827 2653,824 2670,824"/>
    </TextRegion>
    <TextRegion id="region_4de66f9e-4839-4dfe-aee6-4e1c10b94b28_2" custom="structure {type:paragraph;}">
      <Coords points="1512,1151 1488,1199 1488,1217 1502,1252 1491,1349 1502,1380 1498,1610 1505,1672 1498,1700 1502,1777 1491,1857 1498,1964 1495,2065 1484,2114 1488,2187 1471,2243 1471,2274 1481,2302 1478,2375 1488,2409 1471,2653 1464,2677 1460,2889 1467,2920 1464,2997 1474,3028 1471,3112 1481,3150 1481,3286 1464,3359 1464,3390 1471,3404 1495,3418 1742,3400 2110,3404 2288,3397 2378,3414 2642,3407 2764,3383 2788,3386 2879,3369 2938,3369 2976,3362 3028,3334 3049,3303 3077,3279 3105,3272 3219,3275 3285,3254 3310,3209 3317,3150 3338,3091 3338,2886 3324,2781 3327,2569 3310,2256 3317,2236 3310,2131 3317,2044 3310,2020 3310,1850 3296,1791 3296,1724 3306,1679 3303,1592 3296,1571 3313,1533 3306,1464 3320,1412 3317,1352 3320,1283 3327,1262 3327,1227 3310,1179 3285,1165 3275,1172 3105,1182 2979,1175 2673,1182 2406,1168 2187,1168 1797,1147 1707,1151 1582,1137 1533,1140"/>
      <TextLine id="line_814f9f4d-8439-455c-8bff-82b4395af727">
        <Coords points="1459,1046 1733,1046 1773,1054 1821,1099 2045,1098 2097,1122 2668,1123 3065,1106 3109,1114 3169,1145 3233,1197 3370,1196 3370,1276 3345,1286 3337,1280 3249,1277 3013,1278 3001,1269 2901,1261 2841,1310 2801,1310 2757,1269 2685,1274 2645,1306 2613,1305 2581,1277 2465,1277 2445,1257 2393,1257 2381,1246 2209,1247 2189,1251 2157,1274 1981,1274 1964,1261 1833,1265 1809,1253 1625,1258 1609,1274 1569,1274 1561,1266 1459,1270"/>
        <Baseline points="1499,1217 1549,1217 1599,1215 1649,1214 1699,1213 1749,1214 1799,1216 1849,1216 1899,1216 1949,1216 1999,1216 2049,1216 2099,1217 2149,1217 2199,1218 2249,1220 2299,1222 2349,1224 2399,1225 2449,1226 2499,1225 2549,1225 2599,1228 2649,1230 2699,1231 2749,1233 2799,1235 2849,1236 2899,1238 2949,1240 2999,1241 3049,1242 3099,1244 3149,1245 3199,1246 3249,1247 3299,1251 3331,1256"/>
        <Word id="word_7d3ec025-6517-4a7e-87f8-0fdaac6f1b7a">
          <Coords points="1499,1182 1549,1182 1598,1180 1648,1179 1698,1178 1737,1179 1736,1224 1699,1223 1649,1224 1599,1225 1549,1227 1499,1227"/>
          <TextEquiv>
            <Unicode>deselve</Unicode>
          </TextEquiv>
        </Word>
        <Word id="word_42395a15-c2f4-45d7-95ff-5dc09181be09">
          <Coords points="1772,1179 1801,1181 1849,1181 1899,1181 1906,1181 1906,1226 1899,1226 1849,1226 1798,1226 1770,1224"/>
          <TextEquiv>
            <Unicode>oock</Unicode>
          </TextEquiv>
        </Word>
        <Word id="word_4085405f-b129-484f-90e2-4079702858b6">
          <Coords points="1940,1181 1949,1181 1999,1181 2049,1181 2100,1182 2144,1182 2144,1227 2099,1227 2049,1226 1999,1226 1949,1226 1940,1226"/>
          <TextEquiv>
            <Unicode>minder</Unicode>
          </TextEquiv>
        </Word>
        <Word id="word_89c8631b-d13d-4302-9e84-ce4d1444fbc5">
          <Coords points="2179,1182 2201,1183 2250,1185 2300,1187 2350,1189 2400,1190 2416,1190 2415,1235 2399,1235 2349,1234 2299,1232 2249,1230 2199,1228 2177,1227"/>
          <TextEquiv>
            <Unicode>pericul</Unicode>
          </TextEquiv>
        </Word>
        <Word id="word_9cc42850-c17b-4822-a7a4-9c89138e6131">
          <Coords points="2449,1191 2498,1190 2549,1190 2553,1190 2551,1235 2549,1235 2499,1235 2449,1236"/>
          <TextEquiv>
            <Unicode>van</Unicode>
          </TextEquiv>
        </Word>
        <Word id="word_2450b909-06a9-48e3-bf7c-fc982c97004d">
          <Coords points="2587,1192 2601,1193 2650,1195 2700,1196 2750,1198 2800,1200 2850,1201 2900,1203 2926,1204 2924,1249 2899,1248 2849,1246 2799,1245 2749,1243 2699,1241 2649,1240 2598,1238 2584,1237"/>
          <TextEquiv>
            <Unicode>uytgeseijt</Unicode>
          </TextEquiv>
        </Word>
        <Word id="word_ce5ae43d-a1bd-48a2-b47e-bf0254cbe4bb">
          <Coords points="2959,1205 3000,1206 3027,1207 3026,1252 2999,1251 2958,1250"/>
          <TextEquiv>
            <Unicode>te</Unicode>
          </TextEquiv>
        </Word>
        <Word id="word_a7e1617c-8510-4043-a1e9-74600085fa00">
          <Coords points="3062,1207 3101,1209 3150,1210 3200,1211 3250,1212 3266,1213 3263,1258 3249,1257 3199,1256 3149,1255 3099,1254 3060,1252"/>
          <TextEquiv>
            <Unicode>werden</Unicode>
          </TextEquiv>
        </Word>
        <Word id="word_837f2e1b-5cb8-489a-8026-b8a13c4a089c">
          <Coords points="3300,1216 3302,1216 3336,1221 3329,1266 3298,1261 3297,1261"/>
          <TextEquiv>
            <Unicode>—</Unicode>
          </TextEquiv>
        </Word>
        <TextEquiv conf="0.8870260314770192">
          <Unicode>deselve oock minder pericul van uytgeseijt te werden —</Unicode>
        </TextEquiv>
        <TextStyle xHeight="54"/>
      </TextLine>
      <TextLine id="line_21dca4a8-9697-433b-b4ad-466aee169fe4">
        <Coords points="1470,1276 1572,1275 1586,1284 1624,1257 1700,1257 1720,1237 1844,1237 1852,1229 1972,1225 2031,1276 2155,1276 2187,1253 2207,1249 2383,1248 2391,1256 2448,1260 2467,1279 2587,1279 2611,1303 2638,1308 2687,1272 2749,1268 2799,1308 2843,1308 2890,1271 3006,1271 3015,1280 3246,1275 3262,1284 3335,1282 3335,1362 3230,1364 3194,1392 2739,1392 2728,1400 2659,1404 2543,1399 2511,1367 2475,1372 2451,1360 2415,1384 2163,1384 2113,1371 1967,1372 1955,1384 1928,1383 1917,1391 1907,1383 1895,1392 1792,1392 1784,1400 1732,1399 1724,1391 1576,1391 1536,1411 1470,1466"/>
        <Baseline points="1510,1353 1560,1350 1610,1350 1660,1349 1710,1349 1760,1347 1810,1347 1860,1346 1910,1345 1960,1345 2010,1344 2060,1343 2110,1343 2160,1344 2210,1345 2260,1345 2310,1341 2360,1340 2410,1339 2460,1340 2510,1341 2560,1343 2610,1344 2660,1344 2710,1346 2760,1346 2810,1345 2860,1345 2910,1343 2960,1342 3010,1342 3060,1342 3110,1341 3160,1343 3210,1344 3260,1343 3296,1342"/>
        <Word id="word_25ff2871-3413-4417-b88e-a73de51e8721">
          <Coords points="1508,1318 1558,1315 1610,1315 1659,1314 1710,1314 1732,1313 1734,1358 1710,1359 1660,1359 1610,1360 1561,1360 1511,1363"/>
          <TextEquiv>
            <Unicode>loopt,</Unicode>
          </TextEquiv>
        </Word>
        <Word id="word_e5094cd4-c4d4-4b4b-baaf-dace274c9f30">
          <Coords points="1771,1312 1810,1312 1859,1311 1909,1310 1919,1310 1919,1355 1910,1355 1860,1356 1810,1357 1770,1357"/>
          <TextEquiv>
            <Unicode>ende</Unicode>
          </TextEquiv>
        </Word>
        <Word id="word_a0b94fde-e555-4bc9-a6e0-76cb1c2ef7c2">
          <Coords points="1956,1310 1960,1310 2009,1309 2059,1308 2110,1308 2161,1309 2180,1309 2180,1354 2160,1354 2110,1353 2060,1353 2010,1354 1960,1355 1956,1355"/>
          <TextEquiv>
            <Unicode>schoon</Unicode>
          </TextEquiv>
        </Word>
        <Word id="word_7dfdd5e8-eee8-4143-8e5d-d6f026882118">
          <Coords points="2217,1310 2260,1310 2307,1306 2359,1305 2365,1305 2366,1350 2360,1350 2311,1351 2260,1355 2217,1355"/>
          <TextEquiv>
            <Unicode>sich</Unicode>
          </TextEquiv>
        </Word>
        <Word id="word_e2c22bca-b29d-409d-bd94-cf42969265ee">
          <Coords points="2402,1304 2409,1304 2461,1305 2511,1306 2561,1308 2611,1309 2626,1309 2626,1354 2610,1354 2560,1353 2510,1351 2460,1350 2410,1349 2403,1349"/>
          <TextEquiv>
            <Unicode>tegens</Unicode>
          </TextEquiv>
        </Word>
        <Word id="word_b8618728-92eb-4a35-8398-abfe60f31231">
          <Coords points="2665,1309 2712,1311 2738,1311 2738,1356 2710,1356 2663,1354"/>
          <TextEquiv>
            <Unicode>de</Unicode>
          </TextEquiv>
        </Word>
        <Word id="word_236f69fc-94fc-4f87-b1d3-70c60b734eb2">
          <Coords points="2774,1311 2809,1310 2860,1310 2909,1308 2959,1307 2998,1307 2998,1352 2960,1352 2910,1353 2860,1355 2810,1355 2775,1356"/>
          <TextEquiv>
            <Unicode>strate</Unicode>
          </TextEquiv>
        </Word>
        <Word id="word_69bfd559-f986-4aaa-b630-1767d4471325">
          <Coords points="3036,1307 3060,1307 3109,1306 3161,1308 3211,1309 3259,1308 3295,1307 3296,1352 3260,1353 3210,1354 3160,1353 3110,1351 3060,1352 3036,1352"/>
          <TextEquiv>
            <Unicode>Japanse</Unicode>
          </TextEquiv>
        </Word>
        <TextEquiv conf="0.9494382643380727">
          <Unicode>loopt, ende schoon sich tegens de strate Japanse</Unicode>
        </TextEquiv>
        <TextStyle xHeight="43"/>
      </TextLine>
      <TextLine id="c30531e4-b30a-4e4c-8527-2858beac2394">
        <Coords points="1476,1459 1494,1451 1534,1412 1574,1391 1722,1391 1734,1403 1758,1403 1770,1415 1902,1415 1914,1427 1948,1431 1958,1424 1986,1424 2046,1376 2072,1371 2113,1371 2162,1384 2414,1384 2450,1359 2474,1372 2510,1367 2546,1403 2621,1403 2642,1423 2686,1427 2781,1428 2822,1411 3267,1420 3267,1501 2970,1506 2938,1523 2910,1523 2894,1539 2882,1538 2866,1522 2762,1522 2742,1539 2590,1539 2478,1506 2458,1523 2442,1523 2422,1543 2406,1543 2398,1551 2274,1550 2258,1534 2234,1530 2162,1531 2141,1523 2128,1535 2114,1535 2094,1518 2074,1518 2031,1499 2021,1507 1978,1487 1946,1515 1902,1515 1882,1527 1838,1535 1658,1535 1638,1526 1538,1526 1514,1547 1476,1547"/>
        <Baseline points="1516,1481 1566,1479 1616,1477 1666,1476 1716,1473 1766,1471 1816,1469 1866,1469 1916,1467 1966,1467 2016,1468 2066,1468 2116,1468 2166,1468 2216,1468 2266,1469 2316,1470 2366,1469 2416,1468 2466,1468 2516,1467 2566,1466 2616,1467 2666,1467 2716,1467 2766,1468 2816,1469 2866,1470 2916,1470 2966,1471 3016,1472 3066,1474 3116,1477 3166,1481 3216,1481 3228,1481"/>
        <Word id="word_1241776e-def9-48d1-a51e-967e2b9e6776">
          <Coords points="1515,1446 1565,1444 1615,1442 1665,1441 1714,1438 1738,1437 1740,1482 1717,1483 1666,1486 1616,1487 1566,1489 1516,1491"/>
          <TextEquiv>
            <Unicode>wetten</Unicode>
          </TextEquiv>
        </Word>
        <Word id="word_b98473b3-97a4-4931-b48c-a7b2abab38da">
          <Coords points="1775,1436 1815,1434 1866,1434 1915,1432 1966,1432 2017,1433 2066,1433 2116,1433 2166,1433 2216,1433 2224,1433 2223,1478 2216,1478 2166,1478 2116,1478 2066,1478 2016,1478 1966,1477 1916,1477 1866,1479 1816,1479 1777,1481"/>
          <TextEquiv>
            <Unicode>vergrijpende</Unicode>
          </TextEquiv>
        </Word>
        <Word id="word_6ae61745-fcbb-4af7-88d4-b3b48bc64f7f">
          <Coords points="2261,1434 2267,1434 2317,1435 2365,1434 2371,1434 2372,1479 2366,1479 2316,1480 2266,1479 2260,1479"/>
          <TextEquiv>
            <Unicode>met</Unicode>
          </TextEquiv>
        </Word>
        <Word id="word_e449a946-8de9-4a1c-9e85-8e3a5026bd11">
          <Coords points="2409,1433 2415,1433 2466,1433 2483,1433 2484,1478 2466,1478 2416,1478 2409,1478"/>
          <TextEquiv>
            <Unicode>'t</Unicode>
          </TextEquiv>
        </Word>
        <Word id="word_0380d3a0-694d-48fa-9c32-1d7b1b2d8252">
          <Coords points="2520,1432 2565,1431 2617,1432 2666,1432 2716,1432 2767,1433 2817,1434 2857,1435 2856,1480 2816,1479 2766,1478 2716,1477 2666,1477 2616,1477 2566,1476 2521,1477"/>
          <TextEquiv>
            <Unicode>inbrengen</Unicode>
          </TextEquiv>
        </Word>
        <Word id="word_d6a1a6ec-6f25-434d-869a-2dea6ebe8372">
          <Coords points="2892,1436 2915,1435 2967,1436 3006,1437 3005,1482 2966,1481 2916,1480 2893,1481"/>
          <TextEquiv>
            <Unicode>van</Unicode>
          </TextEquiv>
        </Word>
        <Word id="word_f887819d-078f-4328-bb8a-847bb8899425">
          <Coords points="3044,1438 3068,1439 3118,1442 3169,1446 3216,1446 3228,1446 3228,1491 3216,1491 3165,1491 3115,1487 3065,1484 3041,1483"/>
          <TextEquiv>
            <Unicode>papen</Unicode>
          </TextEquiv>
        </Word>
        <TextEquiv conf="0.9482211927850672">
          <Unicode>wetten vergrijpende met 't inbrengen van papen</Unicode>
        </TextEquiv>
        <TextStyle xHeight="45"/>
      </TextLine>
      <TextLine id="c2df96b0-8c2c-4a80-8654-590511af1911">
        <Coords points="1480,1550 1510,1550 1530,1530 1560,1525 1638,1525 1661,1538 1878,1538 1902,1515 1982,1510 1991,1501 2012,1518 2018,1514 2030,1522 2098,1521 2110,1533 2142,1525 2194,1530 2310,1511 2362,1478 2414,1482 2438,1506 2459,1502 2493,1514 2511,1511 2523,1522 2586,1538 2742,1538 2762,1521 2862,1521 2886,1542 3202,1537 3210,1545 3287,1545 3287,1625 3246,1625 3230,1634 3030,1634 3010,1642 2950,1642 2942,1650 2838,1649 2820,1637 2800,1637 2781,1654 2754,1641 2718,1662 2642,1661 2582,1614 2450,1615 2394,1642 2315,1649 2307,1641 2282,1641 2258,1654 2174,1654 2166,1662 2034,1662 2010,1645 1866,1646 1835,1668 1802,1668 1786,1653 1741,1661 1683,1615 1667,1615 1656,1626 1598,1630 1590,1638 1480,1638"/>
        <Baseline points="1520,1610 1570,1611 1620,1607 1670,1606 1720,1603 1770,1602 1820,1601 1870,1599 1920,1599 1970,1600 2020,1598 2070,1597 2120,1597 2170,1602 2220,1602 2270,1601 2320,1600 2370,1601 2420,1600 2470,1600 2520,1600 2570,1600 2620,1600 2670,1600 2720,1601 2770,1602 2820,1601 2870,1602 2920,1602 2970,1602 3020,1602 3070,1604 3120,1604 3170,1605 3220,1605 3248,1605"/>
        <Word id="word_a850ce62-e0a2-4e52-b1b2-6e84e15e2280">
          <Coords points="1521,1575 1571,1576 1615,1572 1618,1617 1570,1621 1520,1620"/>
          <TextEquiv>
            <Unicode>off</Unicode>
          </TextEquiv>
        </Word>
        <Word id="word_d8157d69-6a46-4e43-886d-bb2ea0915057">
          <Coords points="1653,1570 1672,1571 1718,1568 1769,1567 1819,1566 1869,1564 1920,1564 1971,1565 2019,1563 2041,1563 2042,1608 2020,1608 1970,1610 1920,1609 1870,1609 1820,1611 1770,1612 1721,1613 1669,1616 1649,1615"/>
          <TextEquiv>
            <Unicode>diergelijcke</Unicode>
          </TextEquiv>
        </Word>
        <Word id="word_9ee706d2-ac5e-4e86-a1e5-caed1cee99a5">
          <Coords points="2074,1562 2120,1562 2143,1564 2138,1609 2120,1607 2074,1607"/>
          <TextEquiv>
            <Unicode>so</Unicode>
          </TextEquiv>
        </Word>
        <Word id="word_1aa6f287-5d46-4826-a38d-68a151f7ff0d">
          <Coords points="2171,1567 2220,1567 2269,1566 2319,1565 2368,1566 2367,1611 2320,1610 2270,1611 2220,1612 2172,1612"/>
          <TextEquiv>
            <Unicode>sullen</Unicode>
          </TextEquiv>
        </Word>
        <Word id="word_64b96611-abcd-495f-8770-27961715a7fd">
          <Coords points="2397,1567 2417,1565 2470,1565 2520,1565 2570,1565 2620,1565 2628,1565 2628,1610 2620,1610 2570,1610 2520,1610 2470,1610 2421,1610 2401,1612"/>
          <TextEquiv>
            <Unicode>evenwel</Unicode>
          </TextEquiv>
        </Word>
        <Word id="word_5627c075-14bd-49e5-9cc9-00c00d0b95c8">
          <Coords points="2661,1565 2670,1565 2721,1566 2727,1566 2726,1611 2720,1611 2670,1610 2661,1610"/>
          <TextEquiv>
            <Unicode>de</Unicode>
          </TextEquiv>
        </Word>
        <Word id="word_769c7a54-0150-456b-ad58-dc967db2186d">
          <Coords points="2759,1567 2771,1567 2819,1566 2871,1567 2920,1567 2970,1567 2987,1567 2987,1612 2970,1612 2920,1612 2870,1612 2820,1611 2770,1612 2758,1612"/>
          <TextEquiv>
            <Unicode>gansche</Unicode>
          </TextEquiv>
        </Word>
        <Word id="word_42b9a6fe-61ce-4446-bcfb-91ba4e7e2da1">
          <Coords points="3020,1567 3020,1567 3071,1569 3120,1569 3171,1570 3220,1570 3248,1570 3248,1615 3220,1615 3170,1615 3120,1614 3070,1614 3020,1612 3020,1612"/>
          <TextEquiv>
            <Unicode>chinese</Unicode>
          </TextEquiv>
        </Word>
        <TextEquiv conf="0.9395756899575907">
          <Unicode>off diergelijcke so sullen evenwel de gansche chinese</Unicode>
        </TextEquiv>
        <TextStyle xHeight="42"/>
      </TextLine>
      <TextLine id="line_4e3f19d8-90af-4d79-931d-ad4e204cdd7e">
        <Coords points="1470,1639 1512,1639 1524,1627 1568,1623 1654,1627 1680,1615 1712,1642 1735,1646 1749,1659 1779,1650 1807,1667 1836,1666 1863,1647 2011,1646 2035,1663 2167,1663 2175,1655 2263,1651 2324,1608 2586,1615 2646,1663 2690,1659 2725,1631 2738,1637 2767,1631 2774,1638 2822,1638 2833,1646 2922,1647 3037,1634 3145,1634 3236,1642 3250,1655 3250,1735 2981,1740 2961,1760 2930,1772 2762,1759 2754,1751 2730,1759 2650,1756 2634,1772 2558,1756 2510,1800 2442,1808 2099,1803 2067,1775 1988,1743 1951,1744 1935,1760 1919,1764 1718,1751 1684,1784 1660,1784 1647,1771 1470,1764"/>
        <Baseline points="1510,1743 1560,1741 1610,1740 1660,1739 1710,1737 1760,1736 1810,1737 1860,1735 1910,1733 1960,1731 2010,1729 2060,1728 2110,1727 2160,1728 2210,1727 2260,1727 2310,1726 2360,1727 2410,1726 2460,1726 2510,1725 2560,1725 2610,1725 2660,1725 2710,1725 2760,1723 2810,1723 2860,1722 2910,1721 2960,1721 3010,1719 3060,1718 3110,1716 3160,1714 3210,1715 3211,1715"/>
        <Word id="word_b5ef1666-8743-4ea4-8ac8-13b6387c316e">
          <Coords points="1509,1708 1559,1706 1609,1705 1659,1704 1672,1703 1674,1748 1660,1749 1610,1750 1560,1751 1510,1753"/>
          <TextEquiv>
            <Unicode>natie</Unicode>
          </TextEquiv>
        </Word>
        <Word id="word_786682e2-f132-4eb8-b22f-0cf5b4c66f05">
          <Coords points="1705,1702 1709,1702 1759,1701 1811,1702 1859,1700 1901,1698 1903,1743 1860,1745 1810,1747 1760,1746 1710,1747 1707,1747"/>
          <TextEquiv>
            <Unicode>daerom</Unicode>
          </TextEquiv>
        </Word>
        <Word id="word_38f191c8-b2fd-4f94-b815-38316e4a8d52">
          <Coords points="1934,1697 1959,1696 2009,1694 2059,1693 2098,1692 2099,1737 2060,1738 2010,1739 1960,1741 1936,1742"/>
          <TextEquiv>
            <Unicode>Japan</Unicode>
          </TextEquiv>
        </Word>
        <Word id="word_e877a562-c0cf-475a-9546-7636b37b11d5">
          <Coords points="2133,1692 2162,1693 2209,1692 2260,1692 2262,1692 2262,1737 2260,1737 2210,1737 2160,1738 2131,1737"/>
          <TextEquiv>
            <Unicode>niet</Unicode>
          </TextEquiv>
        </Word>
        <Word id="word_70836305-60b7-44b0-b846-d67ed6209efa">
          <Coords points="2294,1691 2309,1691 2361,1692 2409,1691 2426,1691 2426,1736 2410,1736 2360,1737 2310,1736 2295,1736"/>
          <TextEquiv>
            <Unicode>doen</Unicode>
          </TextEquiv>
        </Word>
        <Word id="word_42f3c20f-b9c0-4316-88a6-45a8a370a6b9">
          <Coords points="2459,1691 2460,1691 2509,1690 2560,1690 2610,1690 2660,1690 2688,1690 2688,1735 2660,1735 2610,1735 2560,1735 2510,1735 2460,1736 2459,1736"/>
          <TextEquiv>
            <Unicode>ruijmen</Unicode>
          </TextEquiv>
        </Word>
        <Word id="word_aba61234-eb99-48b4-919d-0b1b1d3c39c3">
          <Coords points="2719,1690 2758,1688 2810,1688 2850,1687 2851,1732 2810,1733 2761,1733 2721,1735"/>
          <TextEquiv>
            <Unicode>ofte</Unicode>
          </TextEquiv>
        </Word>
        <Word id="word_7a566d88-d4c6-4c9e-8411-4ddbf254c0c9">
          <Coords points="2883,1687 2909,1686 2960,1686 2981,1685 2982,1730 2960,1731 2910,1731 2884,1732"/>
          <TextEquiv>
            <Unicode>den</Unicode>
          </TextEquiv>
        </Word>
        <Word id="word_c513eb61-2b0a-459f-a9ec-43c06ae3c2fe">
          <Coords points="3014,1684 3059,1683 3109,1681 3159,1679 3211,1680 3211,1680 3211,1725 3210,1725 3160,1724 3110,1726 3060,1728 3015,1729"/>
          <TextEquiv>
            <Unicode>handel</Unicode>
          </TextEquiv>
        </Word>
        <TextEquiv conf="0.9342356937871518">
          <Unicode>natie daerom Japan niet doen ruijmen ofte den handel</Unicode>
        </TextEquiv>
        <TextStyle xHeight="43"/>
      </TextLine>
      <TextLine id="line_78477fcc-1665-466c-a9a9-2a46e7dc2fb9">
        <Coords points="1454,1777 1648,1772 1660,1784 1684,1784 1692,1777 1845,1777 1860,1765 1912,1765 1940,1757 1952,1745 1994,1740 2072,1779 2100,1803 2148,1807 2496,1804 2512,1800 2556,1757 2629,1772 2648,1757 2730,1757 2744,1748 2756,1756 2792,1756 2800,1764 2858,1764 2884,1773 2920,1773 2960,1760 3008,1760 3056,1764 3068,1773 3136,1768 3160,1780 3236,1779 3280,1808 3341,1808 3357,1796 3357,1875 3341,1880 3132,1868 3000,1869 2960,1908 2920,1916 2804,1911 2776,1900 2749,1873 2696,1873 2661,1904 2588,1908 2569,1923 2452,1923 2385,1884 2342,1873 2277,1873 2230,1920 2208,1927 2132,1919 1808,1915 1796,1903 1786,1912 1748,1911 1728,1920 1616,1920 1532,1915 1518,1907 1454,1907"/>
        <Baseline points="1494,1871 1544,1873 1594,1872 1644,1869 1694,1867 1744,1866 1794,1864 1844,1863 1894,1861 1944,1860 1994,1860 2044,1858 2094,1859 2144,1859 2194,1861 2244,1863 2294,1863 2344,1864 2394,1863 2444,1863 2494,1864 2544,1863 2594,1863 2644,1864 2694,1865 2744,1865 2794,1863 2844,1863 2894,1861 2944,1860 2994,1860 3044,1859 3094,1858 3144,1857 3194,1857 3244,1857 3294,1856 3318,1855"/>
        <Word id="word_11464a72-99ae-49f6-9fe3-5fef080e9e9c">
          <Coords points="1495,1836 1545,1838 1593,1837 1642,1834 1693,1832 1743,1831 1753,1831 1755,1876 1744,1876 1694,1877 1645,1879 1594,1882 1544,1883 1494,1881"/>
          <TextEquiv>
            <Unicode>tenemael</Unicode>
          </TextEquiv>
        </Word>
        <Word id="word_e213f51f-fd4c-4930-8c8e-4aa9b18fbce3">
          <Coords points="1786,1829 1793,1829 1843,1828 1893,1826 1943,1825 1994,1825 2043,1823 2095,1824 2113,1824 2113,1869 2094,1869 2044,1868 1994,1870 1944,1870 1894,1871 1844,1873 1794,1874 1787,1874"/>
          <TextEquiv>
            <Unicode>verbieden,</Unicode>
          </TextEquiv>
        </Word>
        <Word id="word_e6b55c73-85b6-4a46-b9d3-9d3ca9b44a32">
          <Coords points="2147,1824 2195,1826 2245,1828 2276,1828 2276,1873 2244,1873 2194,1871 2145,1869"/>
          <TextEquiv>
            <Unicode>maer</Unicode>
          </TextEquiv>
        </Word>
        <Word id="word_58819437-67d9-4a5e-b98c-7b80324796ba">
          <Coords points="2309,1828 2345,1829 2393,1828 2444,1828 2495,1829 2543,1828 2594,1828 2602,1828 2601,1873 2594,1873 2544,1873 2494,1874 2444,1873 2394,1873 2344,1874 2308,1873"/>
          <TextEquiv>
            <Unicode>eenelijck</Unicode>
          </TextEquiv>
        </Word>
        <Word id="word_eb46a53c-0644-4e49-8512-539a72efbcdc">
          <Coords points="2635,1829 2645,1829 2695,1830 2699,1830 2699,1875 2694,1875 2644,1874 2634,1874"/>
          <TextEquiv>
            <Unicode>de</Unicode>
          </TextEquiv>
        </Word>
        <Word id="word_42431a8e-54e8-4d7b-bc03-fe0298c68a5f">
          <Coords points="2732,1830 2744,1830 2793,1828 2844,1828 2893,1826 2943,1825 2994,1825 3024,1824 3025,1869 2994,1870 2944,1870 2894,1871 2844,1873 2794,1873 2744,1875 2732,1875"/>
          <TextEquiv>
            <Unicode>schuldige</Unicode>
          </TextEquiv>
        </Word>
        <Word id="word_a252dc96-ef67-4b01-970f-e1033ad37073">
          <Coords points="3057,1824 3093,1823 3143,1822 3194,1822 3244,1822 3293,1821 3317,1820 3318,1865 3294,1866 3244,1867 3194,1867 3144,1867 3094,1868 3058,1869"/>
          <TextEquiv>
            <Unicode>straften</Unicode>
          </TextEquiv>
        </Word>
        <TextEquiv conf="0.9341762431269319">
          <Unicode>tenemael verbieden, maer eenelijck de schuldige straften</Unicode>
        </TextEquiv>
        <TextStyle xHeight="42"/>
      </TextLine>
      <TextLine id="d314904f-20ef-4763-9686-93d28bf2b92e">
        <Coords points="1464,1906 1618,1919 1726,1919 1750,1910 1802,1910 2134,1918 2154,1926 2206,1927 2236,1915 2280,1871 2317,1871 2383,1883 2462,1927 2550,1927 2586,1911 2630,1911 2670,1875 2751,1875 2779,1903 2798,1910 2918,1915 2962,1907 3002,1870 3130,1870 3226,1874 3250,1898 3274,1906 3363,1909 3363,1990 3335,2018 3246,2018 3230,2006 3026,2007 2990,2027 2910,2022 2867,2046 2838,2046 2806,2045 2788,2030 2762,2026 2738,2010 2678,2002 2660,2019 2638,2019 2610,2039 2562,1994 2498,1994 2454,2027 2342,2035 2314,2034 2280,2004 2274,2010 2206,2007 2190,2023 2011,2018 1999,2024 1985,2010 1946,2010 1926,2023 1774,2023 1766,2031 1734,2022 1464,2027"/>
        <Baseline points="1504,1999 1554,2001 1604,1999 1654,1998 1704,1995 1754,1994 1804,1993 1854,1992 1904,1991 1954,1991 2004,1991 2054,1989 2104,1988 2154,1987 2204,1986 2254,1986 2304,1986 2354,1985 2404,1984 2454,1983 2504,1982 2554,1981 2604,1980 2654,1978 2704,1977 2754,1976 2804,1975 2854,1973 2904,1971 2954,1971 3004,1971 3054,1970 3104,1971 3154,1971 3204,1973 3254,1972 3304,1972 3324,1969"/>
        <Word id="word_ab4dc616-a6f4-4653-9c4a-fd76605c33ef">
          <Coords points="1505,1964 1555,1966 1603,1964 1643,1963 1644,2008 1604,2009 1554,2011 1504,2009"/>
          <TextEquiv>
            <Unicode>ende</Unicode>
          </TextEquiv>
        </Word>
        <Word id="word_55fac9a9-b3fa-4612-a448-31328f9c7921">
          <Coords points="1676,1963 1701,1960 1753,1959 1803,1958 1853,1957 1888,1956 1889,2001 1854,2002 1804,2003 1754,2004 1705,2005 1680,2007"/>
          <TextEquiv>
            <Unicode>voorts</Unicode>
          </TextEquiv>
        </Word>
        <Word id="word_2e87793f-1e60-44db-abd4-e1f64726d5b5">
          <Coords points="1924,1956 1954,1956 2004,1956 2053,1954 2063,1954 2064,1999 2054,1999 2004,2001 1954,2001 1924,2001"/>
          <TextEquiv>
            <Unicode>haer</Unicode>
          </TextEquiv>
        </Word>
        <Word id="word_3a543f49-a802-4815-8a49-c91af8404164">
          <Coords points="2098,1953 2103,1953 2153,1952 2203,1951 2204,1996 2154,1997 2104,1998 2099,1998"/>
          <TextEquiv>
            <Unicode>als</Unicode>
          </TextEquiv>
        </Word>
        <Word id="word_009784cb-826e-4f07-9dd0-d4b2fa8beb67">
          <Coords points="2241,1950 2256,1951 2304,1951 2353,1950 2403,1949 2413,1949 2414,1994 2404,1994 2354,1995 2304,1996 2254,1996 2239,1995"/>
          <TextEquiv>
            <Unicode>voren</Unicode>
          </TextEquiv>
        </Word>
        <Word id="word_a55adbeb-be06-427e-b833-eeb7fe4c3625">
          <Coords points="2448,1948 2453,1948 2503,1947 2518,1947 2519,1992 2504,1992 2454,1993 2449,1993"/>
          <TextEquiv>
            <Unicode>de</Unicode>
          </TextEquiv>
        </Word>
        <Word id="word_854a1c67-72b8-48ee-a7e1-df30d410a39a">
          <Coords points="2553,1946 2603,1945 2653,1943 2703,1942 2753,1941 2798,1940 2799,1985 2754,1986 2704,1987 2654,1988 2604,1990 2554,1991"/>
          <TextEquiv>
            <Unicode>negotie</Unicode>
          </TextEquiv>
        </Word>
        <Word id="word_45f55767-646a-42b1-880a-1ed646e4a8c8">
          <Coords points="2832,1939 2852,1938 2903,1936 2954,1936 3004,1936 3053,1935 3105,1936 3154,1936 3186,1937 3184,1982 3154,1981 3104,1981 3054,1980 3004,1981 2954,1981 2904,1981 2855,1983 2835,1984"/>
          <TextEquiv>
            <Unicode>vrijelijck</Unicode>
          </TextEquiv>
        </Word>
        <Word id="word_4582fbf0-3c3b-4c88-96b3-09bedeec7b65">
          <Coords points="3217,1939 3252,1937 3304,1937 3319,1934 3325,1979 3304,1982 3254,1982 3220,1984"/>
          <TextEquiv>
            <Unicode>toe</Unicode>
          </TextEquiv>
        </Word>
        <TextEquiv conf="0.9635933293883482">
          <Unicode>ende voorts haer als voren de negotie vrijelijck toe</Unicode>
        </TextEquiv>
        <TextStyle xHeight="42"/>
      </TextLine>
      <TextLine id="line_54f70136-af08-49d0-a849-b04071dc628a">
        <Coords points="1476,2027 1734,2022 1766,2031 1774,2023 1926,2023 1946,2010 1985,2010 1998,2023 2014,2018 2030,2034 2278,2038 2296,2020 2322,2035 2457,2027 2497,1996 2561,1995 2601,2030 2614,2031 2665,1991 2681,2006 2737,2010 2761,2026 2779,2026 2805,2046 2865,2047 2909,2022 3001,2023 3025,2007 3233,2006 3253,2019 3342,2019 3369,2045 3386,2032 3386,2111 3338,2155 3117,2152 2977,2164 2945,2139 2769,2139 2733,2111 2660,2108 2633,2112 2569,2164 2430,2164 2414,2176 2386,2164 2366,2184 2338,2183 2298,2151 2097,2151 2090,2158 1966,2160 1898,2135 1876,2156 1614,2160 1569,2151 1554,2136 1544,2144 1476,2144"/>
        <Baseline points="1516,2127 1566,2122 1616,2118 1666,2116 1716,2116 1766,2115 1816,2112 1866,2111 1916,2110 1966,2108 2016,2106 2066,2104 2116,2103 2166,2101 2216,2100 2266,2099 2316,2098 2366,2098 2416,2097 2466,2096 2516,2096 2566,2096 2616,2095 2666,2094 2716,2093 2766,2094 2816,2094 2866,2093 2916,2094 2966,2093 3016,2092 3066,2091 3116,2091 3166,2091 3216,2091 3266,2091 3316,2090 3347,2091"/>
        <Word id="word_3b3b8bcf-dbe9-4c91-9b1a-4512a5adef99">
          <Coords points="1513,2092 1563,2087 1613,2083 1665,2081 1716,2081 1722,2081 1723,2126 1716,2126 1666,2126 1617,2128 1567,2132 1517,2137"/>
          <TextEquiv>
            <Unicode>laten,</Unicode>
          </TextEquiv>
        </Word>
        <Word id="word_9994835d-49df-41b3-a2fa-89746d4de06d">
          <Coords points="1757,2080 1765,2080 1814,2077 1865,2076 1895,2075 1896,2120 1866,2121 1817,2122 1766,2125 1758,2125"/>
          <TextEquiv>
            <Unicode>daer</Unicode>
          </TextEquiv>
        </Word>
        <Word id="word_9e6ac3cc-c8ae-49ea-bb4d-7f10b8b070d3">
          <Coords points="1929,2075 1964,2073 2015,2071 2032,2070 2034,2115 2016,2116 1966,2118 1931,2120"/>
          <TextEquiv>
            <Unicode>ter</Unicode>
          </TextEquiv>
        </Word>
        <Word id="word_16edaba1-c2b0-441b-b094-ee8b4182873b">
          <Coords points="2068,2069 2115,2068 2165,2066 2215,2065 2265,2064 2315,2063 2366,2063 2379,2063 2380,2108 2366,2108 2316,2108 2266,2109 2216,2110 2166,2111 2116,2113 2069,2114"/>
          <TextEquiv>
            <Unicode>contrarie</Unicode>
          </TextEquiv>
        </Word>
        <Word id="word_da245f1f-3453-4491-b07e-807b323c524b">
          <Coords points="2413,2062 2415,2062 2465,2061 2516,2061 2518,2061 2518,2106 2516,2106 2466,2106 2416,2107 2414,2107"/>
          <TextEquiv>
            <Unicode>wij</Unicode>
          </TextEquiv>
        </Word>
        <Word id="word_4109885f-fd91-4087-833f-dbeda56b4821">
          <Coords points="2552,2061 2566,2061 2615,2060 2665,2059 2715,2058 2760,2059 2759,2104 2716,2103 2666,2104 2616,2105 2566,2106 2552,2106"/>
          <TextEquiv>
            <Unicode>tegens</Unicode>
          </TextEquiv>
        </Word>
        <Word id="word_5dbb0a2a-a72a-4747-9fdf-b60db0965018">
          <Coords points="2793,2060 2815,2059 2862,2058 2863,2103 2816,2104 2794,2105"/>
          <TextEquiv>
            <Unicode>de</Unicode>
          </TextEquiv>
        </Word>
        <Word id="word_c0eee2dc-8714-408d-b348-533b63a8899a">
          <Coords points="2901,2058 2919,2059 2965,2058 3015,2057 3065,2056 3116,2056 3140,2056 3140,2101 3116,2101 3066,2101 3016,2102 2966,2103 2915,2104 2897,2102"/>
          <TextEquiv>
            <Unicode>Japanse</Unicode>
          </TextEquiv>
        </Word>
        <Word id="word_ebb9d68b-f1bf-4ad1-84ef-604833ca4302">
          <Coords points="3174,2056 3216,2056 3266,2056 3315,2055 3348,2056 3347,2101 3316,2100 3266,2101 3216,2101 3174,2101"/>
          <TextEquiv>
            <Unicode>harde</Unicode>
          </TextEquiv>
        </Word>
        <TextEquiv conf="0.9518188891820131">
          <Unicode>laten, daer ter contrarie wij tegens de Japanse harde</Unicode>
        </TextEquiv>
        <TextStyle xHeight="47"/>
      </TextLine>
      <TextLine id="caecf84f-f345-4471-8a02-c97aa6edf450">
        <Coords points="1460,2142 1545,2142 1553,2134 1569,2150 1606,2158 1878,2154 1906,2133 1928,2149 1965,2160 2093,2160 2105,2150 2297,2153 2313,2157 2341,2182 2365,2182 2385,2163 2409,2178 2433,2162 2573,2162 2602,2138 2709,2137 2738,2145 2757,2133 3088,2145 3116,2173 3220,2173 3240,2186 3328,2182 3352,2162 3377,2161 3377,2241 3348,2241 3337,2231 3160,2231 3124,2263 2992,2267 2952,2291 2801,2290 2746,2235 2729,2235 2652,2298 2615,2262 2593,2262 2577,2250 2401,2243 2345,2283 2289,2282 2265,2274 2101,2283 2066,2279 2053,2268 2046,2275 1993,2283 1814,2283 1780,2255 1739,2271 1651,2266 1606,2283 1538,2283 1502,2303 1460,2302"/>
        <Baseline points="1500,2258 1550,2252 1600,2250 1650,2246 1700,2244 1750,2244 1800,2243 1850,2242 1900,2241 1950,2240 2000,2239 2050,2236 2100,2235 2150,2234 2200,2231 2250,2230 2300,2230 2350,2228 2400,2226 2450,2225 2500,2224 2550,2223 2600,2222 2650,2221 2700,2221 2750,2221 2800,2222 2850,2223 2900,2223 2950,2222 3000,2222 3050,2222 3100,2223 3150,2224 3200,2224 3250,2224 3300,2224 3338,2221"/>
        <Word id="word_84f43ab8-5f2f-4936-883a-782759684e4e">
          <Coords points="1496,2223 1546,2217 1599,2215 1647,2211 1699,2209 1742,2209 1742,2254 1700,2254 1651,2256 1600,2260 1551,2262 1501,2268"/>
          <TextEquiv>
            <Unicode>geboden</Unicode>
          </TextEquiv>
        </Word>
        <Word id="word_1f491f61-27a4-4576-b09e-aa91be5c86f5">
          <Coords points="1775,2209 1798,2208 1846,2207 1847,2252 1800,2253 1777,2254"/>
          <TextEquiv>
            <Unicode>in</Unicode>
          </TextEquiv>
        </Word>
        <Word id="word_92de7d0a-a0a5-474b-b9b2-4c10e6826b59">
          <Coords points="1880,2206 1899,2206 1949,2205 1999,2204 2048,2201 2099,2200 2149,2199 2156,2199 2159,2243 2150,2244 2100,2245 2051,2246 2000,2249 1950,2250 1900,2251 1881,2251"/>
          <TextEquiv>
            <Unicode>sodanige</Unicode>
          </TextEquiv>
        </Word>
        <Word id="word_709f022d-405d-48b8-ae8c-574e0f95cd8a">
          <Coords points="2191,2196 2198,2196 2249,2195 2300,2195 2349,2193 2365,2192 2367,2237 2350,2238 2300,2240 2250,2240 2201,2241 2194,2241"/>
          <TextEquiv>
            <Unicode>faute</Unicode>
          </TextEquiv>
        </Word>
        <Word id="word_6a9986f3-0802-447f-89e7-4eec169b8444">
          <Coords points="2401,2191 2449,2190 2499,2189 2549,2188 2599,2187 2649,2186 2700,2186 2714,2186 2714,2231 2700,2231 2650,2231 2600,2232 2550,2233 2500,2234 2450,2235 2401,2236"/>
          <TextEquiv>
            <Unicode>vervallen</Unicode>
          </TextEquiv>
        </Word>
        <Word id="word_ef04ea96-52df-49f2-9113-be1709594be6">
          <Coords points="2748,2186 2750,2186 2801,2187 2851,2188 2900,2188 2949,2187 3000,2187 3050,2187 3096,2188 3095,2233 3050,2232 3000,2232 2950,2232 2900,2233 2850,2233 2800,2232 2750,2231 2748,2231"/>
          <TextEquiv>
            <Unicode>vastelijck</Unicode>
          </TextEquiv>
        </Word>
        <Word id="word_77678888-a035-4b72-a5b3-123944647e5a">
          <Coords points="3131,2189 3151,2189 3200,2189 3250,2189 3300,2189 3335,2186 3339,2231 3300,2234 3250,2234 3200,2234 3150,2234 3130,2234"/>
          <TextEquiv>
            <Unicode>gelove</Unicode>
          </TextEquiv>
        </Word>
        <TextEquiv conf="0.9528152362232667">
          <Unicode>geboden in sodanige faute vervallen vastelijck gelove</Unicode>
        </TextEquiv>
        <TextStyle xHeight="43"/>
      </TextLine>
      <TextLine id="line_3a41e9fe-3c49-485d-860f-54d0d9e2bcc9">
        <Coords points="1439,2298 1473,2306 1505,2303 1537,2283 1605,2283 1645,2267 1681,2267 1693,2255 1717,2271 1785,2262 1809,2283 2016,2279 2050,2275 2066,2262 2101,2283 2228,2274 2345,2283 2365,2263 2399,2246 2456,2246 2492,2255 2592,2250 2651,2298 2726,2238 2748,2238 2804,2291 2951,2291 2983,2278 3139,2274 3175,2295 3303,2290 3323,2299 3339,2290 3347,2297 3384,2297 3384,2377 3367,2379 3339,2402 3325,2395 3311,2402 3067,2401 3043,2418 2955,2422 2947,2430 2907,2397 2736,2394 2699,2412 2671,2402 2654,2386 2632,2386 2612,2371 2520,2377 2499,2390 2453,2386 2419,2418 2308,2422 2284,2421 2241,2386 2192,2391 2168,2385 2140,2410 2040,2409 2008,2390 1976,2391 1948,2414 1829,2414 1809,2430 1597,2430 1585,2421 1489,2421 1469,2417 1456,2405 1439,2405"/>
        <Baseline points="1479,2387 1529,2388 1579,2386 1629,2385 1679,2383 1729,2379 1779,2378 1829,2377 1879,2376 1929,2376 1979,2376 2029,2376 2079,2375 2129,2374 2179,2373 2229,2371 2279,2369 2329,2368 2379,2368 2429,2368 2479,2367 2529,2366 2579,2364 2629,2362 2679,2362 2729,2360 2779,2359 2829,2359 2879,2358 2929,2357 2979,2357 3029,2357 3079,2357 3129,2357 3179,2357 3229,2358 3279,2358 3329,2359 3345,2357"/>
        <Word id="word_1e61b0c8-1dfa-49a3-967a-734b47d9fa2f">
          <Coords points="1480,2352 1530,2353 1540,2353 1542,2398 1529,2398 1479,2397"/>
          <TextEquiv>
            <Unicode>de</Unicode>
          </TextEquiv>
        </Word>
        <Word id="word_73b8a4b2-608f-436e-9bc7-0bab422a410f">
          <Coords points="1571,2351 1578,2351 1628,2350 1678,2348 1726,2344 1778,2343 1828,2342 1851,2342 1852,2387 1829,2387 1779,2388 1730,2389 1679,2393 1629,2395 1579,2396 1573,2396"/>
          <TextEquiv>
            <Unicode>schuldige</Unicode>
          </TextEquiv>
        </Word>
        <Word id="word_ee8d5ffc-3e82-482a-b323-5c346e2b1795">
          <Coords points="1883,2341 1929,2341 1979,2341 2029,2341 2078,2340 2128,2339 2131,2339 2132,2384 2129,2384 2079,2385 2029,2386 1979,2386 1929,2386 1883,2386"/>
          <TextEquiv>
            <Unicode>gestraft</Unicode>
          </TextEquiv>
        </Word>
        <Word id="word_b34a6d07-72e2-4e3d-a1a4-31504ca53d0c">
          <Coords points="2162,2338 2178,2338 2228,2336 2278,2334 2287,2334 2288,2379 2279,2379 2229,2381 2179,2383 2163,2383"/>
          <TextEquiv>
            <Unicode>ende</Unicode>
          </TextEquiv>
        </Word>
        <Word id="word_d3b060de-c8e6-4644-86f3-92ec39e78077">
          <Coords points="2318,2333 2328,2333 2379,2333 2412,2333 2412,2378 2379,2378 2329,2378 2319,2378"/>
          <TextEquiv>
            <Unicode>(op</Unicode>
          </TextEquiv>
        </Word>
        <Word id="word_3c082943-b067-4ff6-9890-7ef8e3a31472">
          <Coords points="2442,2333 2478,2332 2505,2331 2505,2376 2479,2377 2443,2378"/>
          <TextEquiv>
            <Unicode>'t</Unicode>
          </TextEquiv>
        </Word>
        <Word id="word_9133d71f-243f-4f92-a5b7-9ed22abc8a50">
          <Coords points="2535,2331 2577,2329 2628,2327 2679,2327 2722,2325 2723,2370 2679,2372 2629,2372 2579,2374 2537,2376"/>
          <TextEquiv>
            <Unicode>bestel</Unicode>
          </TextEquiv>
        </Word>
        <Word id="word_93145965-0c0a-4c13-a816-d2a0c5635ee6">
          <Coords points="2754,2324 2779,2324 2816,2324 2816,2369 2779,2369 2754,2369"/>
          <TextEquiv>
            <Unicode>de</Unicode>
          </TextEquiv>
        </Word>
        <Word id="word_5e7faa1a-61a2-448e-b1e1-4cdc04a6e141">
          <Coords points="2846,2324 2878,2323 2928,2322 2972,2322 2972,2367 2929,2367 2879,2368 2848,2369"/>
          <TextEquiv>
            <Unicode>rest</Unicode>
          </TextEquiv>
        </Word>
        <Word id="word_86909231-ab69-4dcb-84cb-d174a06208f8">
          <Coords points="3003,2322 3029,2322 3079,2322 3127,2322 3127,2367 3079,2367 3029,2367 3003,2367"/>
          <TextEquiv>
            <Unicode>uijt</Unicode>
          </TextEquiv>
        </Word>
        <Word id="word_26a277f0-4b1b-4759-bc3c-2022144cc9f2">
          <Coords points="3158,2322 3179,2322 3230,2323 3279,2323 3330,2324 3341,2322 3346,2367 3329,2369 3279,2368 3229,2368 3179,2367 3158,2367"/>
          <TextEquiv>
            <Unicode>Japan=</Unicode>
          </TextEquiv>
        </Word>
        <TextEquiv conf="0.8693872722210344">
          <Unicode>de schuldige gestraft ende (op 't bestel de rest uijt Japan=</Unicode>
        </TextEquiv>
        <TextStyle xHeight="46"/>
      </TextLine>
      <TextLine id="line_97da7e54-291f-494d-b27d-afdf110ebc89">
        <Coords points="1447,2404 1473,2419 1581,2419 1601,2432 1793,2432 1821,2424 1837,2408 1953,2408 1965,2400 1997,2400 2008,2391 2057,2411 2141,2412 2173,2380 2198,2380 2213,2391 2247,2392 2281,2420 2321,2416 2341,2396 2391,2393 2419,2419 2452,2387 2500,2389 2520,2376 2588,2375 2603,2387 2652,2383 2693,2411 2744,2392 2904,2395 2940,2428 2956,2420 3032,2420 3064,2403 3180,2403 3188,2411 3244,2411 3260,2427 3338,2428 3345,2422 3345,2503 3334,2514 3304,2508 3296,2516 3180,2516 3172,2523 3020,2518 2968,2559 2947,2558 2888,2522 2756,2518 2732,2499 2692,2500 2669,2519 2624,2507 2536,2508 2508,2535 2476,2539 2464,2551 2349,2550 2313,2559 2225,2554 2190,2571 2089,2571 2064,2550 1985,2556 1965,2538 1701,2539 1689,2547 1447,2559"/>
        <Baseline points="1487,2509 1537,2505 1587,2503 1637,2502 1687,2499 1737,2498 1787,2497 1837,2495 1887,2494 1937,2493 1987,2492 2037,2491 2087,2489 2137,2488 2187,2488 2237,2488 2287,2488 2337,2488 2387,2488 2437,2487 2487,2486 2537,2485 2587,2485 2637,2485 2687,2484 2737,2483 2787,2484 2837,2484 2887,2484 2937,2485 2987,2485 3037,2484 3087,2484 3137,2484 3187,2485 3237,2485 3287,2484 3306,2482"/>
        <Word id="word_675fa314-2a0a-4b29-83ff-97c9daea1d79">
          <Coords points="1484,2474 1534,2470 1586,2468 1636,2467 1660,2466 1662,2510 1637,2512 1587,2513 1538,2515 1488,2519"/>
          <TextEquiv>
            <Unicode>soude</Unicode>
          </TextEquiv>
        </Word>
        <Word id="word_00e69a2b-6967-432e-acbe-8905dfbbace0">
          <Coords points="1696,2463 1737,2463 1786,2462 1836,2460 1886,2459 1936,2458 1976,2457 1977,2502 1937,2503 1887,2504 1837,2505 1787,2507 1737,2508 1697,2508"/>
          <TextEquiv>
            <Unicode>gebannen</Unicode>
          </TextEquiv>
        </Word>
        <Word id="word_52e671e9-89e9-40ec-a87a-95d0b4c6962c">
          <Coords points="2011,2457 2036,2456 2086,2454 2136,2453 2187,2453 2237,2453 2256,2453 2256,2498 2237,2498 2187,2498 2137,2498 2087,2499 2037,2501 2012,2502"/>
          <TextEquiv>
            <Unicode>werden,</Unicode>
          </TextEquiv>
        </Word>
        <Word id="word_589fb3a6-e846-4cbf-b8e4-f298b3e200e7">
          <Coords points="2291,2453 2337,2453 2387,2453 2396,2453 2397,2498 2387,2498 2337,2498 2291,2498"/>
          <TextEquiv>
            <Unicode>dat</Unicode>
          </TextEquiv>
        </Word>
        <Word id="word_492941b6-87ec-436f-9155-fe473429d12d">
          <Coords points="2431,2452 2436,2452 2486,2451 2536,2450 2537,2495 2487,2496 2437,2497 2432,2497"/>
          <TextEquiv>
            <Unicode>het</Unicode>
          </TextEquiv>
        </Word>
        <Word id="word_b2eb400b-03fe-43f2-aeee-12d3bd0ad49b">
          <Coords points="2573,2449 2589,2450 2637,2450 2686,2449 2711,2449 2711,2494 2687,2494 2637,2495 2587,2495 2571,2494"/>
          <TextEquiv>
            <Unicode>oock</Unicode>
          </TextEquiv>
        </Word>
        <Word id="word_8874f4e4-98bc-48ac-adc0-c1bc991be93a">
          <Coords points="2747,2448 2788,2449 2837,2449 2851,2449 2851,2494 2837,2494 2787,2494 2746,2493"/>
          <TextEquiv>
            <Unicode>den</Unicode>
          </TextEquiv>
        </Word>
        <Word id="word_9f27e82e-ace1-4f75-a25f-191d2f772464">
          <Coords points="2886,2449 2887,2449 2938,2450 2987,2450 3036,2449 3087,2449 3131,2449 3131,2494 3087,2494 3037,2494 2987,2495 2937,2495 2887,2494 2886,2494"/>
          <TextEquiv>
            <Unicode>Chinees</Unicode>
          </TextEquiv>
        </Word>
        <Word id="word_04aca888-fb7c-4939-91db-a516c052f654">
          <Coords points="3168,2449 3189,2450 3237,2450 3286,2449 3302,2447 3307,2492 3287,2494 3237,2495 3187,2495 3166,2494"/>
          <TextEquiv>
            <Unicode>ofte</Unicode>
          </TextEquiv>
        </Word>
        <TextEquiv conf="0.9472777896397602">
          <Unicode>soude gebannen werden, dat het oock den Chinees ofte</Unicode>
        </TextEquiv>
        <TextStyle xHeight="47"/>
      </TextLine>
      <TextLine id="dcbcaa47-5a52-49c9-a63b-968faa5656c2">
        <Coords points="1456,2558 1582,2558 1614,2546 1726,2541 1738,2553 1753,2553 1786,2584 1862,2585 1890,2574 1934,2534 1986,2534 1995,2525 2027,2522 2038,2530 2063,2526 2109,2570 2196,2565 2206,2573 2233,2550 2301,2550 2313,2541 2341,2541 2349,2549 2465,2550 2477,2538 2509,2538 2537,2513 2589,2513 2605,2525 2635,2525 2655,2545 2689,2549 2705,2562 2733,2538 2749,2549 2758,2546 2758,2626 2740,2639 2714,2646 2703,2638 2681,2638 2657,2655 2473,2659 2453,2675 2413,2675 2389,2695 2329,2642 2141,2638 2125,2626 1842,2631 1806,2655 1456,2654"/>
        <Baseline points="1496,2634 1546,2633 1596,2630 1646,2628 1696,2625 1746,2624 1796,2623 1846,2623 1896,2622 1946,2620 1996,2617 2046,2614 2096,2612 2146,2610 2196,2609 2246,2607 2296,2606 2346,2605 2396,2604 2446,2602 2496,2601 2546,2603 2596,2604 2646,2605 2696,2604 2719,2606"/>
        <Word id="word_50551ba6-a6b7-4144-80b4-9d24fc6de3de">
          <Coords points="1495,2599 1545,2598 1594,2595 1602,2595 1604,2640 1597,2640 1546,2643 1496,2644"/>
          <TextEquiv>
            <Unicode>wel</Unicode>
          </TextEquiv>
        </Word>
        <Word id="word_a595d981-4bc8-4b92-b735-31052894a4ba">
          <Coords points="1638,2593 1645,2593 1694,2590 1745,2589 1795,2588 1846,2588 1855,2588 1856,2633 1846,2633 1796,2633 1746,2634 1697,2635 1646,2638 1640,2638"/>
          <TextEquiv>
            <Unicode>Icquan</Unicode>
          </TextEquiv>
        </Word>
        <Word id="word_2a9639e4-903e-4926-910b-8cb8b2f3aa35">
          <Coords points="1891,2587 1895,2587 1945,2585 1994,2582 2033,2580 2036,2625 1997,2627 1946,2630 1896,2632 1892,2632"/>
          <TextEquiv>
            <Unicode>daer</Unicode>
          </TextEquiv>
        </Word>
        <Word id="word_4ad179bb-48b4-4552-b865-0766d1db3ec2">
          <Coords points="2071,2577 2095,2577 2145,2575 2195,2574 2214,2573 2216,2618 2196,2619 2146,2620 2096,2622 2072,2622"/>
          <TextEquiv>
            <Unicode>naer</Unicode>
          </TextEquiv>
        </Word>
        <Word id="word_04753014-abdf-4f1a-9dee-b190b188462a">
          <Coords points="2251,2572 2295,2571 2345,2570 2395,2569 2445,2567 2495,2566 2547,2568 2576,2569 2575,2614 2546,2613 2496,2611 2446,2612 2396,2614 2346,2615 2296,2616 2251,2617"/>
          <TextEquiv>
            <Unicode>aenleijt,</Unicode>
          </TextEquiv>
        </Word>
        <Word id="word_fbab4d5c-8a91-4458-a95d-6c3483547537">
          <Coords points="2612,2569 2647,2570 2695,2569 2722,2571 2718,2616 2696,2614 2646,2615 2611,2614"/>
          <TextEquiv>
            <Unicode>den</Unicode>
          </TextEquiv>
        </Word>
        <TextEquiv conf="0.9533844892290128">
          <Unicode>wel Icquan daer naer aenleijt, den</Unicode>
        </TextEquiv>
        <TextStyle xHeight="36"/>
      </TextLine>
      <TextLine id="f9aac779-c66f-44e1-9ae3-4c824ae72fa4">
        <Coords points="2843,2524 2899,2524 2949,2560 2977,2557 3001,2537 3069,2537 3141,2525 3293,2525 3334,2517 3378,2548 3378,2628 3317,2620 3165,2620 2843,2629"/>
        <Baseline points="2883,2596 2933,2605 2983,2610 3033,2608 3083,2608 3133,2608 3183,2607 3233,2607 3283,2607 3333,2608 3339,2608"/>
        <Word id="word_418e36bc-5ae1-4600-a5bb-0a37ae076228">
          <Coords points="2889,2562 2939,2571 2986,2575 3032,2573 3060,2573 3060,2618 3033,2618 2982,2620 2931,2615 2881,2606"/>
          <TextEquiv>
            <Unicode>Dehelen</Unicode>
          </TextEquiv>
        </Word>
        <Word id="word_edf19002-293c-4fe4-a9b5-b51a81304bf3">
          <Coords points="3085,2573 3133,2573 3182,2572 3233,2572 3283,2572 3289,2572 3288,2617 3283,2617 3233,2617 3183,2617 3133,2618 3085,2618"/>
          <TextEquiv>
            <Unicode>chinesen</Unicode>
          </TextEquiv>
        </Word>
        <Word id="word_a0690d97-6736-424a-8d5b-c36cbdbfba4f">
          <Coords points="3314,2573 3334,2573 3339,2573 3339,2618 3333,2618 3313,2618"/>
          <TextEquiv>
            <Unicode>—</Unicode>
          </TextEquiv>
        </Word>
        <TextEquiv conf="0.8844237260395746">
          <Unicode>Dehelen chinesen —</Unicode>
        </TextEquiv>
        <TextStyle xHeight="30"/>
      </TextLine>
      <TextLine id="cbaa8160-bf70-4736-a3be-7c6514c5518e">
        <Coords points="1440,2651 1802,2656 1842,2632 2122,2627 2146,2636 2266,2635 2278,2643 2326,2643 2390,2696 2413,2676 2461,2672 2473,2660 2645,2656 2665,2652 2681,2636 2740,2647 2759,2644 2772,2632 2821,2636 2853,2624 3317,2619 3343,2627 3386,2669 3386,2750 3342,2794 3153,2799 3089,2751 3049,2751 3025,2740 2989,2770 2884,2775 2872,2787 2860,2778 2844,2779 2827,2795 2761,2794 2745,2782 2701,2782 2673,2756 2665,2764 2633,2767 2549,2767 2513,2803 2473,2811 2410,2810 2317,2783 2278,2815 2242,2815 2215,2795 2146,2795 2106,2770 2062,2770 2034,2795 2014,2794 2006,2786 1997,2795 1930,2811 1894,2810 1858,2831 1766,2830 1722,2802 1595,2799 1514,2799 1490,2815 1440,2829"/>
        <Baseline points="1480,2762 1530,2765 1580,2765 1630,2764 1680,2762 1730,2759 1780,2756 1830,2754 1880,2751 1930,2748 1980,2747 2030,2746 2080,2742 2130,2740 2180,2738 2230,2736 2280,2735 2330,2734 2380,2733 2430,2734 2480,2733 2530,2733 2580,2733 2630,2732 2680,2732 2730,2731 2780,2730 2830,2728 2880,2726 2930,2725 2980,2723 3030,2723 3080,2722 3130,2722 3180,2724 3230,2725 3280,2724 3330,2726 3347,2729"/>
        <Word id="word_b7c3c2e3-92f2-4e4f-87f0-15dcceaa9cce">
          <Coords points="1482,2727 1532,2730 1580,2730 1629,2729 1665,2728 1667,2773 1630,2774 1580,2775 1529,2775 1479,2772"/>
          <TextEquiv>
            <Unicode>handel</Unicode>
          </TextEquiv>
        </Word>
        <Word id="word_f854cb14-190d-4e56-b1e6-39edd55a8e6f">
          <Coords points="1695,2726 1728,2724 1758,2722 1761,2767 1731,2769 1699,2771"/>
          <TextEquiv>
            <Unicode>de</Unicode>
          </TextEquiv>
        </Word>
        <Word id="word_2604e47c-4048-4cee-8af8-f0987e8df877">
          <Coords points="1790,2720 1829,2719 1878,2716 1928,2713 1946,2713 1947,2758 1931,2758 1881,2761 1830,2764 1791,2765"/>
          <TextEquiv>
            <Unicode>Compe</Unicode>
          </TextEquiv>
        </Word>
        <Word id="word_5005cb05-0b30-4c1b-91a0-9843bf927108">
          <Coords points="1977,2712 1979,2712 2029,2711 2037,2710 2041,2755 2030,2756 1980,2757 1978,2757"/>
          <TextEquiv>
            <Unicode>t'</Unicode>
          </TextEquiv>
        </Word>
        <Word id="word_16b1dfa0-e425-46e6-bcef-713cbcb841db">
          <Coords points="2068,2708 2077,2707 2129,2705 2179,2703 2229,2701 2279,2700 2329,2699 2379,2698 2383,2698 2382,2743 2380,2743 2330,2744 2280,2745 2230,2746 2180,2748 2130,2750 2081,2752 2072,2753"/>
          <TextEquiv>
            <Unicode>ontsetten,</Unicode>
          </TextEquiv>
        </Word>
        <Word id="word_6f3d891c-7708-4d47-b9f0-78aca57108dc">
          <Coords points="2414,2699 2431,2699 2479,2698 2530,2698 2580,2698 2629,2697 2631,2697 2631,2742 2630,2742 2580,2743 2530,2743 2480,2743 2430,2744 2413,2744"/>
          <TextEquiv>
            <Unicode>gelijck</Unicode>
          </TextEquiv>
        </Word>
        <Word id="word_98377c02-6f01-4d9e-b073-0e842e705d5e">
          <Coords points="2662,2697 2680,2697 2729,2696 2779,2695 2829,2693 2848,2692 2850,2737 2830,2738 2780,2740 2730,2741 2680,2742 2662,2742"/>
          <TextEquiv>
            <Unicode>alrede</Unicode>
          </TextEquiv>
        </Word>
        <Word id="word_ae09c385-6672-4b7f-befb-2c9294ed8f50">
          <Coords points="2880,2691 2929,2690 2979,2688 3030,2688 3079,2687 3098,2687 3098,2732 3080,2732 3030,2733 2980,2733 2930,2735 2881,2736"/>
          <TextEquiv>
            <Unicode>genoech</Unicode>
          </TextEquiv>
        </Word>
        <Word id="word_030cb4c9-efc0-4cf4-9e23-323094f7283b">
          <Coords points="3129,2687 3130,2687 3181,2689 3192,2689 3191,2734 3180,2734 3130,2732 3129,2732"/>
          <TextEquiv>
            <Unicode>in</Unicode>
          </TextEquiv>
        </Word>
        <Word id="word_24c603e7-0894-41b5-86b9-a3d2fafbb921">
          <Coords points="3223,2690 3231,2690 3279,2689 3331,2691 3353,2695 3345,2739 3330,2736 3280,2734 3230,2735 3223,2735"/>
          <TextEquiv>
            <Unicode>sijn</Unicode>
          </TextEquiv>
        </Word>
        <TextEquiv conf="0.9052297794437002">
          <Unicode>handel de Compe t' ontsetten, gelijck alrede genoech in sijn</Unicode>
        </TextEquiv>
        <TextStyle xHeight="53"/>
      </TextLine>
      <TextLine id="bc8602b9-bf46-4eb2-92e2-217fa8e41480">
        <Coords points="1437,2827 1487,2816 1511,2800 1596,2800 1719,2803 1766,2830 1858,2831 1882,2824 1894,2812 1930,2812 1946,2800 1975,2799 1982,2792 2034,2792 2058,2771 2110,2771 2142,2795 2207,2798 2228,2787 2241,2796 2297,2796 2322,2784 2373,2799 2413,2799 2425,2808 2489,2808 2517,2800 2549,2768 2633,2768 2658,2743 2701,2783 2745,2783 2761,2795 2821,2795 2840,2779 2861,2779 2872,2787 2905,2756 2961,2752 2976,2739 2989,2747 3008,2732 3064,2759 3093,2759 3144,2804 3269,2786 3269,2866 3200,2856 3168,2860 3152,2876 2765,2868 2737,2895 2593,2895 2557,2915 2493,2915 2477,2923 2330,2923 2314,2910 2274,2911 2250,2923 2202,2898 2170,2899 2138,2903 2086,2943 2042,2947 1994,2946 1970,2930 1943,2934 1935,2926 1890,2926 1862,2910 1778,2910 1747,2887 1599,2895 1591,2903 1543,2903 1515,2923 1437,2927"/>
        <Baseline points="1477,2888 1527,2889 1577,2886 1627,2885 1677,2882 1727,2880 1777,2879 1827,2878 1877,2877 1927,2876 1977,2876 2027,2876 2077,2875 2127,2873 2177,2872 2227,2870 2277,2867 2327,2866 2377,2865 2427,2863 2477,2862 2527,2860 2577,2859 2627,2857 2677,2857 2727,2856 2777,2856 2827,2854 2877,2851 2927,2850 2977,2848 3027,2848 3077,2848 3127,2848 3177,2849 3227,2847 3230,2846"/>
        <Word id="word_50deb67b-17df-4410-b65d-739b385bb14a">
          <Coords points="1478,2853 1528,2854 1575,2851 1626,2850 1675,2847 1686,2847 1688,2892 1678,2892 1627,2895 1578,2896 1527,2899 1477,2898"/>
          <TextEquiv>
            <Unicode>gewelt</Unicode>
          </TextEquiv>
        </Word>
        <Word id="word_1ea71582-f436-4b11-89a0-276fb90c7532">
          <Coords points="1721,2845 1726,2845 1776,2844 1826,2843 1876,2842 1926,2841 1933,2841 1933,2886 1927,2886 1877,2887 1827,2888 1777,2889 1727,2890 1723,2890"/>
          <TextEquiv>
            <Unicode>heeft,</Unicode>
          </TextEquiv>
        </Word>
        <Word id="word_7a9b6494-9355-460b-a2eb-207b17372b90">
          <Coords points="1968,2841 1977,2841 2027,2841 2076,2840 2126,2838 2176,2837 2177,2837 2179,2882 2177,2882 2127,2883 2077,2885 2027,2886 1977,2886 1968,2886"/>
          <TextEquiv>
            <Unicode>blijct</Unicode>
          </TextEquiv>
        </Word>
        <Word id="word_63f8d651-0612-4af9-86e4-7cdcb0c6f29e">
          <Coords points="2212,2836 2226,2835 2275,2832 2326,2831 2376,2830 2426,2828 2476,2827 2492,2826 2494,2871 2477,2872 2427,2873 2377,2875 2327,2876 2278,2877 2227,2880 2214,2881"/>
          <TextEquiv>
            <Unicode>claerder</Unicode>
          </TextEquiv>
        </Word>
        <Word id="word_82312fc1-dc98-4c92-ad44-7fa1909740eb">
          <Coords points="2528,2825 2576,2824 2626,2822 2634,2822 2634,2867 2627,2867 2577,2869 2529,2870"/>
          <TextEquiv>
            <Unicode>aen</Unicode>
          </TextEquiv>
        </Word>
        <Word id="word_5025f3cf-8ea0-4728-adac-25d5c5844c8c">
          <Coords points="2669,2822 2677,2822 2726,2821 2777,2821 2826,2819 2842,2818 2845,2863 2827,2864 2777,2866 2727,2866 2677,2867 2669,2867"/>
          <TextEquiv>
            <Unicode>tgene</Unicode>
          </TextEquiv>
        </Word>
        <Word id="word_be482eb1-d687-40a0-8bc2-09b092a7c929">
          <Coords points="2879,2816 2926,2815 2976,2813 3027,2813 3055,2813 3055,2858 3027,2858 2977,2858 2927,2860 2880,2861"/>
          <TextEquiv>
            <Unicode>desen</Unicode>
          </TextEquiv>
        </Word>
        <Word id="word_00137795-a15e-42b0-b793-b9220c1dc84e">
          <Coords points="3090,2813 3127,2813 3178,2814 3219,2813 3226,2812 3233,2855 3227,2857 3177,2859 3127,2858 3090,2858"/>
          <TextEquiv>
            <Unicode>Jare</Unicode>
          </TextEquiv>
        </Word>
        <TextEquiv conf="0.9241812923950246">
          <Unicode>gewelt heeft, blijct claerder aen tgene desen Jare</Unicode>
        </TextEquiv>
        <TextStyle xHeight="41"/>
      </TextLine>
      <TextLine id="a79ce31b-dcde-4715-ae87-d2d45cf93aad">
        <Coords points="1439,2928 1513,2924 1541,2904 1589,2904 1597,2896 1721,2896 1742,2888 1772,2907 1864,2911 1892,2927 1988,2935 2004,2948 2084,2944 2152,2895 2204,2899 2244,2924 2288,2911 2316,2911 2328,2920 2543,2916 2579,2908 2599,2895 2731,2896 2747,2887 3022,2895 3054,2915 3130,2907 3150,2911 3162,2923 3286,2920 3295,2910 3295,2990 3122,2992 3111,2999 2775,2995 2747,3000 2731,3015 2707,3003 2683,3019 2591,3019 2551,3051 2503,3051 2487,3038 2419,3034 2280,3039 2260,3059 2232,3071 2148,3071 2112,3042 1717,3047 1637,3034 1601,3055 1477,3055 1454,3035 1439,3034"/>
        <Baseline points="1479,3012 1529,3013 1579,3013 1629,3010 1679,3008 1729,3007 1779,3007 1829,3005 1879,3004 1929,3003 1979,3002 2029,3001 2079,2999 2129,2997 2179,2994 2229,2993 2279,2993 2329,2991 2379,2989 2429,2987 2479,2987 2529,2987 2579,2985 2629,2985 2679,2985 2729,2985 2779,2983 2829,2982 2879,2981 2929,2979 2979,2977 3029,2975 3079,2973 3129,2972 3179,2972 3229,2970 3256,2970"/>
        <Word id="word_8ceb0173-2708-4854-bfec-be9471653cf2">
          <Coords points="1480,2977 1530,2978 1556,2978 1556,3023 1529,3023 1479,3022"/>
          <TextEquiv>
            <Unicode>in</Unicode>
          </TextEquiv>
        </Word>
        <Word id="word_a6a67d37-8c85-47dc-a3c2-3f709ae9ebe8">
          <Coords points="1592,2978 1626,2975 1678,2973 1728,2972 1779,2972 1825,2970 1827,3015 1779,3017 1729,3017 1679,3018 1630,3020 1596,3023"/>
          <TextEquiv>
            <Unicode>Tonkin</Unicode>
          </TextEquiv>
        </Word>
        <Word id="word_7cf9ad4d-c202-4400-8946-b0170bee756c">
          <Coords points="1866,2969 1880,2969 1928,2968 1978,2967 2028,2966 2078,2964 2128,2962 2177,2959 2228,2958 2251,2958 2251,3003 2229,3003 2180,3004 2129,3007 2079,3009 2029,3011 1979,3012 1929,3013 1879,3014 1865,3014"/>
          <TextEquiv>
            <Unicode>onderstaen</Unicode>
          </TextEquiv>
        </Word>
        <Word id="word_81cf8007-3365-4d05-9e63-4289e7d6c625">
          <Coords points="2288,2958 2327,2956 2378,2954 2405,2953 2406,2998 2379,2999 2330,3001 2291,3003"/>
          <TextEquiv>
            <Unicode>wat</Unicode>
          </TextEquiv>
        </Word>
        <Word id="word_d399b6ed-8ceb-40b5-aad2-3884049f8a42">
          <Coords points="2445,2951 2480,2952 2529,2952 2578,2950 2599,2950 2599,2995 2579,2995 2529,2997 2479,2997 2444,2996"/>
          <TextEquiv>
            <Unicode>sijn</Unicode>
          </TextEquiv>
        </Word>
        <Word id="word_97a11350-c0f7-4a35-9c76-82af09b9ccf8">
          <Coords points="2638,2950 2679,2950 2729,2950 2778,2948 2828,2947 2878,2946 2907,2945 2909,2990 2879,2991 2829,2992 2779,2993 2729,2995 2679,2995 2638,2995"/>
          <TextEquiv>
            <Unicode>vordere</Unicode>
          </TextEquiv>
        </Word>
        <Word id="word_8c375a1f-4bea-4b9a-9d2c-b81644114ce5">
          <Coords points="2945,2943 2978,2942 3028,2940 3078,2938 3128,2937 3179,2937 3228,2935 3256,2935 3256,2980 3229,2980 3179,2982 3129,2982 3079,2983 3029,2985 2979,2987 2947,2988"/>
          <TextEquiv>
            <Unicode>intentis</Unicode>
          </TextEquiv>
        </Word>
        <TextEquiv conf="0.9384481548041">
          <Unicode>in Tonkin onderstaen wat sijn vordere intentis</Unicode>
        </TextEquiv>
        <TextStyle xHeight="41"/>
      </TextLine>
      <TextLine id="line_45133cfa-9319-4aa1-9c09-341e1c3777b5">
        <Coords points="1449,3033 1475,3054 1603,3054 1635,3033 1715,3046 2086,3046 2115,3045 2129,3033 2417,3033 2485,3037 2505,3050 2549,3050 2597,3010 2680,3005 2734,3013 2753,2998 3336,2993 3381,3037 3381,3116 3340,3150 3324,3141 2761,3154 2725,3121 2705,3121 2601,3122 2556,3166 2517,3170 2465,3170 2405,3149 2382,3149 2324,3185 2098,3188 2082,3173 1946,3173 1934,3161 1886,3161 1862,3149 1790,3150 1774,3162 1449,3162"/>
        <Baseline points="1489,3148 1539,3142 1589,3140 1639,3137 1689,3135 1739,3132 1789,3130 1839,3127 1889,3125 1939,3124 1989,3122 2039,3121 2089,3120 2139,3117 2189,3115 2239,3114 2289,3112 2339,3112 2389,3111 2439,3111 2489,3110 2539,3109 2589,3109 2639,3108 2689,3108 2739,3108 2789,3108 2839,3108 2889,3107 2939,3107 2989,3106 3039,3105 3089,3105 3139,3104 3189,3102 3239,3100 3289,3098 3339,3097 3342,3096"/>
        <Word id="word_e5c8e7e6-2157-4bd2-88c2-ae169d7762de">
          <Coords points="1485,3113 1535,3107 1588,3105 1626,3103 1629,3148 1589,3150 1540,3152 1490,3158"/>
          <TextEquiv>
            <Unicode>ende</Unicode>
          </TextEquiv>
        </Word>
        <Word id="word_16770931-3c3a-4ad0-a75a-f31e7a47403d">
          <Coords points="1663,3101 1688,3100 1737,3097 1788,3095 1837,3092 1888,3090 1938,3089 1977,3087 1978,3132 1939,3134 1889,3135 1840,3137 1789,3140 1740,3142 1689,3145 1664,3146"/>
          <TextEquiv>
            <Unicode>hoedanich</Unicode>
          </TextEquiv>
        </Word>
        <Word id="word_33903ec4-9930-449c-ae9f-29f1770d5e56">
          <Coords points="2013,3086 2039,3086 2082,3085 2083,3130 2039,3131 2013,3131"/>
          <TextEquiv>
            <Unicode>'s</Unicode>
          </TextEquiv>
        </Word>
        <Word id="word_e9c28a07-9936-465b-ad63-9c17cb352464">
          <Coords points="2114,3085 2135,3082 2188,3080 2238,3079 2288,3077 2328,3077 2328,3122 2289,3122 2239,3124 2189,3125 2140,3127 2119,3129"/>
          <TextEquiv>
            <Unicode>Comp„s</Unicode>
          </TextEquiv>
        </Word>
        <Word id="word_b4e24254-6f43-4aa6-b1a2-bf74f599e0b0">
          <Coords points="2361,3077 2388,3076 2439,3076 2488,3075 2538,3074 2589,3074 2607,3074 2608,3119 2589,3119 2539,3119 2489,3120 2439,3121 2389,3121 2363,3122"/>
          <TextEquiv>
            <Unicode>negotie</Unicode>
          </TextEquiv>
        </Word>
        <Word id="word_3735978b-1206-4134-8c31-a87c44236367">
          <Coords points="2643,3073 2689,3073 2712,3073 2712,3118 2689,3118 2642,3118"/>
          <TextEquiv>
            <Unicode>in</Unicode>
          </TextEquiv>
        </Word>
        <Word id="word_3317ee48-4936-4fd4-a712-de17fe7bbe54">
          <Coords points="2747,3073 2789,3073 2839,3073 2888,3072 2939,3072 2988,3071 3038,3070 3089,3070 3097,3070 3097,3115 3089,3115 3039,3115 2989,3116 2939,3117 2889,3117 2839,3118 2789,3118 2747,3118"/>
          <TextEquiv>
            <Unicode>toecomende</Unicode>
          </TextEquiv>
        </Word>
        <Word id="word_741e4911-4994-4616-b7d9-60243dc9948b">
          <Coords points="3132,3069 3138,3069 3188,3067 3238,3065 3288,3063 3331,3063 3338,3062 3345,3106 3339,3107 3289,3108 3239,3110 3189,3112 3139,3114 3132,3114"/>
          <TextEquiv>
            <Unicode>aldaer</Unicode>
          </TextEquiv>
        </Word>
        <TextEquiv conf="0.9237116020570257">
          <Unicode>ende hoedanich 's Comp„s negotie in toecomende aldaer</Unicode>
        </TextEquiv>
        <TextStyle xHeight="48"/>
      </TextLine>
      <TextLine id="d624aaac-1522-49ef-9f81-cfe59c049e99">
        <Coords points="1460,3164 1777,3160 1785,3152 1867,3152 1934,3163 1942,3171 2078,3171 2102,3188 2321,3188 2386,3148 2422,3159 2558,3164 2602,3121 2706,3120 2726,3120 2762,3155 3054,3155 3066,3163 3219,3163 3219,3243 2830,3245 2801,3268 2792,3259 2754,3260 2691,3319 2634,3272 2582,3280 2551,3306 2534,3311 2521,3302 2486,3302 2438,3271 2334,3276 2308,3295 2286,3283 2226,3300 2146,3300 2118,3275 2034,3275 2018,3259 1766,3263 1740,3279 1460,3284"/>
        <Baseline points="1500,3261 1550,3261 1600,3259 1650,3257 1700,3256 1750,3254 1800,3252 1850,3251 1900,3250 1950,3248 2000,3246 2050,3246 2100,3244 2150,3243 2200,3243 2250,3241 2300,3241 2350,3240 2400,3239 2450,3239 2500,3239 2550,3237 2600,3236 2650,3236 2700,3235 2750,3234 2800,3233 2850,3231 2900,3230 2950,3228 3000,3226 3050,3225 3100,3225 3150,3224 3180,3223"/>
        <Word id="word_5434aa88-0c2c-4528-a590-490dcf583f00">
          <Coords points="1500,3226 1550,3226 1599,3224 1639,3222 1640,3267 1600,3269 1550,3271 1500,3271"/>
          <TextEquiv>
            <Unicode>meen</Unicode>
          </TextEquiv>
        </Word>
        <Word id="word_05ffe877-8427-4a40-be77-68d08a22664f">
          <Coords points="1675,3221 1700,3221 1744,3219 1745,3264 1700,3266 1675,3266"/>
          <TextEquiv>
            <Unicode>te</Unicode>
          </TextEquiv>
        </Word>
        <Word id="word_4589e8f4-dbb1-4b3f-aa13-ca03aa886ea1">
          <Coords points="1779,3218 1799,3217 1849,3216 1899,3215 1949,3213 1999,3211 2050,3211 2099,3209 2149,3208 2165,3208 2165,3253 2150,3253 2100,3254 2050,3256 2000,3256 1950,3258 1900,3260 1850,3261 1800,3262 1780,3263"/>
          <TextEquiv>
            <Unicode>becommeren,</Unicode>
          </TextEquiv>
        </Word>
        <Word id="word_5c83d1d2-690e-4bad-9e54-7e9d33f3319e">
          <Coords points="2200,3208 2200,3208 2249,3206 2300,3206 2339,3205 2340,3250 2300,3251 2250,3251 2200,3253 2200,3253"/>
          <TextEquiv>
            <Unicode>werd</Unicode>
          </TextEquiv>
        </Word>
        <Word id="word_b392bf15-c031-415e-b86c-261898afa879">
          <Coords points="2374,3205 2399,3204 2450,3204 2480,3204 2480,3249 2450,3249 2400,3249 2375,3249"/>
          <TextEquiv>
            <Unicode>bij</Unicode>
          </TextEquiv>
        </Word>
        <Word id="word_231b82f8-e5ee-47ec-b37f-44538121b397">
          <Coords points="2513,3204 2548,3202 2551,3247 2516,3249"/>
          <TextEquiv>
            <Unicode>t</Unicode>
          </TextEquiv>
        </Word>
        <Word id="word_39e0339d-adb5-4665-bddd-704370f39eed">
          <Coords points="2587,3200 2602,3201 2650,3201 2699,3200 2749,3199 2799,3198 2849,3196 2899,3195 2900,3240 2850,3241 2800,3243 2750,3244 2700,3245 2650,3246 2599,3246 2584,3245"/>
          <TextEquiv>
            <Unicode>schrijven</Unicode>
          </TextEquiv>
        </Word>
        <Word id="word_e9b2a268-03af-4f3a-9f30-783b0a43e8e9">
          <Coords points="2932,3194 2947,3193 2999,3191 3039,3190 3040,3235 3000,3236 2951,3238 2936,3239"/>
          <TextEquiv>
            <Unicode>van</Unicode>
          </TextEquiv>
        </Word>
        <Word id="word_ff4f9e89-9d05-4a99-882c-e55ce209f2ee">
          <Coords points="3076,3190 3101,3190 3149,3189 3179,3188 3180,3233 3150,3234 3100,3235 3075,3235"/>
          <TextEquiv>
            <Unicode>den</Unicode>
          </TextEquiv>
        </Word>
        <TextEquiv conf="0.9092118412517123">
          <Unicode>meen te becommeren, werd bij t schrijven van den</Unicode>
        </TextEquiv>
        <TextStyle xHeight="40"/>
      </TextLine>
      <TextLine id="ebf3920f-8777-46fb-950b-a134cd050faa">
        <Coords points="1438,3281 2000,3276 2012,3282 2024,3272 2080,3272 2120,3276 2144,3297 2248,3297 2268,3285 2296,3284 2307,3292 2336,3277 2384,3277 2412,3264 2460,3280 2484,3304 2529,3309 2552,3305 2580,3281 2632,3273 2685,3317 2764,3252 2820,3256 2864,3277 2964,3272 2976,3283 3049,3283 3049,3363 2936,3365 2904,3377 2756,3377 2716,3412 2624,3420 2616,3428 2544,3428 2516,3456 2420,3456 2408,3447 2372,3443 2284,3444 2268,3431 2228,3431 2212,3440 2068,3440 2056,3431 1724,3432 1712,3423 1438,3419"/>
        <Baseline points="1478,3386 1528,3385 1578,3382 1628,3380 1678,3378 1728,3376 1778,3375 1828,3373 1878,3370 1928,3367 1978,3365 2028,3363 2078,3361 2128,3360 2178,3358 2228,3356 2278,3355 2328,3354 2378,3353 2428,3352 2478,3352 2528,3352 2578,3352 2628,3352 2678,3351 2728,3350 2778,3350 2828,3349 2878,3347 2928,3346 2978,3343 3010,3343"/>
        <Word id="word_3d677217-df12-43cf-b2e7-53a68ed0c285">
          <Coords points="1477,3351 1527,3350 1576,3347 1627,3345 1677,3343 1727,3341 1777,3340 1827,3338 1876,3335 1894,3334 1896,3379 1879,3380 1828,3383 1778,3385 1728,3386 1678,3388 1628,3390 1579,3392 1528,3395 1478,3396"/>
          <TextEquiv>
            <Unicode>oppercoopman</Unicode>
          </TextEquiv>
        </Word>
        <Word id="word_f67a5891-f374-456c-aeb6-d22c36beb757">
          <Coords points="1929,3332 1977,3330 2027,3328 2077,3326 2127,3325 2177,3323 2227,3321 2277,3320 2278,3320 2279,3365 2278,3365 2228,3366 2178,3368 2128,3370 2078,3371 2028,3373 1978,3375 1931,3377"/>
          <TextEquiv>
            <Unicode>Bronchorst</Unicode>
          </TextEquiv>
        </Word>
        <Word id="word_4fb077ff-ee27-4026-9afd-4abbd53b125a">
          <Coords points="2313,3319 2327,3319 2377,3318 2427,3317 2478,3317 2528,3317 2578,3317 2628,3317 2677,3316 2696,3316 2697,3361 2678,3361 2628,3362 2578,3362 2528,3362 2478,3362 2428,3362 2378,3363 2328,3364 2314,3364"/>
          <TextEquiv>
            <Unicode>duijdelijck</Unicode>
          </TextEquiv>
        </Word>
        <Word id="word_8a838ac5-cd62-4284-92ce-b684c888477e">
          <Coords points="2731,3315 2778,3315 2827,3314 2877,3312 2927,3311 2976,3308 3010,3308 3010,3353 2979,3353 2928,3356 2878,3357 2828,3359 2778,3360 2731,3360"/>
          <TextEquiv>
            <Unicode>ontledet</Unicode>
          </TextEquiv>
        </Word>
        <TextEquiv conf="0.9227119281696676">
          <Unicode>oppercoopman Bronchorst duijdelijck ontledet</Unicode>
        </TextEquiv>
        <TextStyle xHeight="47"/>
      </TextLine>
    </TextRegion>
    <TextRegion id="region_24ee97cb-44a7-4759-9680-6b7a0cf5b220_1" custom="structure {type:paragraph;}">
      <Coords points="3306,3525 3285,3498 3271,3494 3122,3487 3094,3477 3014,3480 2983,3487 2931,3484 2927,3487 2889,3487 2886,3491 2868,3487 2865,3491 2722,3494 2719,3498 2656,3498 2653,3501 2562,3501 2559,3505 2493,3505 2489,3508 2228,3505 2225,3501 1968,3505 1964,3501 1891,3501 1888,3498 1874,3501 1571,3501 1537,3494 1471,3494 1467,3491 1439,3498 1415,3515 1401,3553 1405,3567 1439,3630 1443,3658 1457,3682 1450,3717 1450,3744 1446,3748 1446,3807 1453,3831 1453,3884 1460,3911 1460,3974 1464,3977 1460,4068 1467,4092 1464,4155 1467,4158 1467,4207 1474,4235 1474,4318 1484,4360 1481,4363 1484,4402 1495,4415 1512,4426 1564,4436 1655,4419 2430,4412 2434,4415 2514,4415 2517,4419 2566,4419 2569,4422 2767,4422 2771,4419 2809,4419 2813,4415 2986,4415 2990,4412 3080,4412 3084,4409 3240,4412 3244,4409 3289,4405 3313,4384 3324,4360 3324,4318 3327,4315 3324,4259 3331,4242 3327,4130 3324,4127 3327,4071 3320,4054 3320,4033 3327,4016 3327,3977 3313,3918 3313,3887 3320,3866 3320,3842 3327,3824 3327,3748 3331,3734 3327,3731 3324,3671 3313,3637 3317,3553"/>
      <TextLine id="afae5571-91c0-4049-88e0-ad463d1fae91">
        <Coords points="1311,3589 1332,3573 1380,3566 1417,3545 1428,3545 1446,3563 1493,3521 1541,3538 1593,3538 1625,3514 1761,3514 1836,3439 2064,3447 2212,3443 2228,3430 2268,3430 2284,3446 2404,3446 2424,3463 2508,3463 2540,3454 2776,3458 2855,3478 3032,3482 3063,3491 3323,3486 3336,3494 3336,3574 3312,3584 3279,3584 3272,3591 3019,3591 2991,3604 2915,3608 2859,3583 2820,3583 2776,3592 2733,3627 2714,3611 2644,3612 2620,3595 2576,3595 2556,3579 2428,3580 2418,3587 2373,3580 2276,3584 2260,3600 2219,3603 2204,3596 2179,3620 2132,3603 2108,3608 1997,3596 1958,3599 1916,3636 1896,3635 1872,3611 1846,3599 1780,3664 1745,3668 1733,3659 1577,3656 1557,3651 1525,3619 1497,3615 1311,3615"/>
        <Baseline points="1351,3579 1401,3575 1451,3578 1501,3578 1551,3579 1601,3579 1651,3579 1701,3578 1751,3577 1801,3577 1851,3578 1901,3577 1951,3577 2001,3575 2051,3574 2101,3573 2151,3572 2201,3572 2251,3572 2301,3571 2351,3570 2401,3570 2451,3570 2501,3570 2551,3569 2601,3570 2651,3569 2701,3567 2751,3565 2801,3564 2851,3563 2901,3562 2951,3562 3001,3561 3051,3559 3101,3558 3151,3558 3201,3558 3251,3557 3297,3554"/>
        <Word id="word_64f30784-83dc-451a-923d-c8b8e121939b">
          <Coords points="1348,3544 1398,3540 1453,3543 1501,3543 1552,3544 1590,3544 1590,3589 1551,3589 1501,3588 1450,3588 1402,3585 1352,3589"/>
          <TextEquiv>
            <Unicode>Vermits</Unicode>
          </TextEquiv>
        </Word>
        <Word id="word_81832616-1d6a-41f3-a51b-0a1016554d56">
          <Coords points="1624,3544 1651,3544 1700,3543 1726,3542 1727,3587 1701,3588 1651,3589 1624,3589"/>
          <TextEquiv>
            <Unicode>den</Unicode>
          </TextEquiv>
        </Word>
        <Word id="word_9f81536b-837d-460f-9d4f-117659851eea">
          <Coords points="1761,3542 1801,3542 1852,3543 1900,3542 1951,3542 2000,3540 2050,3539 2100,3538 2150,3537 2201,3537 2204,3537 2204,3582 2201,3582 2151,3582 2101,3583 2051,3584 2001,3585 1951,3587 1901,3587 1851,3588 1801,3587 1761,3587"/>
          <TextEquiv>
            <Unicode>overvloedigen</Unicode>
          </TextEquiv>
        </Word>
        <Word id="word_472ee2bb-d1ea-4e64-ac7f-f9972579910e">
          <Coords points="2239,3537 2251,3537 2300,3536 2350,3535 2401,3535 2451,3535 2478,3535 2478,3580 2451,3580 2401,3580 2351,3580 2301,3581 2251,3582 2239,3582"/>
          <TextEquiv>
            <Unicode>toevoer</Unicode>
          </TextEquiv>
        </Word>
        <Word id="word_06c41fd2-c642-4bdd-80e5-236b48978dbd">
          <Coords points="2511,3535 2550,3534 2602,3535 2614,3535 2614,3580 2601,3580 2551,3579 2512,3580"/>
          <TextEquiv>
            <Unicode>van</Unicode>
          </TextEquiv>
        </Word>
        <Word id="word_21836d09-0d85-4035-a5e3-0123c43be2b6">
          <Coords points="2648,3534 2650,3534 2700,3532 2750,3530 2800,3529 2818,3529 2819,3574 2801,3574 2751,3575 2701,3577 2651,3579 2649,3579"/>
          <TextEquiv>
            <Unicode>sijde</Unicode>
          </TextEquiv>
        </Word>
        <Word id="word_efe962b2-bd4f-479b-9c6a-c8e31e99b11a">
          <Coords points="2852,3528 2900,3527 2951,3527 3000,3526 3023,3525 3024,3570 3001,3571 2951,3572 2901,3572 2853,3573"/>
          <TextEquiv>
            <Unicode>waren</Unicode>
          </TextEquiv>
        </Word>
        <Word id="word_41334c2d-8554-4756-9bc0-c14e25226695">
          <Coords points="3057,3524 3100,3523 3151,3523 3195,3523 3195,3568 3151,3568 3101,3568 3058,3569"/>
          <TextEquiv>
            <Unicode>door</Unicode>
          </TextEquiv>
        </Word>
        <Word id="word_d88514e3-7d0b-4dca-b332-d8da4720a67d">
          <Coords points="3227,3523 3249,3522 3295,3519 3298,3564 3251,3567 3229,3568"/>
          <TextEquiv>
            <Unicode>de</Unicode>
          </TextEquiv>
        </Word>
        <TextEquiv conf="0.9698204526198315">
          <Unicode>Vermits den overvloedigen toevoer van sijde waren door de</Unicode>
        </TextEquiv>
        <TextStyle xHeight="43"/>
      </TextLine>
      <TextLine id="line_0930c1ca-87b2-4524-a8e6-8fe1605ed225">
        <Coords points="1410,3616 1527,3619 1576,3658 1732,3658 1740,3666 1768,3667 1846,3600 1869,3608 1900,3636 1916,3636 1958,3599 1997,3596 2096,3607 2129,3600 2179,3619 2208,3595 2218,3603 2260,3600 2276,3584 2336,3580 2416,3588 2427,3580 2555,3579 2575,3595 2619,3595 2643,3612 2714,3611 2731,3627 2779,3592 2823,3583 2859,3583 2895,3595 2907,3607 2963,3608 3019,3591 3272,3591 3324,3577 3352,3600 3352,3681 3324,3700 3235,3696 3223,3705 3035,3705 3007,3709 2991,3721 2695,3721 2671,3700 2232,3701 2217,3689 2016,3693 1792,3713 1695,3781 1664,3781 1648,3772 1572,3772 1541,3745 1521,3745 1480,3761 1410,3760"/>
        <Baseline points="1450,3703 1500,3699 1550,3702 1600,3704 1650,3704 1700,3704 1750,3702 1800,3698 1850,3696 1900,3693 1950,3690 2000,3687 2050,3685 2100,3683 2150,3681 2200,3679 2250,3676 2300,3674 2350,3672 2400,3670 2450,3669 2500,3667 2550,3665 2600,3665 2650,3664 2700,3665 2750,3666 2800,3667 2850,3670 2900,3671 2950,3670 3000,3669 3050,3669 3100,3666 3150,3665 3200,3664 3250,3663 3300,3659 3313,3661"/>
        <Word id="word_0b6150d6-6046-4485-8eae-508b8a8ce554">
          <Coords points="1447,3668 1497,3664 1552,3667 1601,3669 1650,3669 1700,3669 1706,3669 1707,3714 1700,3714 1650,3714 1600,3714 1549,3712 1501,3709 1451,3713"/>
          <TextEquiv>
            <Unicode>Chinesen</Unicode>
          </TextEquiv>
        </Word>
        <Word id="word_b6c19bdc-aee6-4348-b931-c39edb417f84">
          <Coords points="1738,3667 1749,3667 1797,3663 1802,3663 1804,3708 1801,3708 1750,3712 1739,3712"/>
          <TextEquiv>
            <Unicode>'t</Unicode>
          </TextEquiv>
        </Word>
        <Word id="word_536ed13d-83b8-49f5-b99a-2e730f5d8b3e">
          <Coords points="1834,3662 1849,3661 1898,3658 1948,3655 1998,3652 2049,3650 2099,3648 2123,3647 2125,3692 2100,3693 2050,3695 2001,3697 1951,3700 1901,3703 1850,3706 1836,3707"/>
          <TextEquiv>
            <Unicode>voorleden</Unicode>
          </TextEquiv>
        </Word>
        <Word id="word_0a8d8c20-93e9-478c-b7c1-dcb91b76909f">
          <Coords points="2155,3646 2199,3644 2248,3641 2283,3640 2285,3685 2251,3686 2200,3689 2157,3691"/>
          <TextEquiv>
            <Unicode>Jaer</Unicode>
          </TextEquiv>
        </Word>
        <Word id="word_69fa81e8-bcd3-464c-8af7-1716191f67dc">
          <Coords points="2316,3638 2349,3637 2399,3635 2413,3635 2414,3680 2400,3680 2350,3682 2317,3683"/>
          <TextEquiv>
            <Unicode>tot</Unicode>
          </TextEquiv>
        </Word>
        <Word id="word_c3eb46ec-e7c1-4f50-95a3-545f6323d301">
          <Coords points="2445,3634 2449,3634 2499,3632 2549,3630 2600,3630 2649,3629 2701,3630 2751,3631 2800,3632 2799,3677 2750,3676 2700,3675 2650,3674 2600,3675 2550,3675 2500,3677 2450,3679 2446,3679"/>
          <TextEquiv>
            <Unicode>Nangesacqui</Unicode>
          </TextEquiv>
        </Word>
        <Word id="word_6ce877bc-e5f7-4bad-b1d0-84ff45ff3aa7">
          <Coords points="2836,3633 2854,3635 2901,3636 2949,3635 2999,3634 3024,3634 3024,3679 3000,3679 2950,3680 2900,3681 2849,3680 2830,3678"/>
          <TextEquiv>
            <Unicode>gedaen</Unicode>
          </TextEquiv>
        </Word>
        <Word id="word_60cf41f4-ce81-4500-b78c-ae489904462c">
          <Coords points="3054,3634 3098,3631 3149,3630 3184,3629 3185,3674 3150,3675 3101,3676 3057,3679"/>
          <TextEquiv>
            <Unicode>ende</Unicode>
          </TextEquiv>
        </Word>
        <Word id="word_c0f87bd7-f7fe-4f4b-bee4-d0737f4ee766">
          <Coords points="3216,3629 3249,3628 3297,3624 3318,3626 3311,3671 3301,3669 3250,3673 3217,3674"/>
          <TextEquiv>
            <Unicode>dit</Unicode>
          </TextEquiv>
        </Word>
        <TextEquiv conf="0.951889785232309">
          <Unicode>Chinesen 't voorleden Jaer tot Nangesacqui gedaen ende dit</Unicode>
        </TextEquiv>
        <TextStyle xHeight="41"/>
      </TextLine>
      <TextLine id="b59172aa-9715-4e05-8da3-85f024d9153b">
        <Coords points="1436,3762 1530,3746 1558,3774 1654,3774 1666,3782 1694,3782 1719,3770 1758,3731 1777,3730 1786,3738 1822,3704 2041,3692 2217,3691 2233,3700 2673,3699 2697,3722 3040,3718 3048,3726 3200,3722 3217,3730 3217,3810 3040,3812 3012,3839 2976,3847 2721,3851 2683,3822 2570,3818 2541,3831 2517,3855 2465,3859 2325,3854 2277,3822 2253,3818 2129,3819 2117,3831 1977,3831 1937,3866 1893,3862 1885,3854 1814,3855 1798,3866 1718,3846 1661,3898 1542,3897 1490,3854 1436,3855"/>
        <Baseline points="1476,3816 1526,3816 1576,3816 1626,3816 1676,3816 1726,3814 1776,3814 1826,3812 1876,3811 1926,3810 1976,3809 2026,3809 2076,3809 2126,3809 2176,3809 2226,3808 2276,3808 2326,3807 2376,3806 2426,3805 2476,3804 2526,3804 2576,3803 2626,3801 2676,3799 2726,3798 2776,3798 2826,3797 2876,3797 2926,3796 2976,3795 3026,3794 3076,3793 3126,3791 3176,3790 3178,3790"/>
        <Word id="word_f8fd2465-86e7-4efd-86e4-1af79f64b1ff">
          <Coords points="1476,3781 1526,3781 1576,3781 1626,3781 1676,3781 1725,3779 1776,3779 1825,3777 1875,3776 1925,3775 1936,3775 1937,3820 1926,3820 1876,3821 1826,3822 1776,3824 1726,3824 1676,3826 1626,3826 1576,3826 1526,3826 1476,3826"/>
          <TextEquiv>
            <Unicode>tegenwoordige</Unicode>
          </TextEquiv>
        </Word>
        <Word id="word_d0bcf38c-6151-4a7b-8efb-74f88c3e71de">
          <Coords points="1972,3774 1975,3774 2026,3774 2076,3774 2114,3774 2114,3819 2076,3819 2026,3819 1976,3819 1973,3819"/>
          <TextEquiv>
            <Unicode>Iaer</Unicode>
          </TextEquiv>
        </Word>
        <Word id="word_c7acc02a-6e44-470c-a91b-3b4fcfdb01b3">
          <Coords points="2150,3774 2176,3774 2225,3773 2276,3773 2325,3772 2362,3771 2363,3816 2326,3817 2276,3818 2226,3818 2176,3819 2150,3819"/>
          <TextEquiv>
            <Unicode>alrede</Unicode>
          </TextEquiv>
        </Word>
        <Word id="word_b89c1537-2569-4057-a809-a0585c49ec84">
          <Coords points="2397,3771 2425,3770 2475,3769 2526,3769 2539,3769 2540,3814 2526,3814 2476,3814 2426,3815 2398,3816"/>
          <TextEquiv>
            <Unicode>naer</Unicode>
          </TextEquiv>
        </Word>
        <Word id="word_b55e0c24-52b8-4053-a0b5-c2a2658b3bd1">
          <Coords points="2575,3768 2575,3768 2625,3766 2675,3764 2725,3763 2776,3763 2823,3762 2824,3807 2776,3808 2726,3808 2676,3809 2626,3811 2576,3813 2575,3813"/>
          <TextEquiv>
            <Unicode>ruijgen</Unicode>
          </TextEquiv>
        </Word>
        <Word id="word_21e247cd-0722-4f22-ab8a-1c6392a95c63">
          <Coords points="2860,3761 2877,3762 2925,3761 2975,3760 3025,3759 3075,3758 3125,3756 3175,3755 3178,3755 3178,3800 3176,3800 3126,3801 3076,3803 3026,3804 2976,3805 2926,3806 2876,3807 2859,3806"/>
          <TextEquiv>
            <Unicode>overslach</Unicode>
          </TextEquiv>
        </Word>
        <TextEquiv conf="0.9596459723436914">
          <Unicode>tegenwoordige Iaer alrede naer ruijgen overslach</Unicode>
        </TextEquiv>
        <TextStyle xHeight="43"/>
      </TextLine>
      <TextLine id="line_7ec0b0ce-6428-4bdb-a56a-1b30fd5c03b8">
        <Coords points="1436,3844 1494,3856 1546,3895 1623,3908 1642,3896 1675,3891 1723,3844 1753,3856 1774,3848 1806,3848 1817,3857 1878,3852 1934,3868 1974,3832 2250,3829 2267,3821 2318,3852 2521,3853 2577,3810 2696,3809 2733,3841 3005,3841 3021,3832 3233,3832 3290,3840 3290,3920 3165,3920 3123,3954 3061,3918 2973,3998 2909,3997 2897,4006 2873,4005 2818,3950 2804,3962 2641,3961 2601,3982 2445,3986 2409,3990 2397,4002 2346,4002 2310,3969 2246,3965 2158,3970 2132,3982 2096,3982 2082,3994 1994,3994 1955,3965 1842,3957 1702,3957 1678,3970 1646,3970 1638,3978 1436,3981"/>
        <Baseline points="1476,3945 1526,3945 1576,3943 1626,3941 1676,3939 1726,3937 1776,3936 1826,3934 1876,3932 1926,3931 1976,3930 2026,3928 2076,3928 2126,3928 2176,3929 2226,3930 2276,3931 2326,3931 2376,3930 2426,3929 2476,3929 2526,3929 2576,3929 2626,3928 2676,3927 2726,3924 2776,3924 2826,3921 2876,3919 2926,3917 2976,3916 3026,3914 3076,3910 3126,3908 3176,3905 3226,3901 3251,3900"/>
        <Word id="word_c435b493-91dd-4e3c-8e3d-1a15e6df058a">
          <Coords points="1476,3910 1526,3910 1575,3908 1625,3906 1675,3904 1692,3903 1694,3948 1676,3949 1626,3951 1576,3953 1526,3955 1476,3955"/>
          <TextEquiv>
            <Unicode>hoewel</Unicode>
          </TextEquiv>
        </Word>
        <Word id="word_d4bb1509-5662-4704-8bc4-e0a14884bdb0">
          <Coords points="1729,3902 1775,3901 1801,3900 1802,3945 1776,3946 1730,3947"/>
          <TextEquiv>
            <Unicode>na</Unicode>
          </TextEquiv>
        </Word>
        <Word id="word_a0ed20c6-dc85-4bf5-990c-009370b7d410">
          <Coords points="1837,3899 1875,3897 1910,3896 1911,3941 1876,3942 1839,3944"/>
          <TextEquiv>
            <Unicode>'t</Unicode>
          </TextEquiv>
        </Word>
        <Word id="word_e970f5c4-a3ee-48c8-a686-92d4e6b164c0">
          <Coords points="1946,3896 1975,3895 2025,3893 2076,3893 2126,3893 2177,3894 2201,3894 2200,3939 2176,3939 2126,3938 2076,3938 2026,3938 1976,3940 1947,3941"/>
          <TextEquiv>
            <Unicode>becomen</Unicode>
          </TextEquiv>
        </Word>
        <Word id="word_8b392d00-07f1-4eba-adc8-45a3ce572eaa">
          <Coords points="2238,3895 2277,3896 2326,3896 2375,3895 2417,3894 2418,3939 2376,3940 2326,3941 2276,3941 2237,3940"/>
          <TextEquiv>
            <Unicode>vande</Unicode>
          </TextEquiv>
        </Word>
        <Word id="word_cadebcfa-15d3-4e90-b08a-bb3a4c2847ae">
          <Coords points="2455,3893 2477,3894 2526,3894 2576,3894 2625,3893 2675,3892 2706,3890 2709,3935 2676,3937 2626,3938 2576,3939 2526,3939 2476,3939 2454,3938"/>
          <TextEquiv>
            <Unicode>notitie</Unicode>
          </TextEquiv>
        </Word>
        <Word id="word_0eb6cce6-7503-4f14-bc83-0a83d0113d41">
          <Coords points="2745,3888 2777,3889 2824,3886 2875,3884 2888,3884 2889,3928 2876,3929 2827,3931 2776,3934 2744,3933"/>
          <TextEquiv>
            <Unicode>noch</Unicode>
          </TextEquiv>
        </Word>
        <Word id="word_05ec25e3-66d6-48d7-be7b-a38382a0f25d">
          <Coords points="2924,3882 2925,3882 2975,3881 2996,3880 2998,3925 2976,3926 2926,3927 2926,3927"/>
          <TextEquiv>
            <Unicode>al</Unicode>
          </TextEquiv>
        </Word>
        <Word id="word_149e12f7-aaa2-4bfc-b656-39497f8d86a3">
          <Coords points="3031,3879 3073,3875 3125,3873 3174,3870 3223,3866 3250,3865 3251,3910 3227,3911 3177,3915 3126,3918 3077,3920 3035,3924"/>
          <TextEquiv>
            <Unicode>eenige</Unicode>
          </TextEquiv>
        </Word>
        <TextEquiv conf="0.9264545894707819">
          <Unicode>hoewel na 't becomen vande notitie noch al eenige</Unicode>
        </TextEquiv>
        <TextStyle xHeight="44"/>
      </TextLine>
      <TextLine id="line_6eeb9a0f-75d4-44dd-b63f-43a7945f9b9e">
        <Coords points="1419,3967 1693,3968 1709,3955 1844,3955 1960,3963 2000,3995 2036,3996 2140,3984 2164,3964 2204,3955 2248,3964 2435,3964 2523,3960 2559,3937 2719,3941 2727,3933 2803,3929 2859,3979 2935,3980 2999,3925 3015,3921 3067,3921 3086,3940 3110,3944 3126,3959 3162,3928 3230,3928 3274,3959 3309,3967 3318,3960 3331,3963 3346,3951 3379,3951 3379,4031 3334,4072 3310,4080 3246,4080 3194,4103 3122,4103 3114,4111 3075,4079 3019,4084 2994,4104 2983,4095 2973,4103 2959,4095 2890,4103 2879,4095 2854,4107 2841,4095 2823,4095 2787,4123 2707,4123 2687,4131 2619,4075 2591,4075 2583,4067 2549,4072 2541,4064 2515,4064 2487,4088 2424,4099 2364,4099 2340,4083 2320,4083 2305,4096 2256,4096 2244,4088 2230,4099 2214,4083 2199,4096 2156,4091 2092,4139 2074,4130 1988,4130 1944,4095 1880,4087 1772,4088 1761,4099 1709,4099 1695,4111 1629,4110 1613,4095 1419,4096"/>
        <Baseline points="1459,4068 1509,4069 1559,4066 1609,4064 1659,4063 1709,4061 1759,4060 1809,4059 1859,4057 1909,4056 1959,4056 2009,4054 2059,4053 2109,4051 2159,4050 2209,4049 2259,4047 2309,4045 2359,4044 2409,4043 2459,4043 2509,4042 2559,4042 2609,4040 2659,4039 2709,4039 2759,4037 2809,4036 2859,4037 2909,4035 2959,4033 3009,4030 3059,4026 3109,4023 3159,4020 3209,4017 3259,4015 3309,4011 3340,4011"/>
        <Word id="word_cf38b9cf-40f1-4ba6-814d-782e14bce31d">
          <Coords points="1460,4033 1510,4034 1557,4031 1608,4029 1658,4028 1706,4026 1708,4071 1659,4073 1609,4074 1560,4076 1509,4079 1459,4078"/>
          <TextEquiv>
            <Unicode>Joncken</Unicode>
          </TextEquiv>
        </Word>
        <Word id="word_7e0a96e6-85eb-4af2-a7f9-925a3466c2e1">
          <Coords points="1744,4025 1760,4025 1808,4024 1848,4022 1850,4067 1809,4069 1759,4070 1743,4070"/>
          <TextEquiv>
            <Unicode>met</Unicode>
          </TextEquiv>
        </Word>
        <Word id="word_7cc39a47-872c-4338-b07f-f34dbf0d56a3">
          <Coords points="1885,4021 1909,4021 1959,4021 2008,4019 2058,4018 2097,4016 2098,4061 2059,4063 2009,4064 1959,4066 1909,4066 1885,4066"/>
          <TextEquiv>
            <Unicode>partij</Unicode>
          </TextEquiv>
        </Word>
        <Word id="word_cf7bee00-92f2-4cad-9bfd-754ef76b01b4">
          <Coords points="2133,4015 2159,4015 2208,4014 2258,4012 2308,4010 2310,4010 2311,4055 2309,4055 2259,4057 2209,4059 2159,4060 2133,4060"/>
          <TextEquiv>
            <Unicode>sijde</Unicode>
          </TextEquiv>
        </Word>
        <Word id="word_3edecee9-c802-40e2-b339-2051fa5bdedf">
          <Coords points="2346,4009 2358,4009 2408,4008 2459,4008 2508,4007 2559,4007 2608,4005 2658,4004 2702,4004 2702,4049 2659,4049 2609,4050 2559,4052 2509,4052 2459,4053 2409,4053 2359,4054 2347,4054"/>
          <TextEquiv>
            <Unicode>aengecomen</Unicode>
          </TextEquiv>
        </Word>
        <Word id="word_4d6a9a7b-5b86-4a0e-9f77-c6c03f50f60f">
          <Coords points="2734,4004 2756,4002 2808,4001 2860,4002 2908,4000 2913,4000 2915,4045 2909,4045 2859,4047 2809,4046 2760,4047 2738,4049"/>
          <TextEquiv>
            <Unicode>sijn,</Unicode>
          </TextEquiv>
        </Word>
        <Word id="word_58d25bf8-4cb5-4137-86bb-953a3829349c">
          <Coords points="2949,3998 2958,3998 3007,3995 3056,3991 3090,3989 3092,4034 3060,4036 3010,4040 2959,4043 2950,4043"/>
          <TextEquiv>
            <Unicode>niet</Unicode>
          </TextEquiv>
        </Word>
        <Word id="word_48bce390-ed25-4841-b1c6-0bca650f4839">
          <Coords points="3125,3987 3157,3985 3207,3982 3258,3980 3306,3976 3340,3976 3340,4021 3310,4021 3259,4025 3210,4027 3160,4030 3128,4032"/>
          <TextEquiv>
            <Unicode>minder</Unicode>
          </TextEquiv>
        </Word>
        <TextEquiv conf="0.914742085598202">
          <Unicode>Joncken met partij sijde aengecomen sijn, niet minder</Unicode>
        </TextEquiv>
        <TextStyle xHeight="48"/>
      </TextLine>
      <TextLine id="line_45b11884-27b8-447d-bb11-46507de6637c">
        <Coords points="1428,4093 1590,4092 1614,4096 1638,4117 1701,4117 1722,4097 1757,4085 1874,4084 1882,4092 1949,4096 1989,4131 2077,4131 2093,4140 2149,4093 2201,4093 2221,4077 2236,4092 2246,4085 2261,4097 2305,4096 2328,4080 2353,4096 2425,4097 2485,4089 2529,4053 2546,4050 2570,4053 2589,4072 2621,4076 2685,4128 2773,4128 2789,4124 2817,4097 2842,4096 2855,4108 2863,4100 2900,4101 2909,4092 2947,4083 2966,4101 2992,4084 3074,4080 3100,4100 3200,4101 3232,4093 3248,4077 3329,4073 3353,4080 3353,4161 3321,4193 3224,4189 3204,4177 3072,4177 3033,4189 2724,4189 2713,4178 2669,4174 2625,4210 2589,4214 2565,4238 2513,4237 2501,4225 2441,4221 2313,4222 2297,4233 2257,4229 2225,4209 2065,4218 2023,4182 1977,4182 1940,4217 1925,4213 1910,4221 1862,4221 1838,4209 1502,4209 1458,4182 1428,4182"/>
        <Baseline points="1468,4177 1518,4174 1568,4175 1618,4175 1668,4174 1718,4174 1768,4173 1818,4172 1868,4171 1918,4172 1968,4172 2018,4172 2068,4171 2118,4170 2168,4169 2218,4169 2268,4168 2318,4168 2368,4168 2418,4168 2468,4167 2518,4167 2568,4167 2618,4167 2668,4167 2718,4167 2768,4165 2818,4163 2868,4162 2918,4160 2968,4157 3018,4155 3068,4155 3118,4153 3168,4151 3218,4149 3268,4147 3314,4140"/>
        <Word id="word_f8d05993-a520-46b9-9d43-668b63177863">
          <Coords points="1466,4142 1516,4139 1541,4139 1540,4184 1519,4184 1469,4187"/>
          <TextEquiv>
            <Unicode>is</Unicode>
          </TextEquiv>
        </Word>
        <Word id="word_a033b1b7-a938-4554-a091-3c411cd8bcd7">
          <Coords points="1576,4140 1618,4140 1648,4139 1649,4184 1618,4185 1577,4185"/>
          <TextEquiv>
            <Unicode>te</Unicode>
          </TextEquiv>
        </Word>
        <Word id="word_698ad943-49e7-4b9b-b6fa-409cdcdca4fd">
          <Coords points="1686,4139 1718,4139 1767,4138 1817,4137 1866,4136 1866,4181 1818,4182 1768,4183 1718,4184 1685,4184"/>
          <TextEquiv>
            <Unicode>weten</Unicode>
          </TextEquiv>
        </Word>
        <Word id="word_e7eb9bfc-fee3-4191-8c99-d286a2367bfd">
          <Coords points="1906,4136 1922,4137 1968,4137 1975,4137 1975,4182 1968,4182 1917,4182 1901,4180"/>
          <TextEquiv>
            <Unicode>so</Unicode>
          </TextEquiv>
        </Word>
        <Word id="word_ae2ddb99-7a45-4a64-9670-81a7be2c7091">
          <Coords points="2011,4137 2018,4137 2067,4136 2117,4135 2119,4135 2120,4180 2118,4180 2068,4181 2018,4182 2011,4182"/>
          <TextEquiv>
            <Unicode>van</Unicode>
          </TextEquiv>
        </Word>
        <Word id="word_2a78639e-3100-4644-9e3b-611c158112ee">
          <Coords points="2155,4134 2167,4134 2218,4134 2267,4133 2318,4133 2368,4133 2373,4133 2373,4178 2368,4178 2318,4178 2268,4178 2218,4179 2168,4179 2156,4179"/>
          <TextEquiv>
            <Unicode>Nankin</Unicode>
          </TextEquiv>
        </Word>
        <Word id="word_35876507-32ce-4168-8b6d-eb90e248459a">
          <Coords points="2409,4133 2418,4133 2467,4132 2518,4132 2518,4132 2518,4177 2518,4177 2468,4177 2418,4178 2409,4178"/>
          <TextEquiv>
            <Unicode>als</Unicode>
          </TextEquiv>
        </Word>
        <Word id="word_f40d4a09-d39b-44b9-8257-3c738fed0abc">
          <Coords points="2554,4132 2568,4132 2618,4132 2668,4132 2718,4132 2767,4130 2770,4130 2772,4175 2768,4175 2718,4177 2668,4177 2618,4177 2568,4177 2554,4177"/>
          <TextEquiv>
            <Unicode>Hocceo</Unicode>
          </TextEquiv>
        </Word>
        <Word id="word_1790a748-fbf4-4f83-bf35-e5364a071ddd">
          <Coords points="2806,4128 2817,4128 2867,4127 2917,4125 2950,4123 2953,4168 2918,4170 2868,4172 2818,4173 2808,4173"/>
          <TextEquiv>
            <Unicode>1174</Unicode>
          </TextEquiv>
        </Word>
        <Word id="word_25c6cb6d-2ab4-4318-a21c-b33ce1ca3b17">
          <Coords points="2988,4121 3017,4120 3068,4120 3096,4119 3098,4164 3068,4165 3018,4165 2989,4166"/>
          <TextEquiv>
            <Unicode>p=l</Unicode>
          </TextEquiv>
        </Word>
        <Word id="word_2c906134-0842-4569-b175-453274270623">
          <Coords points="3132,4117 3167,4116 3217,4114 3267,4112 3309,4105 3315,4150 3268,4157 3218,4159 3168,4161 3134,4162"/>
          <TextEquiv>
            <Unicode>rouwe</Unicode>
          </TextEquiv>
        </Word>
        <TextEquiv conf="0.926815458045504">
          <Unicode>is te weten so van Nankin als Hocceo 1174 p=l rouwe</Unicode>
        </TextEquiv>
        <TextStyle xHeight="39"/>
      </TextLine>
      <TextLine id="cc30fc2e-8c45-4703-b3c5-89259e8eae89">
        <Coords points="1423,4176 1452,4176 1477,4196 1558,4236 1573,4225 1692,4225 1705,4212 1721,4212 1745,4229 1853,4229 1865,4220 1941,4216 1977,4181 2022,4181 2065,4217 2153,4217 2173,4209 2217,4208 2253,4225 2441,4220 2493,4224 2517,4236 2565,4236 2589,4213 2621,4213 2657,4180 2677,4180 2712,4197 2728,4185 3001,4185 3025,4165 3046,4162 3073,4176 3189,4176 3225,4188 3253,4188 3265,4200 3308,4201 3332,4185 3382,4188 3382,4268 3333,4265 3253,4290 3134,4281 2769,4294 2721,4342 2705,4342 2685,4362 2637,4353 2593,4317 2549,4317 2532,4330 2515,4329 2480,4299 2357,4305 2321,4330 2255,4338 2186,4282 2112,4338 1837,4337 1809,4317 1790,4314 1757,4318 1749,4326 1701,4326 1681,4309 1621,4309 1537,4313 1509,4338 1472,4346 1423,4321"/>
        <Baseline points="1463,4293 1513,4290 1563,4289 1613,4287 1663,4286 1713,4286 1763,4285 1813,4284 1863,4283 1913,4283 1963,4281 2013,4280 2063,4279 2113,4276 2163,4275 2213,4275 2263,4275 2313,4274 2363,4274 2413,4274 2463,4274 2513,4274 2563,4275 2613,4274 2663,4274 2713,4272 2763,4272 2813,4271 2863,4270 2913,4269 2963,4266 3013,4262 3063,4260 3113,4258 3163,4257 3213,4255 3263,4252 3313,4249 3343,4248"/>
        <Word id="word_c724f6c2-44eb-4292-b680-dd169d7a214a">
          <Coords points="1461,4258 1511,4255 1562,4254 1612,4252 1622,4252 1622,4297 1613,4297 1563,4299 1514,4300 1464,4303"/>
          <TextEquiv>
            <Unicode>sijde</Unicode>
          </TextEquiv>
        </Word>
        <Word id="word_639eb509-d193-46f6-ba48-e8f5881401e9">
          <Coords points="1653,4251 1662,4251 1713,4251 1762,4250 1781,4250 1782,4295 1763,4295 1713,4296 1663,4296 1654,4296"/>
          <TextEquiv>
            <Unicode>ende</Unicode>
          </TextEquiv>
        </Word>
        <Word id="word_02efd48f-a7a2-4ae3-b875-099aed7441b3">
          <Coords points="1813,4249 1862,4248 1877,4248 1877,4293 1863,4293 1814,4294"/>
          <TextEquiv>
            <Unicode>98</Unicode>
          </TextEquiv>
        </Word>
        <Word id="word_0a812f09-6239-472f-bfdd-d12daf363e8a">
          <Coords points="1909,4248 1913,4248 1962,4246 2004,4245 2005,4290 1963,4291 1913,4293 1909,4293"/>
          <TextEquiv>
            <Unicode>p=s</Unicode>
          </TextEquiv>
        </Word>
        <Word id="word_7dcd7715-99e0-456c-ba7e-c7c50156174f">
          <Coords points="2036,4245 2062,4244 2111,4241 2162,4240 2213,4240 2228,4240 2228,4285 2213,4285 2163,4285 2114,4286 2063,4289 2037,4290"/>
          <TextEquiv>
            <Unicode>bogij,</Unicode>
          </TextEquiv>
        </Word>
        <Word id="word_19b29665-af07-490d-b720-d25773cc58f0">
          <Coords points="2260,4240 2263,4240 2312,4239 2363,4239 2413,4239 2463,4239 2513,4239 2547,4240 2546,4285 2513,4284 2463,4284 2413,4284 2363,4284 2313,4284 2263,4285 2260,4285"/>
          <TextEquiv>
            <Unicode>derhalven</Unicode>
          </TextEquiv>
        </Word>
        <Word id="word_9d65b3d3-2e43-4c24-8c98-09bd82db4fbb">
          <Coords points="2577,4240 2612,4239 2663,4239 2705,4237 2706,4282 2663,4284 2613,4284 2579,4285"/>
          <TextEquiv>
            <Unicode>niet</Unicode>
          </TextEquiv>
        </Word>
        <Word id="word_96e2a525-3cc9-4e91-8d15-6f4698b8a597">
          <Coords points="2739,4236 2764,4237 2812,4236 2862,4235 2865,4235 2866,4280 2863,4280 2813,4281 2763,4282 2737,4281"/>
          <TextEquiv>
            <Unicode>seer</Unicode>
          </TextEquiv>
        </Word>
        <Word id="word_606b9b1d-9b3d-49cd-bd65-85e215928470">
          <Coords points="2896,4234 2912,4234 2959,4231 2961,4276 2913,4279 2897,4279"/>
          <TextEquiv>
            <Unicode>te</Unicode>
          </TextEquiv>
        </Word>
        <Word id="word_6aa57f7e-e46d-4c1e-97d2-befd9df14fca">
          <Coords points="2989,4229 3009,4227 3062,4225 3112,4223 3162,4222 3212,4220 3261,4217 3311,4214 3342,4213 3343,4258 3314,4259 3264,4262 3213,4265 3163,4267 3113,4268 3063,4270 3014,4272 2994,4274"/>
          <TextEquiv>
            <Unicode>verwonderen</Unicode>
          </TextEquiv>
        </Word>
        <TextEquiv conf="0.9163736405484297">
          <Unicode>sijde ende 98 p=s bogij, derhalven niet seer te verwonderen</Unicode>
        </TextEquiv>
        <TextStyle xHeight="39"/>
      </TextLine>
      <TextLine id="line_6360441a-aa9c-46e9-9936-00972dce8175">
        <Coords points="1420,4321 1471,4346 1494,4346 1530,4318 1618,4309 1681,4309 1702,4326 1750,4326 1758,4318 1791,4314 1818,4321 1834,4337 2112,4338 2186,4282 2255,4338 2321,4330 2357,4305 2480,4299 2515,4329 2532,4330 2549,4317 2593,4317 2637,4353 2685,4362 2705,4342 2721,4342 2769,4294 2952,4285 3268,4290 3280,4278 3308,4278 3324,4269 3381,4326 3381,4407 3364,4407 3329,4433 3160,4425 3108,4473 3016,4468 2992,4477 2733,4477 2721,4489 2481,4493 2309,4505 1420,4505"/>
        <Baseline points="1460,4412 1510,4408 1560,4404 1610,4403 1660,4401 1710,4400 1760,4398 1810,4398 1860,4396 1910,4396 1960,4394 2010,4393 2060,4392 2110,4390 2160,4388 2210,4387 2260,4386 2310,4385 2360,4384 2410,4384 2460,4384 2510,4386 2560,4389 2610,4391 2660,4392 2710,4393 2760,4393 2810,4393 2860,4392 2910,4392 2960,4392 3010,4393 3060,4392 3110,4391 3160,4390 3210,4391 3260,4391 3310,4390 3342,4387"/>
        <Word id="word_e47d25fa-8f63-4a6a-98b2-9ef9c03dcc91">
          <Coords points="1457,4377 1507,4373 1521,4372 1524,4417 1511,4418 1461,4422"/>
          <TextEquiv>
            <Unicode>de</Unicode>
          </TextEquiv>
        </Word>
        <Word id="word_1fba305b-c45c-401c-a663-4a0a4332d43d">
          <Coords points="1553,4369 1557,4369 1609,4368 1659,4366 1709,4365 1714,4365 1715,4410 1710,4410 1660,4411 1610,4413 1561,4414 1556,4414"/>
          <TextEquiv>
            <Unicode>sijde</Unicode>
          </TextEquiv>
        </Word>
        <Word id="word_fa832153-79dd-48e1-a64b-8f0673aef202">
          <Coords points="1745,4364 1759,4363 1810,4363 1859,4361 1874,4361 1874,4406 1860,4406 1810,4408 1760,4408 1747,4409"/>
          <TextEquiv>
            <Unicode>ende</Unicode>
          </TextEquiv>
        </Word>
        <Word id="word_ce58d774-68dc-4487-8615-9e70b23397b6">
          <Coords points="1906,4361 1910,4361 1959,4359 2009,4358 2059,4357 2064,4357 2066,4402 2060,4402 2010,4403 1960,4404 1910,4406 1906,4406"/>
          <TextEquiv>
            <Unicode>sijde</Unicode>
          </TextEquiv>
        </Word>
        <Word id="word_84258e00-84e4-48b0-9caf-09d9a46bf9c3">
          <Coords points="2096,4356 2109,4355 2159,4353 2209,4352 2259,4351 2309,4350 2359,4349 2410,4349 2449,4349 2449,4394 2410,4394 2360,4394 2310,4395 2260,4396 2210,4397 2160,4398 2110,4400 2098,4400"/>
          <TextEquiv>
            <Unicode>stucwercken</Unicode>
          </TextEquiv>
        </Word>
        <Word id="word_5490240a-9ee0-4700-a333-a1b0d968cf60">
          <Coords points="2483,4349 2512,4351 2562,4354 2578,4355 2576,4400 2559,4399 2509,4396 2480,4394"/>
          <TextEquiv>
            <Unicode>den</Unicode>
          </TextEquiv>
        </Word>
        <Word id="word_602d361d-59bd-430b-8bfb-444d51b2c2fe">
          <Coords points="2610,4356 2611,4356 2661,4357 2711,4358 2736,4358 2736,4403 2710,4403 2660,4402 2610,4401 2608,4401"/>
          <TextEquiv>
            <Unicode>voor</Unicode>
          </TextEquiv>
        </Word>
        <Word id="word_9e2217db-64e9-4b47-a662-2292e47c5691">
          <Coords points="2768,4358 2810,4358 2859,4357 2910,4357 2960,4357 2992,4358 2991,4403 2960,4402 2910,4402 2860,4402 2810,4403 2768,4403"/>
          <TextEquiv>
            <Unicode>Jarigen</Unicode>
          </TextEquiv>
        </Word>
        <Word id="word_1f0348ea-82d2-4785-87d1-2b08cafd37a6">
          <Coords points="3022,4358 3059,4357 3109,4356 3159,4355 3183,4355 3182,4400 3160,4400 3110,4401 3060,4402 3023,4403"/>
          <TextEquiv>
            <Unicode>prijs</Unicode>
          </TextEquiv>
        </Word>
        <Word id="word_6f0b1fbb-62ce-4055-ac44-0f80afd1b01b">
          <Coords points="3214,4356 3260,4356 3309,4355 3339,4352 3343,4397 3310,4400 3260,4401 3214,4401"/>
          <TextEquiv>
            <Unicode>niet</Unicode>
          </TextEquiv>
        </Word>
        <TextEquiv conf="0.9340414541334149">
          <Unicode>de sijde ende sijde stucwercken den voor Jarigen prijs niet</Unicode>
        </TextEquiv>
        <TextStyle xHeight="56"/>
      </TextLine>
    </TextRegion>
    <TextRegion id="region_b1a0bbb8-61f4-4683-964a-8ad3eb2b2aad_3" custom="structure {type:paragraph;}">
      <Coords points="2044,796 2044,793 2034,782 2030,782 2023,775 2020,775 2016,772 2013,772 2009,768 1943,768 1940,772 1916,772 1912,775 1902,775 1898,779 1888,779 1884,782 1811,782 1808,786 1790,786 1787,789 1780,789 1787,789 1790,793 1794,793 1797,796 1822,796 1825,800 1846,800 1850,803 1860,803 1863,807 1877,807 1881,810 1895,810 1898,814 1909,814 1912,810 1964,810 1968,807 1996,807 1999,803 2016,803 2020,800 2037,800 2041,796"/>
    </TextRegion>
    <TextRegion id="region_9ab8be3d-caf1-41f1-82ea-89137ede4ce1_4" custom="structure {type:catch-word;}">
      <Coords points="3317,4482 3313,4478 3313,4471 3310,4468 3310,4461 3306,4457 3306,4454 3303,4450 3303,4447 3299,4443 3296,4443 3289,4436 3278,4436 3275,4433 3219,4433 3216,4436 3212,4436 3209,4440 3202,4440 3198,4443 3185,4443 3181,4447 3136,4447 3132,4443 3063,4443 3059,4447 3045,4447 3042,4450 3035,4450 3025,4461 3025,4468 3021,4471 3021,4499 3025,4502 3025,4506 3028,4509 3028,4513 3035,4520 3039,4520 3045,4527 3049,4527 3052,4530 3066,4530 3070,4534 3115,4534 3118,4537 3122,4537 3125,4534 3139,4534 3143,4537 3157,4537 3160,4541 3178,4541 3181,4544 3191,4544 3195,4548 3202,4548 3205,4551 3209,4551 3212,4555 3223,4555 3226,4558 3254,4558 3258,4555 3261,4555 3264,4551 3268,4551 3271,4548 3275,4548 3299,4523 3299,4520 3306,4513 3306,4509 3310,4506 3310,4502 3313,4499 3313,4488 3317,4485"/>
      <TextLine id="b4d90f29-d157-4b90-8f3c-84fe51abd842">
        <Coords points="2992,4477 3014,4468 3253,4477 3269,4469 3317,4467 3338,4453 3338,4533 3313,4551 3169,4551 3122,4563 2992,4563"/>
        <Baseline points="3032,4506 3082,4505 3132,4507 3182,4510 3232,4513 3282,4514 3299,4513"/>
        <Word id="word_0a54ad72-9b0d-4763-a8a7-e9ccd5281d7b">
          <Coords points="3031,4471 3081,4470 3133,4472 3184,4475 3234,4478 3283,4479 3297,4478 3300,4523 3282,4524 3231,4523 3181,4520 3132,4517 3082,4515 3032,4516"/>
          <TextEquiv>
            <Unicode>mogen</Unicode>
          </TextEquiv>
        </Word>
        <TextEquiv conf="0.9559652381736213">
          <Unicode>mogen</Unicode>
        </TextEquiv>
        <TextStyle xHeight="32"/>
      </TextLine>
    </TextRegion>
    <TextRegion id="f1126749-2d33-40cd-bd74-75f585654063">
      <Coords points="762,286 1269,286 1269,320 762,320"/>
      <TextLine id="line_112a8744-52f2-40ae-8c64-973831ab43c8">
        <Coords points="726,276 735,276 773,240 846,211 891,224 931,224 944,211 992,212 1043,236 1079,212 1121,199 1178,248 1210,216 1228,213 1278,255 1290,256 1307,238 1307,318 1285,327 1260,351 1223,356 1212,366 1202,360 1157,395 1075,395 1044,423 939,431 898,431 881,414 859,415 851,407 828,419 815,410 726,415"/>
        <Baseline points="766,314 816,314 866,310 916,305 966,304 1016,303 1066,300 1116,299 1166,299 1216,298 1266,298 1268,298"/>
        <Word id="word_d987151b-3ef3-46dc-8cfe-51e64fe78e33">
          <Coords points="766,279 816,279 863,275 913,270 944,269 945,314 917,315 867,320 816,324 766,324"/>
          <TextEquiv>
            <Unicode>Julio</Unicode>
          </TextEquiv>
        </Word>
        <Word id="word_3238b20d-f19e-47b5-bb16-ae240f1c63bd">
          <Coords points="980,269 1015,268 1064,265 1088,265 1089,310 1067,310 1016,313 981,314"/>
          <TextEquiv>
            <Unicode>ao.</Unicode>
          </TextEquiv>
        </Word>
        <Word id="word_cd2f801a-d8ce-4beb-a027-278efc98f2d1">
          <Coords points="1125,264 1166,264 1215,263 1266,263 1268,263 1268,308 1266,308 1216,308 1166,309 1124,309"/>
          <TextEquiv>
            <Unicode>1696</Unicode>
          </TextEquiv>
        </Word>
        <TextEquiv conf="0.7854473716823458">
          <Unicode>Julio ao. 1696</Unicode>
        </TextEquiv>
        <TextStyle xHeight="68"/>
      </TextLine>
    </TextRegion>
    <TextRegion id="region_15f77a97-5073-47a1-9f4d-0158343bb726">
      <Coords points="1463,892 1886,892 1886,915 1463,915"/>
      <TextLine id="line_3b0bca10-a401-4dac-a826-19c7b65dedf6">
        <Coords points="1424,842 1745,843 1753,835 1777,834 1831,874 1853,866 1873,847 1922,848 1922,928 1424,941"/>
        <Baseline points="1464,897 1514,901 1564,902 1614,903 1664,904 1714,902 1764,902 1814,905 1864,907 1883,908"/>
        <Word id="word_e1cf7f3f-4ab2-432d-9898-836820c2bd18">
          <Coords points="1467,862 1517,866 1565,867 1615,868 1665,869 1713,867 1764,867 1816,870 1865,872 1885,873 1882,918 1864,917 1813,915 1764,912 1714,912 1664,914 1614,913 1564,912 1513,911 1463,907"/>
          <TextEquiv>
            <Unicode>wva</Unicode>
          </TextEquiv>
        </Word>
        <TextEquiv conf="0.11598074840804086">
          <Unicode>wva</Unicode>
        </TextEquiv>
        <TextStyle xHeight="37"/>
      </TextLine>
    </TextRegion>
    <TextRegion id="region_5da268a3-a710-4095-881c-94da64bba22f">
      <Coords points="1942,589 2225,589 2225,618 1942,618"/>
      <TextLine id="line_699bcae5-1125-43a5-a5ae-8d4016e2fb94">
        <Coords points="1905,555 1921,559 1976,547 1998,552 2014,536 2148,523 2185,523 2201,539 2262,542 2262,623 2074,619 2042,612 2034,620 1983,620 1967,636 1905,635"/>
        <Baseline points="1945,606 1995,606 2045,604 2095,604 2145,603 2195,602 2223,603"/>
        <Word id="word_055ae413-7b3c-43db-a99b-d36b54ee7fc6">
          <Coords points="1945,571 1995,571 2044,569 2095,569 2144,568 2194,567 2224,568 2223,613 2195,612 2145,613 2095,614 2045,614 1995,616 1945,616"/>
          <TextEquiv>
            <Unicode>pie</Unicode>
          </TextEquiv>
        </Word>
        <TextEquiv conf="0.7913070247453734">
          <Unicode>pie</Unicode>
        </TextEquiv>
        <TextStyle xHeight="44"/>
      </TextLine>
    </TextRegion>
    <TextRegion id="de57ba9b-e5d9-4ab1-86f1-13ea4044420a">
      <Coords points="1922,464 2397,464 2397,500 1922,500"/>
      <TextLine id="line_72643191-4d71-4fd7-beae-1105292c3916">
        <Coords points="1882,449 1919,449 1932,437 1991,429 2049,403 2151,413 2162,405 2213,401 2252,376 2262,380 2287,369 2322,400 2365,396 2381,412 2434,420 2434,501 2393,501 2346,547 2314,568 2271,583 2186,524 2011,536 2003,528 1956,528 1945,517 1915,513 1899,529 1882,528"/>
        <Baseline points="1922,472 1972,478 2022,479 2072,480 2122,480 2172,481 2222,483 2272,485 2322,486 2372,485 2395,481"/>
        <Word id="word_e2926a3b-0ade-444f-a671-16d5b543c370">
          <Coords points="1926,437 1976,443 2023,444 2073,445 2122,445 2173,446 2223,448 2273,450 2323,451 2371,450 2389,447 2397,491 2372,495 2322,496 2272,495 2222,493 2172,491 2122,490 2072,490 2022,489 1971,488 1921,482"/>
          <TextEquiv>
            <Unicode>Jonckem</Unicode>
          </TextEquiv>
        </Word>
        <TextEquiv conf="0.8966438772755722">
          <Unicode>Jonckem</Unicode>
        </TextEquiv>
        <TextStyle xHeight="59"/>
      </TextLine>
    </TextRegion>
    <TextRegion id="a7c6e78a-bbba-441f-bb86-f3b87f797dea">
      <Coords points="2942,470 3198,470 3198,500 2942,500"/>
      <TextLine id="line_36540d43-b51a-4818-ac7e-7f6849e2ba12">
        <Coords points="2902,333 2932,329 2948,342 2988,342 3037,326 3067,352 3081,351 3112,381 3120,378 3138,389 3170,417 3198,413 3207,404 3233,430 3231,514 3219,507 3212,514 3160,509 3148,518 3129,518 3113,510 3078,518 3064,509 2980,514 2939,508 2924,518 2902,518"/>
        <Baseline points="2942,481 2992,484 3042,486 3092,485 3142,486 3192,490 3194,491"/>
        <Word id="word_9620815c-0bce-4820-9755-adf7c1a560b4">
          <Coords points="2944,446 2994,449 3043,451 3091,450 3143,451 3195,455 3210,460 3191,500 3190,500 3142,496 3092,495 3042,496 2991,494 2941,491"/>
          <TextEquiv>
            <Unicode>1641</Unicode>
          </TextEquiv>
        </Word>
        <TextEquiv conf="0.8257775637982273">
          <Unicode>1641</Unicode>
        </TextEquiv>
        <TextStyle xHeight="74"/>
      </TextLine>
    </TextRegion>
  </Page>
</PcGts>
