3573 4958
693 323 868 381 Tunno
901 319 971 366 ao
1004 315 1146 364 1646

626 485 742 534 adij
769 482 884 529 10:e
913 481 999 527 d:o
1027 479 1085 525 is
1112 477 1200 523 een
1228 478 1401 526 Jongen
1427 482 1515 530 van
1542 486 1829 537 Hoillegers
1857 493 2000 539 bergh
2028 494 2259 549 genaempt
2285 506 2600 570 Janalbertsz
2628 526 2715 574 van
2742 530 3000 578 Rotterdam

934 589 1175 635 overleden
1201 590 1390 642 vorders
1416 598 1525 647 niet
1550 603 1711 651 anders
1738 606 2087 663 voorgevallen,
2112 619 2195 667 als
2219 623 2303 672 dat
2326 630 2383 679 de
2407 636 2701 695 affgebaande
2728 650 2889 700 pagger

917 704 1242 755 wederlieten
1269 709 1533 762 repareren
1561 719 1678 769 ende
1706 725 1941 773 ongeveer
1969 729 2086 774 nogh
2115 730 2233 777 vier
2260 734 2467 792 stadien
2493 750 2816 810 achterwarts
2842 766 2960 817 uijt

924 823 1121 870 setten
1153 826 1252 873 met
1283 828 1545 885 licentie
1576 841 1773 892 vanden
1804 848 2001 896 Prince
2032 852 2296 907 duckongh
2325 865 2424 912 tho
2455 868 2620 921 wiens
2650 877 2881 937 Erffhet
2911 894 2983 941 is

732 953 848 998 adij
876 954 964 1001 1:'
992 955 1079 1001 d:o
1107 955 1426 1007 warenbesigh
1453 963 1541 1010 mes
1568 967 1771 1014 partije
1799 968 2032 1020 kassenen
2059 976 2233 1030 packen
2261 986 2348 1033 syj
2376 989 2436 1036 de
2463 992 2839 1053 stuckgoederen
2866 1008 2983 1057 ende

888 1073 1133 1120 hittouw
1167 1075 1343 1122 affte
1377 1078 1624 1129 Schepen
1657 1086 1832 1133 inden
1867 1088 2007 1133 Heer

737 1185 817 1231 adn
841 1187 946 1234 12:'
971 1190 1050 1237 d:o
1076 1193 1208 1242 heten
1231 1199 1416 1250 partije
1440 1206 1702 1258 ingekochte
1727 1214 1858 1261 sijde
1883 1217 2040 1266 (synde
2065 1222 2146 1268 tot
2169 1225 2301 1277 heden
2326 1233 2432 1282 maer
2456 1238 2535 1286 200
2560 1242 2639 1288 p:l
2664 1244 2848 1297 packen,
2873 1253 2977 1303 ende

918 1308 1189 1362 verstonden
1214 1318 1297 1366 dat
1322 1322 1377 1369 de
1403 1325 1567 1376 maij:t
1592 1332 1702 1381 twee
1727 1337 1808 1383 van
1835 1338 1917 1385 syn
1943 1341 2159 1388 grootste
2185 1341 2457 1392 schrijvers
2482 1349 2537 1395 in
2564 1350 2808 1405 ambassade
2832 1361 2969 1411 hadde

916 1411 977 1461 op
1003 1418 1237 1470 gesonden
1265 1426 1412 1477 naden
1439 1433 1674 1491 Chinesen
1699 1449 1934 1504 Combongh
1961 1460 2021 1509 op
2048 1465 2370 1518 duijtterste
2396 1475 2600 1525 eijnden
2628 1480 2716 1528 van
2745 1483 2891 1530 China
2919 1486 3041 1535 aen—

906 1535 1027 1582 dese
1055 1538 1476 1597 toncquinseland
1504 1553 1894 1615 palenleggende
1923 1570 2194 1626 (welckers
2222 1583 2583 1638 Ambassedeirs
2612 1593 2732 1643 anno
2761 1598 3001 1650 passado,

904 1647 1021 1694 hier
1049 1650 1226 1702 hadden
1253 1658 1489 1713 geweest)
1515 1670 1777 1725 teneijnde
1806 1680 1896 1728 bij
1923 1685 2186 1740 denselven
2214 1695 2506 1751 tevernemen
2534 1706 2622 1752 off
2651 1707 2768 1753 dese
2796 1709 2916 1755 niet

875 1771 1146 1818 Verhaelde
1176 1774 1418 1827 Joncquen
1446 1783 1659 1836 gekomen
1686 1793 1899 1845 legaten
1927 1801 2109 1850 gelijk
2137 1806 2410 1858 voorgaven
2438 1815 2560 1863 door
2588 1819 2740 1866 Iquan
2769 1822 2890 1871 uijt
2920 1826 3012 1875 den

909 1890 1040 1936 name
1070 1892 1266 1942 vanden
1296 1899 1525 1952 Coningh
1554 1909 1653 1957 van
1683 1913 1845 1964 China
1877 1918 2007 1965 oocg
2039 1921 2459 1975 gesondenwaren
2491 1930 2589 1976 dan
2620 1931 2717 1980 off
2750 1935 2912 1985 sulcx
2943 1941 3043 1991 wel

901 2010 1078 2059 mochte
1106 2013 1255 2059 wesen
1282 2015 1459 2065 Iquans
1487 2021 1898 2081 eijgenbedrijff
1926 2036 2366 2091 buijtenkennisse
2395 2047 2484 2094 van
2512 2050 2659 2098 sijne
2688 2054 3040 2110 Conincklijk:

882 2140 1068 2186 mayj:t
1097 2143 1343 2193 blyvende
1374 2148 1589 2199 deselve
1619 2155 2020 2209 ondertusschen
2049 2166 2173 2214 vast
2203 2169 2358 2220 nauwb
2387 2177 2602 2226 bewaert
2633 2181 2726 2227 tot
2755 2182 2944 2230 voors.

891 2272 1303 2320 gedeputeerden
1334 2276 1840 2334 aendenverhaelden
1869 2290 2124 2341 Combongh
2154 2296 2250 2346 met
2281 2302 2376 2351 hun
2406 2306 2629 2359 kapport
2659 2315 2849 2365 sullen
2880 2321 3040 2374 gere„

869 2408 1259 2457 tourneert
1300 2412 1604 2466 wesen,—

505 2552 584 2601 Op
622 2550 777 2598 dato
814 2550 932 2597 den
968 2546 1279 2593 Japander
1316 2549 1779 2601 kisemondonne
1818 2556 2050 2610 tonsen
2087 2566 2320 2614 huijse
2358 2570 2628 2619 wesende
2666 2575 3019 2628 beneffens

881 2653 1048 2704 eenige
1076 2659 1215 2708 zijde
1241 2663 1436 2710 Coopl:k
1463 2666 1657 2713 (welcke
1684 2669 1934 2715 claechden
1961 2671 2072 2717 geen
2099 2672 2211 2722 syde
2237 2677 2294 2724 op
2320 2680 2377 2726 de
2403 2681 2598 2729 basaars
2625 2685 2681 2731 te
2707 2687 2874 2736 crygen
2901 2692 3012 2741 was)

881 2771 1037 2821 wiste
1067 2774 1131 2820 te
1161 2773 1412 2824 verhalen
1442 2779 1630 2825 vanden
1660 2780 1848 2827 Capado
1878 2783 2097 2834 ongaton
2128 2790 2377 2839 verstaen
2408 2794 2471 2841 te
2501 2796 2690 2845 hebben
2720 2802 2815 2849 dat
2844 2806 2943 2856 den

885 2902 1085 2950 Coningh
1111 2904 1255 2951 hadde
1283 2904 1426 2952 laten
1451 2904 1795 2952 Interdiceren
1823 2906 1908 2952 aen
1936 2907 2051 2956 alle
2079 2912 2222 2959 sijde
2249 2916 2449 2965 basaars
2477 2919 2591 2966 ende
2619 2920 2791 2969 dorpen
2818 2924 3018 2974 nemandt

875 3026 991 3073 sigh
1019 3029 1306 3080 werstouten
1333 3033 1477 3080 soude
1506 3033 1678 3079 eenige
1707 3033 1821 3079 syde
1849 3034 1907 3080 te
1936 3035 2194 3082 vercoopen
2222 3037 2365 3083 aende
2393 3038 2710 3088 voorcoopers
2738 3043 2852 3089 maer
2881 3044 2967 3090 die

1992 3112 2052 3162 ta

874 3154 1024 3202 alle
1060 3157 1136 3204 op
1173 3159 1435 3205 brengen
1472 3160 1585 3206 aen
1621 3159 1772 3205 sijn
1805 3157 2108 3207 Hoogh„ts
2145 3157 2669 3209 Gecommitteerde
2705 3164 2857 3213 daer
2893 3169 3005 3215 toe

871 3279 965 3325 uyt
994 3281 1244 3333 gesonden
1273 3289 1366 3337 tot
1397 3290 1490 3336 soo
1520 3290 1645 3335 veel
1676 3289 1985 3338 ingesamelt
2016 3293 2233 3340 hebben,
2264 3294 2357 3340 dat
2387 3293 2449 3339 de
2480 3293 2853 3342 nederlanders
2883 3297 3045 3350 conde

842 3417 1087 3467 voldoen,
1117 3421 1240 3468 waer
1270 3421 1393 3467 door
1423 3422 1546 3468 dien
1576 3423 1760 3470 handel
1790 3425 2097 3479 wederbijna
2127 3435 2189 3481 in
2218 3436 2495 3484 stilstand
2525 3438 2710 3488 blijft

636 3537 732 3588 Soo
758 3546 1189 3606 verstondenoocq
1219 3562 1403 3608 voorde
1434 3563 1648 3609 waerh:t
1678 3561 1771 3608 dat
1801 3561 1925 3611 sijn
1955 3568 2079 3616 gem:
2107 3571 2293 3617 Maij:t
2322 3573 2539 3622 hondert
2568 3578 2722 3629 vande
2752 3584 2999 3635 Chinesen

881 3671 980 3723 uit
1008 3680 1073 3726 de
1103 3681 1357 3731 Joncquen
1389 3686 1547 3732 soude
1579 3687 1706 3733 doen
1737 3689 1865 3738 opde
1895 3695 2024 3744 sand
2053 3699 2213 3746 plaet
2244 3701 2403 3748 comen
2434 3703 2657 3754 hebben,
2687 3710 2783 3757 met
2814 3713 2973 3760 alhun

871 3782 1025 3834 goet,
1054 3790 1148 3838 uyt
1177 3794 1361 3844 welcke
1390 3799 1514 3849 sijn
1541 3803 1758 3850 gadinge
1788 3805 1943 3855 hadde
1971 3812 2309 3871 latennemen:
2338 3827 2430 3873 met
2461 3828 2675 3874 belofte
2706 3829 2797 3875 van
2828 3830 2981 3877 goede

865 3905 1120 3956 betalinge
1147 3912 1205 3958 in
1231 3915 1428 3966 corten,
1456 3921 1569 3966 ende
1596 3922 1682 3969 wel
1709 3925 2076 3978 exparesselijk
2102 3933 2357 3988 vorderen,
2383 3944 2498 3993 voor
2523 3949 2609 3996 den
2634 3950 2805 3999 bevele
2833 3954 2976 4001 maken

2656 4075 2856 4124 souden

2813 309 2992 363 727
