3403 5142
2979 219 3132 270 802

895 351 1032 398 ofte
1065 352 1200 399 geen
1233 355 1571 400 restitutie
1605 355 1672 401 te
1706 356 2044 406 verwachten
2077 362 2179 408 sal
2211 362 2381 409 sijn,
2414 363 2753 410 d'oncosten
2786 364 2888 410 van
2921 363 3229 412 toupassen

893 437 1096 483 pions,
1129 437 1197 483 't
1231 438 1468 484 opmaken
1501 440 1602 486 van
1636 441 1737 486 twe
1771 441 2143 492 renduijten,
2176 448 2277 495 als
2311 450 2548 498 anders,
2581 453 2683 499 tot
2716 452 2987 499 defentie
3020 451 3156 497 ende
3189 451 3223 497 —

880 526 1289 578 seguriteijt
1326 526 1438 572 van
1475 526 1623 572 dese
1661 527 1884 572 plaets
1921 528 2145 575 nodich
2181 531 2442 581 alreede
2478 537 2850 585 verstrect,
2887 538 3036 584 ende
3073 538 3224 586 noch

877 621 955 668 te
991 615 1452 664 verstrecken,
1489 615 1719 662 werden
1756 613 1872 660 bij
1909 613 2217 662 provisie
2252 616 2370 663 tot
2406 618 2598 664 nader
2636 619 3019 666 uijtcomste
3057 620 3173 666 van

871 711 1090 761 saeken
1125 709 1271 756 uijt
1307 707 1561 754 d'stats
1597 706 1815 752 tollen
1850 706 1996 752 ende
2032 706 2576 754 gerechticheden,
2613 708 2904 754 sooverre
2939 708 3048 754 die
3083 705 3232 753 cun„

889 803 1004 850 nen
1040 794 1495 847 toereijcken,
1533 793 1684 839 ende
1720 792 1797 838 't
1834 790 2289 837 mancquerende
2326 790 2478 836 uijt
2513 790 2591 836 't
2629 789 2931 835 vermogen
2967 787 3083 834 der
3119 787 3158 833 —

883 883 1345 937 Ingesetenen
1386 878 1848 929 gefurneert,
1889 875 2058 922 doch
2100 875 2310 921 heeft
2351 876 2478 923 d'E
2517 875 2729 923 Compe
2768 872 2940 920 daer
2981 869 3236 918 tegens

885 982 963 1028 nu
1000 978 1118 1025 een
1155 972 1467 1023 swaerder
1504 968 1932 1017 Guarnisoen,
1971 966 2126 1013 mits
2165 965 2592 1012 d'veijschte
2630 962 3019 1011 besettinge
3056 956 3252 1007 alom„

877 1072 989 1120 me,
1023 1067 1136 1115 als
1169 1062 1282 1109 wel
1318 1058 1465 1106 voor
1501 1055 1686 1103 desen
1722 1055 1796 1100 't
1832 1052 2273 1099 onderhouden,
2308 1049 2530 1098 sijnde
2566 1044 3045 1093 jegenwoordich
3080 1039 3228 1088 alle

889 1148 1388 1205 d'passagien,
1429 1145 1555 1193 wel
1596 1138 2012 1189 enichsints
2053 1137 2262 1183 weder
2303 1137 2637 1185 g'opent,
2677 1133 2844 1181 maer
2886 1130 3053 1178 omme
3094 1128 3219 1174 den

877 1231 1105 1281 handel
1143 1230 1219 1276 te
1257 1224 1638 1275 vervolgen,
1675 1220 1828 1268 ende
1866 1220 2133 1267 s'Compe
2170 1222 2512 1268 capitalen
2549 1218 2703 1267 wijt
2740 1216 2893 1263 ende
2931 1214 3083 1261 sijt
3121 1213 3197 1260 te

887 1309 1423 1360 distribueren,
1462 1304 1589 1354 int
1628 1296 1877 1347 minste
1918 1295 2083 1342 noch
2125 1297 2290 1344 geen
2331 1297 2950 1346 verseeckeringh,
2990 1291 3157 1341 noch

886 1395 1313 1451 vertrouwen,
1351 1393 1429 1439 te
1465 1387 1621 1437 meer
1659 1383 1737 1430 't
1774 1380 2315 1428 golcondaetsche
2352 1382 2546 1428 leger
2584 1378 2777 1426 onder
2815 1377 2893 1423 't
2931 1373 3207 1422 beleijt

893 1487 1134 1540 vanden
1171 1481 1333 1531 heer
1371 1467 1773 1525 Miersumela
1811 1464 1932 1512 tot
1972 1463 2172 1510 boven
2212 1465 2571 1512 Calitoure
2610 1461 2771 1510 ende
2811 1457 3051 1506 Neloer
3090 1452 3255 1501 rede

887 1567 1072 1624 weder
1106 1555 1543 1610 ingetrocken,
1579 1550 1725 1599 ende
1760 1546 2160 1595 oudegierij,
2196 1544 2415 1591 eender
2451 1538 2923 1588 principaelste
2958 1530 3252 1583 strecten

897 1646 1251 1712 (dewaerts
1289 1637 1601 1690 Chinanna
1639 1636 1834 1683 Corts
1872 1636 1950 1682 te
1988 1633 2261 1680 vooren,
2299 1630 2455 1677 ende
2493 1627 2649 1674 naer
2683 1618 2960 1672 ontrent
2999 1617 3155 1663 d'14
3192 1615 3235 1663 a

902 1739 1096 1797 15000
1130 1725 1438 1783 pardauws
1476 1723 1553 1769 in
1587 1714 1972 1767 schencagie
2009 1710 2239 1758 aenden
2276 1710 2544 1758 Coninck
2582 1708 2734 1756 ende
2770 1701 3001 1753 sijnen
3039 1699 3231 1746 raden

903 1821 1015 1868 bij
1050 1817 1163 1864 hem
1199 1807 1609 1861 gegasteert,
1644 1803 1794 1850 omme
1829 1796 2351 1847 t'gouvernement
2388 1795 2462 1841 te
2500 1791 2834 1840 becleden,
2870 1789 3020 1836 mits
3057 1787 3168 1833 die
3204 1786 3246 1835 —

894 1899 1163 1956 plaetse
1200 1893 1505 1943 gehouden
1542 1886 1772 1937 bleeff
1808 1883 1923 1930 van
1960 1882 2152 1928 volck
2189 1881 2532 1927 provisie,
2568 1879 2722 1926 ende
2758 1874 2988 1923 andere
3025 1870 3220 1919 noot„

895 1980 1349 2037 wendicheden,
1385 1975 1500 2023 ten
1536 1967 1801 2018 genouge
1838 1965 1914 2011 te
1952 1962 2329 2009 versorgen,
2367 1961 2706 2007 aengelant
2744 1960 2895 2006 was,
2932 1958 3084 2006 daer
3121 1953 3272 2001 uijt

894 2066 1004 2117 wel
1039 2060 1328 2110 apparent
1362 2054 1543 2105 sijne
1579 2049 1795 2098 ruijne
1831 2047 2047 2094 voorts
2082 2044 2370 2093 verstaen
2406 2045 2550 2091 sal)
2586 2043 2910 2090 verovert,
2946 2034 3270 2088 d'Inwoon„

887 2149 1069 2197 deren
1104 2144 1178 2192 in
1214 2136 1432 2188 vrese,
1467 2131 1614 2180 ende
1649 2128 1795 2176 vele
1831 2126 2158 2173 vluchtich
2195 2125 2376 2171 sijn,
2411 2125 2559 2171 waer
2593 2126 2812 2172 tegens
2848 2124 2994 2170 niet
3030 2117 3250 2168 anders

889 2233 956 2278 te
988 2228 1122 2277 doen
1155 2225 1255 2271 is,
1287 2221 1388 2269 als
1416 2216 1521 2265 ons
1553 2213 1654 2261 ten
1686 2208 1920 2257 besten,
1953 2206 2053 2252 dat
2085 2204 2319 2251 cunnen,
2351 2205 2485 2251 naer
2518 2202 2884 2250 occurrentie
2917 2201 3051 2247 ende
3084 2200 3256 2247 tijts

892 2300 1357 2362 gelegentheijt
1392 2297 1464 2344 te
1498 2289 1749 2341 vougen,
1785 2286 2035 2334 behoorl
2071 2286 2143 2332 in
2176 2287 2321 2333 onse
2356 2282 2642 2332 defentie
2677 2280 2749 2326 te
2785 2278 3071 2325 blijven,
3106 2278 3249 2323 ende

895 2395 1127 2450 voorts
1164 2377 1588 2438 d'verhoopte
1625 2369 2086 2421 veranderinge
2124 2369 2239 2416 met
2276 2364 2623 2416 patientie
2661 2364 2777 2409 aff
2814 2362 2892 2409 te
2929 2355 3238 2408 wachten,

896 2486 1104 2541 welck
1143 2480 1309 2529 ende
1349 2473 1514 2523 oock
1555 2461 2130 2517 voornamentlijk
2171 2458 2417 2506 siende
2458 2455 2541 2502 s'
2581 2454 2828 2500 comp=s
2869 2452 3168 2500 Capi=le

895 2576 1154 2633 buijten
1189 2566 1374 2619 desen
1409 2557 1630 2609 handel
1666 2551 1887 2602 elders
1922 2550 1997 2596 te
2031 2548 2255 2595 cunnen
2290 2547 2768 2594 beneficieren,
2803 2546 2988 2593 (daer
3021 2540 3135 2591 toe
3171 2536 3282 2583 ons

882 2675 1000 2726 ten
1036 2664 1193 2717 dele
1230 2648 1578 2707 d'Zuijder
1614 2641 2003 2692 quartieren
2041 2639 2119 2685 In
2157 2634 2543 2684 tansjouwer
2582 2635 2736 2680 ende
2775 2632 3045 2680 madure,
3084 2630 3238 2677 goed

889 2755 1050 2808 hope
1087 2745 1326 2798 geven,
1364 2738 1522 2788 ende
1560 2734 1680 2783 den
1718 2727 2074 2778 presenten
2113 2725 2389 2772 soberen
2426 2723 2626 2770 staet
2664 2722 2783 2768 van
2823 2722 2981 2768 onse
3020 2718 3263 2767 compe„

881 2834 1158 2889 titeurs
1195 2821 1512 2877 d'Engels
1550 2816 1709 2864 ende
1747 2812 2142 2862 portugees,
2181 2810 2260 2857 't
2299 2810 2654 2856 eenichste
2693 2810 2930 2856 middel
2969 2810 3088 2856 Is,
3125 2804 3284 2853 omme

896 2924 1057 2975 onse
1095 2908 1657 2967 contramineurs,
1695 2904 1856 2951 ende
1896 2899 2176 2949 vianden
2215 2895 2336 2942 van
2375 2893 2496 2939 hun
2535 2893 2816 2939 verdere
2855 2895 3057 2941 boose
3095 2898 3256 2944 aen„

890 3002 1129 3055 slagen
1166 2997 1248 3046 te
1287 2988 1723 3041 diverteren,
1762 2984 1922 3033 ende
1961 2982 2041 3029 't
2079 2981 2239 3028 spel
2276 2979 2477 3028 moede
2516 2978 2596 3024 te
2634 2975 2873 3022 maken,
2913 2974 3275 3033 middeler„

892 3081 1086 3129 wijle
1123 3076 1281 3126 wert
1319 3073 1397 3120 't
1435 3068 1631 3117 werck
1668 3066 1864 3112 onder
1902 3066 2136 3111 handen
2173 3063 2369 3111 vande
2408 3061 2758 3108 schilders
2796 3058 2952 3105 ende
2990 3056 3224 3102 wevers

894 3163 1087 3214 meest
1124 3158 1240 3207 met
1277 3153 1508 3202 eijgen
1546 3150 1853 3198 Capitael
1891 3146 2045 3194 ende
2082 3145 2313 3191 Risico
2351 3145 2466 3190 van
2505 3145 2658 3190 onse
2696 3145 3080 3192 cooplieden
3117 3148 3272 3197 noch

896 3258 974 3305 al
1012 3248 1444 3304 eenichsints
1482 3239 1875 3292 gevordert,
1912 3235 2070 3284 ende
2109 3232 2227 3280 ons
2266 3232 2345 3278 te
2381 3233 2540 3279 meth
2579 3232 2814 3279 eenige
2853 3229 3089 3276 cleden
3126 3230 3284 3277 toe„

888 3334 1261 3391 gebracht,
1301 3328 1508 3378 sulcx
1548 3325 1631 3372 nu
1672 3323 1837 3370 oock
1877 3321 2001 3367 van
2042 3321 2166 3367 s=t
2206 3320 2413 3366 thome
2453 3320 2824 3369 (welckers
2865 3310 3277 3365 besettinge

881 3434 1008 3483 tot
1049 3432 1132 3478 in
1174 3423 1507 3477 November
1548 3415 2130 3467 gecontinueert,
2171 3414 2421 3460 sonder
2462 3413 2588 3459 dat
2628 3406 3128 3457 d'portugesen
3164 3401 3297 3450 Its

889 3526 1128 3579 anders
1166 3523 1285 3571 als
1324 3519 1481 3567 maer
1519 3512 1834 3563 weijnige
1873 3509 2307 3558 schencagie,
2345 3510 2502 3556 naer
2540 3500 3052 3554 gelegentheijt
3089 3493 3209 3543 van
3248 3492 3287 3537 -

894 3620 1110 3667 haren
1152 3615 1413 3664 sweren
1456 3612 1672 3660 staet
1715 3603 2364 3657 gecontribueert)
2407 3603 2537 3649 22:
2579 3601 2839 3648 packen
2879 3596 3098 3646 meest
3141 3591 3272 3641 ge„

894 3707 1248 3757 schildert
1285 3702 1482 3750 goet,
1521 3698 1795 3747 becomen
1833 3693 2108 3742 hebben,
2146 3690 2265 3737 tot
2303 3690 2578 3737 welcken
2617 3690 2852 3736 eijnde
2891 3689 3009 3735 den
3047 3681 3283 3735 onder„

898 3787 1177 3842 coopman
1215 3786 1414 3833 Arent
1452 3783 1571 3830 van
1611 3781 1730 3828 tol
1768 3778 1848 3826 pr
1887 3774 2243 3822 d'Chaloup
2282 3771 2757 3820 cleenpipelij
2795 3767 3033 3815 nevens
3072 3766 3192 3812 een
3229 3765 3271 3813 -

890 3875 1083 3925 tonij
1120 3874 1198 3920 op
1235 3871 1351 3918 7=e
1389 3869 1581 3916 deser
1617 3864 1964 3914 derwaerts
2002 3857 2462 3907 gedemitteert
2500 3856 2769 3903 hadden,
2806 3855 2922 3901 den
2960 3853 3152 3901 prijs
3189 3850 3310 3897 der

886 3957 1101 4006 selver
1136 3954 1388 4001 cleden,
1423 3951 1638 3999 bevalt
1673 3943 1925 3995 voorden
1960 3942 2211 3989 eersten
2246 3942 2498 3990 incoop,
2534 3942 2677 3989 mits
2713 3941 3073 3988 t'sorteren
3106 3944 3323 3991 aldaer

895 4039 1246 4089 ongewoon,
1285 4037 1441 4084 ende
1479 4034 1675 4081 onder
1713 4034 1831 4080 den
1870 4033 2143 4079 anderen
2177 4031 2571 4080 aengenomen
2610 4031 2805 4078 sijn,
2843 4031 2961 4077 wat
2999 4027 3312 4075 duerder-

892 4136 1002 4187 als
1035 4131 1143 4179 wel
1175 4124 1497 4175 ordinarie
1533 4123 1639 4169 van
1673 4120 1852 4168 hier,
1886 4119 2029 4165 daer
2064 4119 2135 4164 op
2170 4119 2277 4167 soo
2312 4122 2419 4167 nau
2454 4119 2631 4167 niet,
2666 4117 2808 4164 omme
2844 4112 3092 4162 d'portu
3127 4111 3307 4158 gesen

886 4222 1031 4271 ende
1064 4212 1283 4265 andere
1318 4203 1571 4256 diverse
1607 4200 2004 4248 cooplieden,
2040 4200 2184 4246 daer
2218 4198 2473 4245 ontrent
2508 4199 2581 4246 in
2617 4198 2978 4248 aenstaende
3013 4196 3122 4243 tot
3158 4189 3304 4239 pro„

879 4306 1032 4355 gres
1068 4298 1222 4349 vant
1257 4290 1449 4342 werck
1485 4282 1677 4334 meer,
1712 4277 1866 4326 ende
1903 4276 2056 4322 meer
2094 4276 2512 4324 t'animeren,
2549 4279 2740 4324 t'ons
2777 4271 2930 4327 w=ts
2964 4263 3308 4316 Indevotie

2875 4314 3048 4362 beel

882 4397 958 4443 te
994 4388 1260 4440 houden,
1295 4381 1448 4433 ende
1484 4367 1788 4425 d'Engels
1824 4365 1901 4411 In
1937 4361 2089 4409 haer
2127 4361 2316 4407 tegen
2353 4361 2580 4407 woelen
2617 4359 2769 4407 (soo
2807 4359 2920 4405 var
2955 4354 3071 4405 her
3107 4346 3298 4398 mogel

883 4485 959 4534 te
995 4475 1293 4529 stutten,
1328 4466 1552 4518 hebben
1588 4460 1811 4510 willen
1847 4454 2033 4505 sien,
2069 4453 2181 4499 dat
2216 4452 2551 4498 vertrouwe
2587 4447 2737 4496 UEd:
2773 4444 2922 4491 voor
2958 4438 3297 4489 welgedaen

879 4564 1102 4623 sullen
1137 4555 1430 4606 gelieven
1465 4554 1539 4600 op
1575 4552 1649 4599 te
1684 4547 1904 4596 nemen,
1940 4544 2014 4591 In
2050 4543 2123 4589 14
2159 4542 2196 4587 a
2232 4540 2342 4587 15:
2378 4539 2561 4584 dagen
2596 4537 2743 4584 wert
2779 4535 2889 4581 ons
2925 4525 3327 4579 toesegginge

2988 4604 3312 4656 gedaen
