<?xml version="1.0" encoding="UTF-8"?>
<PcGts xmlns="http://schema.primaresearch.org/PAGE/gts/pagecontent/2013-07-15">
  <Metadata externalRef="e376be13-cabf-4c3c-bab4-a354ca9896a2">
    <Creator>Laypa</Creator>
    <Created>2023-09-08T02:22:32</Created>
    <LastChange>2023-09-08T03:38:16</LastChange>
    <Comment>license: CC0</Comment>
    <MetadataItem type="processingStep" name="layout-analysis" value="laypa">
      <Labels>
        <Label value="228a7d24385cff0e51687c00d0e65a2c2a9703d5" type="githash"/>
        <Label value="61334eb4-edff-4af5-b036-b5927f35bbcf" type="uuid"/>
        <Label value="https://hdl.handle.net/10622/VMSCBR" type="laypamodelremote"/>
      </Labels>
    </MetadataItem>
    <MetadataItem type="processingStep" name="region-analysis" value="laypa">
      <Labels>
        <Label value="0a3442b4-835c-44bc-9115-3fd08263a5dc" type="uuid"/>
        <Label value="https://hdl.handle.net/10622/DMAS2T" type="laypamodelremote"/>
      </Labels>
    </MetadataItem>
    <MetadataItem type="processingStep" name="htr" value="loghi-htr">
      <Labels>
        <Label value="9efb3e0ff4338dc6e07d110ac4d435f27f5b0e16&#10;" type="githash"/>
        <Label value="3a9bdaa3-493c-483e-bbb2-f51961b8e5a0" type="uuid"/>
        <Label value="64" type="batch_size"/>
        <Label value="https://hdl.handle.net/10622/X2JZYY" type="loghihtrmodelremote"/>
      </Labels>
    </MetadataItem>
    <MetadataItem type="processingStep" name="word-splitting" value="loghi-htr-tooling"/>
    <MetadataItem type="other" name="dataset" value="https://hdl.handle.net/10622/LVXSBW">
      <Labels>
        <Label value="VOC transcriptions v2 - GLOBALISE" type="name"/>
        <Label value="Dataset in pagexml and txt format, including data card." type="description"/>
        <Label value="https://globalise.huygens.knaw.nl/" type="creator"/>
        <Label value="https://hdl.handle.net/10622/LVXSBW" type="url"/>
      </Labels>
    </MetadataItem>
  </Metadata>
  <Page imageFilename="NL-HaNA_1.04.02_1161_0542.jpg" imageWidth="3567" imageHeight="4883">
    <ReadingOrder>
      <OrderedGroup id="orderedgroup_7afc3a1c-1a5a-48ec-805e-e1000a1590d8">
        <RegionRefIndexed index="0" regionRef="region_9a7ef3ac-0101-4941-b98f-fada149ccf5f_2"/>
        <RegionRefIndexed index="1" regionRef="region_00f51237-4ba4-4e4c-b4f4-f1ed0edc4d70_1"/>
        <RegionRefIndexed index="2" regionRef="region_a9487244-57da-4210-af7c-54d3f51d2349_4"/>
        <RegionRefIndexed index="3" regionRef="region_9102d132-d2d3-461d-9072-8ed39feae672_3"/>
      </OrderedGroup>
    </ReadingOrder>
    <TextRegion id="region_9a7ef3ac-0101-4941-b98f-fada149ccf5f_2" custom="structure {type:paragraph;}">
      <Coords points="3334,829 3309,808 3260,801 3229,784 3187,773 3076,773 2842,752 2724,711 2675,707 2644,693 2616,693 2539,717 2459,721 2397,735 2202,731 2107,738 2020,717 1951,714 1822,738 1665,745 1599,759 1578,780 1568,822 1529,881 1519,944 1494,961 1470,989 1460,1031 1425,1087 1400,1142 1379,1163 1359,1174 1345,1191 1338,1229 1331,1243 1296,1275 1271,1337 1264,1480 1289,1567 1292,1633 1289,1665 1271,1721 1271,1804 1261,1835 1261,1867 1247,1902 1223,2083 1247,2201 1268,2260 1268,2379 1285,2445 1310,2462 1338,2466 1411,2448 1501,2442 1630,2448 1874,2445 1909,2438 2038,2435 2135,2421 2250,2421 2299,2414 2337,2396 2351,2375 2407,2323 2512,2313 2766,2323 2937,2320 3055,2327 3086,2320 3341,2327 3379,2309 3396,2292 3410,2246 3407,2205 3414,2145 3414,2051 3407,2031 3407,1961 3400,1940 3400,1707 3372,1633 3379,1546 3358,1498 3358,1424 3351,1397 3351,1351 3344,1330 3344,1198 3365,1132 3358,1094 3365,1066 3361,979 3372,944 3372,916 3348,871"/>
      <TextLine id="line_39df50dd-ff41-44bc-92ba-b525cc8f0070">
        <Coords points="1522,592 1752,591 1764,600 1836,595 1844,603 2152,611 2671,611 2695,615 2763,666 2851,666 2935,742 3264,746 3264,833 3199,833 3187,840 2847,840 2807,880 2575,880 2531,839 2439,831 1692,832 1676,836 1571,928 1560,917 1522,917"/>
        <Baseline points="1565,830 1615,826 1665,827 1715,824 1765,823 1815,822 1865,821 1915,821 1965,821 2015,820 2065,818 2115,819 2165,819 2215,817 2265,816 2315,817 2365,815 2415,814 2465,813 2515,812 2565,811 2615,807 2665,806 2715,806 2765,807 2815,808 2865,809 2915,811 2965,811 3015,811 3065,810 3115,809 3165,808 3215,811 3222,812"/>
        <Word id="word_755ead4f-15dd-4e5b-b7ed-7f58187673ce">
          <Coords points="1562,795 1612,791 1666,792 1713,789 1764,788 1780,788 1781,833 1765,833 1716,834 1665,837 1616,836 1566,840"/>
          <TextEquiv>
            <Unicode>Jan</Unicode>
          </TextEquiv>
        </Word>
        <Word id="word_96771580-a4e7-481c-b12c-4a895556763d">
          <Coords points="1852,786 1864,786 1915,786 1965,786 2014,785 2064,783 2116,784 2165,784 2214,782 2264,781 2316,782 2364,780 2414,779 2464,778 2501,777 2502,822 2465,823 2415,824 2365,825 2315,827 2265,826 2215,827 2165,829 2115,829 2065,828 2015,830 1965,831 1915,831 1865,831 1853,831"/>
          <TextEquiv>
            <Unicode>Gerretsen</Unicode>
          </TextEquiv>
        </Word>
        <Word id="word_efd6239d-7848-4471-8375-c16c74cefd8a">
          <Coords points="2570,776 2612,772 2664,771 2715,771 2766,772 2816,773 2866,774 2916,776 2934,776 2934,821 2915,821 2865,819 2815,818 2765,817 2715,816 2665,816 2616,817 2575,821"/>
          <TextEquiv>
            <Unicode>Huijr</Unicode>
          </TextEquiv>
        </Word>
        <Word id="word_3cd72900-af96-4cd9-8309-18db606ce3df">
          <Coords points="3006,776 3015,776 3064,775 3114,774 3164,773 3217,776 3227,777 3221,822 3214,821 3165,818 3115,819 3065,820 3015,821 3006,821"/>
          <TextEquiv>
            <Unicode>van</Unicode>
          </TextEquiv>
        </Word>
        <TextEquiv conf="0.9127764597283367">
          <Unicode>Jan Gerretsen Huijr van</Unicode>
        </TextEquiv>
        <TextStyle xHeight="54"/>
      </TextLine>
      <TextLine id="cc8056e7-541e-486e-9b4b-126859098216">
        <Coords points="1509,918 1559,918 1570,929 1599,901 1616,900 1683,833 1791,829 2338,828 2522,836 2574,880 2806,881 2846,844 3389,852 3426,876 3426,963 3402,986 2898,982 2878,966 2586,966 2570,979 2542,983 2242,987 1703,987 1683,974 1539,974 1509,999"/>
        <Baseline points="1552,940 1602,942 1652,941 1702,940 1752,938 1802,937 1852,935 1902,934 1952,936 2002,935 2052,933 2102,933 2152,934 2202,935 2252,934 2302,933 2352,934 2402,937 2452,939 2502,939 2552,942 2602,941 2652,939 2702,941 2752,941 2802,941 2852,941 2902,940 2952,941 3002,942 3052,941 3102,942 3152,941 3202,940 3252,940 3302,942 3352,945 3384,942"/>
        <Word id="word_ba0d1459-d387-41df-820a-f478c3b27959">
          <Coords points="1553,905 1603,907 1651,906 1701,905 1751,903 1801,902 1851,900 1901,899 1953,901 1979,900 1980,945 1952,946 1902,944 1852,945 1802,947 1752,948 1702,950 1652,951 1602,952 1552,950"/>
          <TextEquiv>
            <Unicode>leijden</Unicode>
          </TextEquiv>
        </Word>
        <Word id="word_d5ff32eb-6cd5-492d-98ed-e388b22423f3">
          <Coords points="2037,899 2048,898 2102,898 2153,899 2203,900 2223,900 2224,945 2202,945 2152,944 2102,943 2053,943 2042,944"/>
          <TextEquiv>
            <Unicode>int</Unicode>
          </TextEquiv>
        </Word>
        <Word id="word_6a67164b-b5ec-488f-8315-72d290341a5e">
          <Coords points="2284,898 2301,898 2353,899 2404,902 2453,904 2502,904 2554,907 2589,906 2590,951 2551,952 2502,949 2452,949 2401,947 2352,944 2302,943 2285,943"/>
          <TextEquiv>
            <Unicode>landt</Unicode>
          </TextEquiv>
        </Word>
        <Word id="word_bf3239f5-2937-47b4-ab81-6db74c1b5320">
          <Coords points="2624,918 2625,917 2703,906 2752,906 2802,906 2852,906 2901,905 2953,906 3003,907 3051,906 3079,907 3078,952 3052,951 3002,952 2952,951 2902,950 2852,951 2802,951 2752,951 2702,951 2660,945 2659,946"/>
          <TextEquiv>
            <Unicode>gecomen</Unicode>
          </TextEquiv>
        </Word>
        <Word id="word_e427419a-1da2-49cf-88b6-09dd6ea0c019">
          <Coords points="3135,908 3147,906 3201,905 3252,905 3303,907 3354,910 3380,907 3384,952 3351,955 3302,952 3252,950 3202,950 3153,951 3141,953"/>
          <TextEquiv>
            <Unicode>medt</Unicode>
          </TextEquiv>
        </Word>
        <TextEquiv conf="0.8994336834007429">
          <Unicode>leijden int landt gecomen medt</Unicode>
        </TextEquiv>
        <TextStyle xHeight="46"/>
      </TextLine>
      <TextLine id="line_767fe21c-7471-4622-8e5b-2faf7adc99c1">
        <Coords points="1441,1049 1455,1045 1539,977 1683,977 1703,986 2242,986 2565,982 2585,965 2649,965 2881,969 2925,1006 3349,1000 3349,1087 3300,1087 3288,1079 3040,1075 3026,1084 2813,1083 2805,1075 2465,1076 2451,1088 2369,1092 1739,1091 1723,1104 1599,1104 1567,1116 1441,1116"/>
        <Baseline points="1484,1077 1534,1072 1584,1072 1634,1071 1684,1071 1734,1069 1784,1067 1834,1066 1884,1065 1934,1064 1984,1063 2034,1064 2084,1065 2134,1067 2184,1066 2234,1064 2284,1063 2334,1062 2384,1061 2434,1061 2484,1060 2534,1060 2584,1059 2634,1058 2684,1059 2734,1060 2784,1060 2834,1060 2884,1059 2934,1060 2984,1061 3034,1063 3084,1063 3134,1064 3184,1065 3234,1065 3284,1066 3307,1066"/>
        <Word id="word_e1471675-1cc3-42b7-9f4d-b4f322c52faa">
          <Coords points="1481,1042 1531,1037 1584,1037 1633,1036 1684,1036 1733,1034 1783,1032 1805,1032 1806,1077 1784,1077 1734,1079 1684,1081 1634,1081 1584,1082 1535,1082 1485,1087"/>
          <TextEquiv>
            <Unicode>tschip</Unicode>
          </TextEquiv>
        </Word>
        <Word id="word_88c6873c-8597-43af-af1b-a0a47056af60">
          <Coords points="1858,1031 1883,1030 1933,1029 1983,1028 2035,1029 2085,1030 2129,1032 2127,1077 2084,1075 2034,1074 1984,1073 1934,1074 1884,1075 1859,1075"/>
          <TextEquiv>
            <Unicode>delft</Unicode>
          </TextEquiv>
        </Word>
        <Word id="word_d3979cf3-aa28-4d1a-b60b-44533f8d4c49">
          <Coords points="2157,1043 2161,1040 2233,1029 2283,1028 2286,1028 2287,1073 2284,1073 2234,1074 2191,1073 2187,1076"/>
          <TextEquiv>
            <Unicode>Ao</Unicode>
          </TextEquiv>
        </Word>
        <Word id="word_1581655b-977c-4764-a5ef-593595758fef">
          <Coords points="2340,1027 2383,1026 2434,1026 2483,1025 2534,1025 2554,1025 2555,1070 2534,1070 2484,1070 2434,1071 2384,1071 2341,1072"/>
          <TextEquiv>
            <Unicode>1642</Unicode>
          </TextEquiv>
        </Word>
        <Word id="word_880a5f57-fb0b-49d3-b841-ea3e01d6dcdc">
          <Coords points="2608,1024 2633,1023 2685,1024 2735,1025 2784,1025 2823,1025 2823,1070 2784,1070 2734,1070 2684,1069 2634,1068 2609,1069"/>
          <TextEquiv>
            <Unicode>voor</Unicode>
          </TextEquiv>
        </Word>
        <Word id="word_02b0a734-0e9c-4afa-b02b-d7ea2c45717b">
          <Coords points="2872,1025 2879,1024 2935,1025 2985,1026 3035,1028 3084,1028 3135,1029 3185,1030 3234,1030 3285,1031 3306,1031 3306,1076 3284,1076 3234,1075 3184,1075 3134,1074 3084,1073 3034,1073 2984,1071 2934,1070 2885,1069 2878,1070"/>
          <TextEquiv>
            <Unicode>Bootsman</Unicode>
          </TextEquiv>
        </Word>
        <TextEquiv conf="0.8861111343069547">
          <Unicode>tschip delft Ao 1642 voor Bootsman</Unicode>
        </TextEquiv>
        <TextStyle xHeight="40"/>
      </TextLine>
      <TextLine id="line_49e56bb6-1fa1-4f3d-b279-8653fd9e5cb6">
        <Coords points="1267,1114 1553,1118 1601,1103 1721,1103 1737,1090 2168,1090 2408,1094 2436,1102 3159,1102 3187,1125 3356,1129 3356,1216 3279,1216 3239,1225 2820,1220 2759,1272 2536,1267 2448,1284 2408,1284 2352,1239 1525,1227 1365,1240 1316,1284 1267,1296"/>
        <Baseline points="1310,1220 1360,1219 1410,1220 1460,1221 1510,1219 1560,1217 1610,1215 1660,1213 1710,1212 1760,1211 1810,1211 1860,1211 1910,1211 1960,1212 2010,1209 2060,1208 2110,1207 2160,1207 2210,1206 2260,1203 2310,1201 2360,1201 2410,1200 2460,1200 2510,1199 2560,1198 2610,1198 2660,1197 2710,1194 2760,1189 2810,1187 2860,1188 2910,1190 2960,1190 3010,1190 3060,1193 3110,1194 3160,1193 3210,1194 3260,1195 3310,1197 3314,1195"/>
        <Word id="word_d1c33b44-cd9f-4606-a9ef-541661a9dd1e">
          <Coords points="1309,1185 1359,1184 1363,1184 1363,1229 1360,1229 1310,1230"/>
          <TextEquiv>
            <Unicode>a</Unicode>
          </TextEquiv>
        </Word>
        <Word id="word_b15a0d45-d3df-42b3-a16e-232f89264860">
          <Coords points="1416,1185 1461,1186 1467,1186 1469,1231 1460,1231 1415,1230"/>
          <TextEquiv>
            <Unicode>ƒ</Unicode>
          </TextEquiv>
        </Word>
        <Word id="word_6aab8e1b-ed8b-41a6-9f56-fcc3bdebbfec">
          <Coords points="1520,1184 1559,1182 1572,1181 1574,1226 1560,1227 1521,1229"/>
          <TextEquiv>
            <Unicode>8</Unicode>
          </TextEquiv>
        </Word>
        <Word id="word_01b645d1-0630-4b15-b606-6035d447aa64">
          <Coords points="1625,1179 1659,1178 1709,1177 1759,1176 1785,1176 1785,1221 1760,1221 1710,1222 1660,1223 1627,1224"/>
          <TextEquiv>
            <Unicode>ter</Unicode>
          </TextEquiv>
        </Word>
        <Word id="word_45643128-42ce-431e-ad0a-7dbccc53e71e">
          <Coords points="1838,1176 1860,1176 1910,1176 1961,1177 2008,1174 2059,1173 2109,1172 2154,1172 2154,1217 2110,1217 2060,1218 2011,1219 1960,1222 1910,1221 1860,1221 1838,1221"/>
          <TextEquiv>
            <Unicode>maendt</Unicode>
          </TextEquiv>
        </Word>
        <Word id="word_16ee4272-535a-4093-bd08-9034684feed4">
          <Coords points="2196,1174 2199,1173 2258,1168 2309,1166 2360,1166 2409,1165 2418,1165 2418,1210 2410,1210 2360,1211 2310,1211 2261,1213 2213,1216 2210,1217"/>
          <TextEquiv>
            <Unicode>wert</Unicode>
          </TextEquiv>
        </Word>
        <Word id="word_c112797b-ddb0-4138-931e-01d5fb30aab7">
          <Coords points="2470,1165 2509,1164 2559,1163 2576,1163 2576,1208 2560,1208 2510,1209 2471,1210"/>
          <TextEquiv>
            <Unicode>op</Unicode>
          </TextEquiv>
        </Word>
        <Word id="word_5f2c03eb-92d0-4366-b4b1-6dead99ec168">
          <Coords points="2628,1163 2659,1162 2708,1159 2757,1154 2809,1152 2840,1153 2839,1198 2810,1197 2761,1199 2711,1204 2660,1207 2629,1208"/>
          <TextEquiv>
            <Unicode>sijn</Unicode>
          </TextEquiv>
        </Word>
        <Word id="word_1979ed35-bba7-4478-9fa7-b5c2c0aaa8ac">
          <Coords points="2895,1154 2913,1155 2960,1155 3010,1155 3062,1158 3111,1159 3159,1158 3211,1159 3261,1160 3298,1164 3311,1162 3318,1204 3310,1207 3260,1205 3210,1204 3160,1203 3110,1204 3059,1203 3010,1200 2960,1200 2909,1200 2892,1199"/>
          <TextEquiv>
            <Unicode>vertoogh</Unicode>
          </TextEquiv>
        </Word>
        <TextEquiv conf="0.8863781365050478">
          <Unicode>a ƒ 8 ter maendt wert op sijn vertoogh</Unicode>
        </TextEquiv>
        <TextStyle xHeight="45"/>
      </TextLine>
      <TextLine id="c5bb47a3-7ad6-4437-a941-2c5be12e9f22">
        <Coords points="1179,1350 1268,1338 1369,1243 1393,1243 1401,1235 1477,1235 1485,1227 2092,1227 2295,1219 2307,1208 2335,1208 2415,1283 2519,1270 2762,1271 2823,1218 3130,1227 3322,1222 3330,1230 3378,1230 3391,1238 3391,1325 3282,1326 3258,1334 2951,1341 2943,1349 2671,1361 2615,1361 2583,1340 2176,1348 2112,1389 1872,1389 1856,1376 1644,1372 1179,1376"/>
        <Baseline points="1222,1357 1272,1354 1322,1353 1372,1352 1422,1351 1472,1351 1522,1349 1572,1347 1622,1345 1672,1343 1722,1340 1772,1337 1822,1335 1872,1334 1922,1332 1972,1328 2022,1326 2072,1326 2122,1326 2172,1326 2222,1325 2272,1327 2322,1327 2372,1326 2422,1327 2472,1325 2522,1325 2572,1324 2622,1325 2672,1327 2722,1328 2772,1327 2822,1327 2872,1329 2922,1328 2972,1327 3022,1326 3072,1324 3122,1323 3172,1322 3222,1322 3272,1318 3322,1313 3349,1304"/>
        <Word id="word_2b9382b7-1fdf-4e02-af72-883cffdd8e37">
          <Coords points="1220,1322 1270,1319 1321,1318 1371,1317 1421,1316 1472,1316 1487,1315 1489,1360 1472,1361 1422,1361 1372,1362 1322,1363 1273,1364 1223,1367"/>
          <TextEquiv>
            <Unicode>ende</Unicode>
          </TextEquiv>
        </Word>
        <Word id="word_ab48d0a6-b621-4b30-a090-eef8ee81711c">
          <Coords points="1553,1313 1571,1312 1621,1310 1671,1308 1720,1305 1770,1302 1821,1300 1871,1299 1921,1297 1969,1293 2021,1291 2072,1291 2122,1291 2172,1291 2221,1290 2273,1292 2322,1292 2352,1291 2353,1336 2322,1337 2272,1337 2222,1335 2172,1336 2122,1336 2072,1336 2022,1336 1973,1338 1922,1342 1872,1344 1822,1345 1773,1347 1723,1350 1672,1353 1622,1355 1572,1357 1555,1358"/>
          <TextEquiv>
            <Unicode>Bequaemheijt</Unicode>
          </TextEquiv>
        </Word>
        <Word id="word_b28fb6f6-9c34-4114-89ae-2ed607962b94">
          <Coords points="2440,1297 2442,1299 2471,1290 2522,1290 2571,1289 2623,1290 2673,1292 2685,1292 2685,1337 2672,1337 2622,1335 2572,1334 2522,1335 2472,1335 2416,1335 2413,1333"/>
          <TextEquiv>
            <Unicode>mits</Unicode>
          </TextEquiv>
        </Word>
        <Word id="word_382d812b-1888-437d-a044-98b500f78d95">
          <Coords points="2749,1294 2769,1292 2822,1292 2873,1294 2921,1293 2971,1292 3021,1291 3071,1289 3121,1288 3171,1287 3222,1287 3269,1283 3319,1278 3337,1271 3352,1314 3323,1323 3273,1328 3222,1332 3172,1332 3122,1333 3072,1334 3022,1336 2972,1337 2922,1338 2872,1339 2822,1337 2773,1337 2752,1339"/>
          <TextEquiv>
            <Unicode>experatie</Unicode>
          </TextEquiv>
        </Word>
        <TextEquiv conf="0.9496359585202343">
          <Unicode>ende Bequaemheijt mits experatie</Unicode>
        </TextEquiv>
        <TextStyle xHeight="47"/>
      </TextLine>
      <TextLine id="d6df40b7-a053-46a8-b195-60100a7cb2e1">
        <Coords points="1245,1376 1643,1371 1855,1375 1871,1391 2099,1392 2123,1384 2167,1340 2579,1339 2611,1356 3247,1351 3295,1355 3339,1391 3371,1395 3391,1395 3424,1377 3424,1464 3291,1462 3267,1478 3227,1490 2871,1485 2823,1526 2791,1525 2767,1501 2399,1506 2378,1491 2119,1493 2111,1485 1931,1486 1884,1529 1245,1521"/>
        <Baseline points="1288,1495 1338,1489 1388,1485 1438,1483 1488,1481 1538,1481 1588,1480 1638,1480 1688,1479 1738,1479 1788,1479 1838,1478 1888,1476 1938,1476 1988,1475 2038,1474 2088,1472 2138,1470 2188,1469 2238,1468 2288,1468 2338,1469 2388,1469 2438,1469 2488,1468 2538,1467 2588,1468 2638,1467 2688,1467 2738,1467 2788,1466 2838,1466 2888,1465 2938,1466 2988,1464 3038,1463 3088,1463 3138,1461 3188,1449 3238,1437 3288,1436 3338,1441 3382,1443"/>
        <Word id="word_4ffb5b03-dbbd-4007-ae63-50d35fd512bc">
          <Coords points="1284,1460 1334,1454 1385,1450 1437,1448 1487,1446 1538,1446 1587,1445 1602,1445 1602,1490 1588,1490 1538,1491 1488,1491 1438,1493 1389,1495 1339,1499 1289,1505"/>
          <TextEquiv>
            <Unicode>sijnes</Unicode>
          </TextEquiv>
        </Word>
        <Word id="word_f3fd7c32-fb1d-43a5-a84f-9695b08f20f5">
          <Coords points="1654,1445 1687,1444 1738,1444 1788,1444 1837,1443 1887,1441 1938,1441 1987,1440 2037,1439 2073,1438 2074,1483 2038,1484 1988,1485 1938,1486 1888,1486 1838,1488 1788,1489 1738,1489 1688,1489 1655,1490"/>
          <TextEquiv>
            <Unicode>verbandt</Unicode>
          </TextEquiv>
        </Word>
        <Word id="word_afa4c07d-23f1-4a0a-b3ed-cf0d4e829ec9">
          <Coords points="2125,1435 2137,1435 2187,1434 2237,1433 2288,1433 2337,1434 2336,1479 2288,1478 2238,1478 2188,1479 2138,1480 2127,1480"/>
          <TextEquiv>
            <Unicode>ende</Unicode>
          </TextEquiv>
        </Word>
        <Word id="word_49915912-28bd-4a72-9914-7b531beb001e">
          <Coords points="2388,1435 2437,1434 2487,1433 2537,1432 2589,1433 2637,1432 2688,1432 2738,1432 2787,1431 2838,1431 2887,1430 2939,1431 2987,1429 3037,1428 3070,1428 3070,1473 3038,1473 2988,1474 2938,1476 2888,1475 2838,1476 2788,1476 2738,1477 2688,1477 2638,1477 2588,1478 2538,1477 2488,1478 2438,1479 2389,1480"/>
          <TextEquiv>
            <Unicode>genegentheijt</Unicode>
          </TextEquiv>
        </Word>
        <Word id="word_2333a465-5f4e-4aa3-9535-fc107001cc14">
          <Coords points="3118,1428 3133,1426 3180,1415 3217,1406 3228,1450 3190,1459 3139,1471 3124,1473"/>
          <TextEquiv>
            <Unicode>d'</Unicode>
          </TextEquiv>
        </Word>
        <Word id="word_8b2ed5c8-2f5b-4c93-8128-37797f5c642c">
          <Coords points="3296,1399 3308,1407 3341,1406 3380,1408 3378,1453 3337,1451 3282,1444 3271,1436"/>
          <TextEquiv>
            <Unicode>E.</Unicode>
          </TextEquiv>
        </Word>
        <TextEquiv conf="0.8943159230043461">
          <Unicode>sijnes verbandt ende genegentheijt d' E.</Unicode>
        </TextEquiv>
        <TextStyle xHeight="45"/>
      </TextLine>
      <TextLine id="fa5e7e65-a48d-4d02-9c0f-3b49ccc8a031">
        <Coords points="1235,1521 1581,1520 1589,1528 1881,1529 1933,1488 2113,1488 2380,1492 2397,1508 2589,1509 2601,1501 2765,1500 2789,1524 2825,1525 2853,1500 3398,1508 3417,1489 3478,1488 3478,1575 3417,1580 3394,1595 3321,1595 3313,1603 2869,1599 2789,1603 2781,1611 2425,1615 2393,1627 2277,1627 2243,1658 2145,1658 2121,1634 1949,1634 1922,1658 1729,1658 1693,1670 1421,1678 1357,1698 1317,1698 1281,1681 1235,1677"/>
        <Baseline points="1278,1635 1328,1634 1378,1634 1428,1635 1478,1635 1528,1633 1578,1629 1628,1625 1678,1622 1728,1619 1778,1616 1828,1612 1878,1607 1928,1604 1978,1600 2028,1599 2078,1599 2128,1596 2178,1595 2228,1595 2278,1597 2328,1595 2378,1595 2428,1594 2478,1593 2528,1593 2578,1593 2628,1594 2678,1596 2728,1596 2778,1594 2828,1594 2878,1592 2928,1590 2978,1588 3028,1586 3078,1584 3128,1584 3178,1584 3228,1583 3278,1580 3328,1578 3378,1563 3428,1554 3436,1554"/>
        <Word id="word_c8caa84c-c6c2-4bad-87da-3eb25d49f214">
          <Coords points="1277,1600 1327,1599 1378,1599 1429,1600 1478,1600 1527,1598 1575,1594 1625,1590 1626,1590 1629,1635 1629,1635 1579,1639 1528,1643 1478,1645 1428,1645 1378,1644 1328,1644 1278,1645"/>
          <TextEquiv>
            <Unicode>Comp„s</Unicode>
          </TextEquiv>
        </Word>
        <Word id="word_74aa9d84-7faa-4458-9048-4a8e39e6db48">
          <Coords points="1685,1587 1726,1584 1776,1581 1825,1577 1875,1572 1918,1570 1921,1614 1879,1617 1829,1622 1779,1626 1729,1629 1687,1631"/>
          <TextEquiv>
            <Unicode>noch</Unicode>
          </TextEquiv>
        </Word>
        <Word id="word_b91c7705-8f31-4a86-8a03-40f603310f32">
          <Coords points="1977,1566 2027,1564 2078,1564 2126,1561 2177,1560 2228,1560 2279,1562 2327,1560 2329,1560 2329,1605 2328,1605 2278,1607 2228,1605 2178,1605 2129,1606 2078,1609 2028,1609 1979,1611"/>
          <TextEquiv>
            <Unicode>langer</Unicode>
          </TextEquiv>
        </Word>
        <Word id="word_3f23012f-35ec-4bd0-8002-65c615041cac">
          <Coords points="2386,1560 2427,1559 2477,1558 2504,1558 2504,1603 2478,1603 2428,1604 2387,1605"/>
          <TextEquiv>
            <Unicode>jn</Unicode>
          </TextEquiv>
        </Word>
        <Word id="word_ba430a15-acb4-4a58-bb2e-ffaf14d3217d">
          <Coords points="2563,1558 2578,1558 2629,1559 2679,1561 2728,1561 2777,1559 2828,1559 2853,1558 2855,1603 2828,1604 2778,1604 2728,1606 2678,1606 2628,1604 2578,1603 2563,1603"/>
          <TextEquiv>
            <Unicode>jndia</Unicode>
          </TextEquiv>
        </Word>
        <Word id="word_be305bd1-5c3e-469e-82a9-62c20ad9a8cf">
          <Coords points="2912,1556 2927,1555 2977,1553 3027,1551 3029,1551 3030,1596 3028,1596 2978,1598 2928,1600 2914,1601"/>
          <TextEquiv>
            <Unicode>te</Unicode>
          </TextEquiv>
        </Word>
        <Word id="word_2465b8d4-fc17-4d76-ac02-0415529045d6">
          <Coords points="3089,1549 3128,1549 3178,1549 3227,1548 3276,1545 3327,1543 3368,1529 3422,1520 3436,1519 3436,1564 3430,1564 3381,1573 3328,1588 3279,1590 3228,1593 3178,1594 3128,1594 3088,1594"/>
          <TextEquiv>
            <Unicode>dienen</Unicode>
          </TextEquiv>
        </Word>
        <TextEquiv conf="0.8809791735640193">
          <Unicode>Comp„s noch langer jn jndia te dienen</Unicode>
        </TextEquiv>
        <TextStyle xHeight="38"/>
      </TextLine>
      <TextLine id="eca7594e-bd1f-4874-ad81-5e445a2b6b7b">
        <Coords points="1279,1682 1305,1694 1381,1695 1417,1679 1569,1679 1577,1671 1692,1671 1728,1659 1920,1659 1948,1634 2120,1634 2148,1659 2242,1659 2276,1627 2395,1627 2423,1615 2779,1611 2787,1603 2867,1599 3387,1606 3430,1641 3471,1641 3471,1728 3426,1729 3395,1756 3386,1749 3278,1748 3118,1757 3110,1765 2931,1764 2911,1781 2447,1776 2419,1752 2316,1752 2280,1777 2052,1776 2040,1785 1928,1780 1896,1793 1860,1788 1852,1780 1453,1781 1357,1861 1333,1861 1297,1889 1279,1894"/>
        <Baseline points="1322,1775 1372,1775 1422,1774 1472,1773 1522,1770 1572,1768 1622,1766 1672,1764 1722,1761 1772,1758 1822,1756 1872,1754 1922,1752 1972,1750 2022,1748 2072,1746 2122,1743 2172,1742 2222,1739 2272,1738 2322,1737 2372,1736 2422,1734 2472,1734 2522,1734 2572,1731 2622,1729 2672,1729 2722,1727 2772,1726 2822,1725 2872,1724 2922,1721 2972,1718 3022,1717 3072,1717 3122,1716 3172,1715 3222,1713 3272,1713 3322,1715 3372,1713 3422,1708 3429,1707"/>
        <Word id="word_2bbc2090-1dc1-4fa8-a778-6d3e2837fb3d">
          <Coords points="1322,1740 1372,1740 1421,1739 1471,1738 1520,1735 1571,1733 1608,1732 1610,1776 1572,1778 1523,1780 1472,1783 1422,1784 1372,1785 1322,1785"/>
          <TextEquiv>
            <Unicode>d'novo</Unicode>
          </TextEquiv>
        </Word>
        <Word id="word_68d3ee02-2c47-4fd8-89dc-4f643b64ee70">
          <Coords points="1656,1730 1671,1729 1720,1726 1770,1723 1821,1721 1847,1720 1849,1765 1822,1766 1773,1768 1723,1771 1672,1774 1658,1775"/>
          <TextEquiv>
            <Unicode>voor</Unicode>
          </TextEquiv>
        </Word>
        <Word id="word_75ae3249-c2a0-4dd8-99be-a6bba821f199">
          <Coords points="1895,1718 1921,1717 1971,1715 2021,1713 2071,1711 2120,1708 2135,1708 2136,1753 2123,1753 2072,1756 2022,1758 1972,1760 1922,1762 1897,1763"/>
          <TextEquiv>
            <Unicode>drije</Unicode>
          </TextEquiv>
        </Word>
        <Word id="word_0a04a9d5-a114-4380-ba14-576fe26b75e6">
          <Coords points="2181,1707 2219,1704 2271,1703 2321,1702 2371,1701 2421,1699 2471,1699 2471,1744 2422,1744 2372,1746 2322,1747 2272,1748 2223,1749 2185,1752"/>
          <TextEquiv>
            <Unicode>achter</Unicode>
          </TextEquiv>
        </Word>
        <Word id="word_c185b481-1cfc-4fba-b4d2-317e9d033957">
          <Coords points="2519,1699 2522,1699 2570,1696 2621,1694 2663,1694 2663,1739 2622,1739 2573,1741 2522,1744 2519,1744"/>
          <TextEquiv>
            <Unicode>een</Unicode>
          </TextEquiv>
        </Word>
        <Word id="word_c86317f3-5da7-4c8d-a62c-fbcabe20955b">
          <Coords points="2705,1695 2716,1693 2771,1691 2821,1690 2871,1689 2920,1686 2970,1683 3021,1682 3072,1682 3093,1682 3094,1727 3072,1727 3022,1727 2973,1728 2923,1731 2872,1734 2822,1735 2772,1736 2724,1737 2713,1739"/>
          <TextEquiv>
            <Unicode>volgende</Unicode>
          </TextEquiv>
        </Word>
        <Word id="word_f7f07e0b-28a3-493c-8a7c-993e14cbbff3">
          <Coords points="3141,1681 3171,1680 3221,1678 3272,1678 3323,1680 3371,1678 3419,1673 3424,1672 3430,1717 3423,1718 3372,1723 3322,1725 3272,1723 3222,1723 3172,1725 3142,1726"/>
          <TextEquiv>
            <Unicode>jaeren</Unicode>
          </TextEquiv>
        </Word>
        <TextEquiv conf="0.8985854304067724">
          <Unicode>d'novo voor drije achter een volgende jaeren</Unicode>
        </TextEquiv>
        <TextStyle xHeight="48"/>
      </TextLine>
      <TextLine id="line_2ae6b8d7-9a22-4e51-81e7-a5040792408b">
        <Coords points="1244,1912 1295,1891 1334,1860 1358,1860 1370,1848 1382,1848 1438,1792 1458,1783 1502,1780 1854,1779 1874,1799 2034,1796 2054,1776 2278,1776 2306,1760 2406,1751 2418,1751 2450,1776 2914,1780 2926,1771 3066,1771 3074,1777 3311,1777 3311,1864 3114,1864 3050,1926 2322,1925 2314,1917 2246,1917 2222,1897 2078,1897 2050,1922 1854,1917 1846,1909 1398,1905 1370,1906 1334,1942 1286,1974 1244,1974"/>
        <Baseline points="1287,1900 1337,1898 1387,1896 1437,1893 1487,1891 1537,1889 1587,1889 1637,1884 1687,1882 1737,1881 1787,1880 1837,1878 1887,1876 1937,1874 1987,1872 2037,1869 2087,1867 2137,1866 2187,1865 2237,1863 2287,1862 2337,1862 2387,1861 2437,1860 2487,1859 2537,1858 2587,1856 2637,1854 2687,1853 2737,1852 2787,1849 2837,1847 2887,1847 2937,1846 2987,1844 3037,1842 3087,1840 3137,1841 3187,1841 3237,1840 3269,1843"/>
        <Word id="word_bb9c980d-00bf-4cab-9700-0ab30234005c">
          <Coords points="1286,1865 1336,1863 1386,1861 1389,1861 1392,1906 1387,1906 1337,1908 1287,1910"/>
          <TextEquiv>
            <Unicode>jn</Unicode>
          </TextEquiv>
        </Word>
        <Word id="word_33384577-f229-4b7b-9a2e-f0b45338ebd8">
          <Coords points="1442,1858 1486,1856 1536,1854 1548,1854 1548,1899 1537,1899 1487,1901 1444,1903"/>
          <TextEquiv>
            <Unicode>d'</Unicode>
          </TextEquiv>
        </Word>
        <Word id="word_84f4d7f9-e885-4ceb-ba01-c9fb2e576468">
          <Coords points="1595,1854 1632,1849 1686,1847 1736,1846 1786,1845 1836,1843 1859,1842 1861,1887 1837,1888 1787,1890 1737,1891 1687,1892 1638,1894 1601,1899"/>
          <TextEquiv>
            <Unicode>selve</Unicode>
          </TextEquiv>
        </Word>
        <Word id="word_c7cc8255-b34a-4644-9570-896ed31f0665">
          <Coords points="1911,1840 1936,1839 1986,1837 2035,1834 2086,1832 2136,1831 2186,1830 2236,1828 2286,1827 2337,1827 2386,1826 2434,1825 2435,1870 2387,1871 2337,1872 2287,1872 2237,1873 2187,1875 2137,1876 2087,1877 2038,1879 1987,1882 1937,1884 1913,1885"/>
          <TextEquiv>
            <Unicode>qualiteijt</Unicode>
          </TextEquiv>
        </Word>
        <Word id="word_81d15d5a-5909-40d9-8692-45f4be4c2f4c">
          <Coords points="2486,1824 2486,1824 2536,1823 2586,1821 2636,1819 2642,1819 2643,1864 2637,1864 2587,1866 2537,1868 2487,1869 2487,1869"/>
          <TextEquiv>
            <Unicode>van</Unicode>
          </TextEquiv>
        </Word>
        <Word id="word_8e1a4487-e1af-40c8-ab8d-c2c4cec5aca4">
          <Coords points="2694,1818 2736,1817 2785,1814 2836,1812 2887,1812 2936,1811 2986,1809 3036,1807 3086,1805 3138,1806 3187,1806 3236,1805 3272,1808 3268,1853 3237,1850 3187,1851 3137,1851 3087,1850 3037,1852 2987,1854 2937,1856 2887,1857 2837,1857 2788,1859 2737,1862 2695,1863"/>
          <TextEquiv>
            <Unicode>Bootsgesell</Unicode>
          </TextEquiv>
        </Word>
        <TextEquiv conf="0.936007834201083">
          <Unicode>jn d' selve qualiteijt van Bootsgesell</Unicode>
        </TextEquiv>
        <TextStyle xHeight="46"/>
      </TextLine>
      <TextLine id="line_5fbc0064-01de-4118-a766-9307468dee9f">
        <Coords points="1244,1956 1318,1957 1370,1906 1398,1902 1878,1894 1910,1890 1918,1882 1998,1878 2043,1878 2062,1897 2222,1897 2246,1917 2314,1917 2322,1925 3051,1925 3086,1893 3222,1893 3258,1925 3374,1928 3406,1948 3451,1946 3451,2033 3406,2033 3395,2043 3382,2035 3354,2035 3346,2027 2858,2028 2850,2036 2794,2040 2574,2047 2542,2078 2499,2036 2479,2047 1746,2051 1710,2087 1549,2082 1515,2114 1509,2110 1502,2117 1434,2110 1414,2094 1244,2095"/>
        <Baseline points="1287,2056 1337,2051 1387,2047 1437,2046 1487,2046 1537,2043 1587,2038 1637,2035 1687,2033 1737,2031 1787,2028 1837,2026 1887,2025 1937,2024 1987,2021 2037,2019 2087,2018 2137,2019 2187,2019 2237,2018 2287,2017 2337,2015 2387,2014 2437,2012 2487,2010 2537,2008 2587,2007 2637,2005 2687,2003 2737,2001 2787,2000 2837,2001 2887,2001 2937,2001 2987,2000 3037,1999 3087,1998 3137,1999 3187,2001 3237,2001 3287,2001 3337,2004 3387,2009 3409,2012"/>
        <Word id="word_fa7340c6-ef8b-4507-bc3d-0c665c7b9d4d">
          <Coords points="1284,2021 1334,2016 1384,2012 1436,2011 1487,2011 1535,2008 1584,2003 1635,2000 1686,1998 1736,1996 1785,1993 1828,1991 1830,2036 1788,2038 1737,2041 1687,2043 1638,2045 1588,2048 1538,2053 1487,2056 1437,2056 1388,2057 1338,2061 1288,2066"/>
          <TextEquiv>
            <Unicode>aengenomen,</Unicode>
          </TextEquiv>
        </Word>
        <Word id="word_21549a43-bb51-4434-8b80-7386bf0f4076">
          <Coords points="1882,1989 1890,1990 1936,1989 1985,1986 2036,1984 2075,1983 2076,2028 2037,2029 1988,2031 1937,2034 1886,2035 1878,2034"/>
          <TextEquiv>
            <Unicode>ende</Unicode>
          </TextEquiv>
        </Word>
        <Word id="word_6b16794d-b208-46c5-92e7-e2c316c2b7be">
          <Coords points="2131,1983 2142,1984 2187,1984 2236,1983 2273,1982 2274,2027 2237,2028 2187,2029 2135,2029 2124,2027"/>
          <TextEquiv>
            <Unicode>een</Unicode>
          </TextEquiv>
        </Word>
        <Word id="word_6bb24fef-c56f-43b8-9c50-3375f160e1b4">
          <Coords points="2320,1981 2334,1980 2386,1979 2436,1977 2486,1975 2536,1973 2586,1972 2636,1970 2686,1968 2736,1966 2786,1965 2817,1966 2816,2011 2787,2010 2737,2011 2687,2013 2637,2015 2587,2017 2537,2018 2487,2020 2437,2022 2387,2024 2338,2025 2324,2026"/>
          <TextEquiv>
            <Unicode>Belooningh</Unicode>
          </TextEquiv>
        </Word>
        <Word id="word_047cae15-36f5-4b97-aad5-c6fe5a751ac0">
          <Coords points="2865,1967 2886,1966 2937,1966 2986,1965 3013,1964 3014,2009 2987,2010 2937,2011 2887,2011 2866,2012"/>
          <TextEquiv>
            <Unicode>van</Unicode>
          </TextEquiv>
        </Word>
        <Word id="word_318af300-affc-4982-954a-fd1b02a65f73">
          <Coords points="3063,1963 3086,1963 3138,1964 3188,1966 3237,1966 3287,1966 3339,1969 3390,1974 3414,1977 3407,2022 3386,2019 3336,2014 3287,2011 3237,2011 3187,2011 3137,2009 3087,2008 3064,2008"/>
          <TextEquiv>
            <Unicode>twaelff</Unicode>
          </TextEquiv>
        </Word>
        <TextEquiv conf="0.9618470763215569">
          <Unicode>aengenomen, ende een Belooningh van twaelff</Unicode>
        </TextEquiv>
        <TextStyle xHeight="51"/>
      </TextLine>
      <TextLine id="line_11b7fea0-0e92-4844-967c-1705149b70b5">
        <Coords points="1218,2093 1412,2093 1432,2109 1472,2109 1484,2119 1504,2119 1547,2081 1708,2086 1756,2038 2067,2026 2483,2025 2519,2046 3383,2037 3405,2053 3424,2053 3455,2084 3455,2172 3410,2168 3384,2192 3158,2183 2950,2183 2938,2192 2875,2192 2731,2187 2721,2179 2663,2231 2615,2231 2603,2219 2343,2216 2299,2183 2208,2180 2063,2180 2016,2224 1911,2224 1859,2195 1704,2191 1272,2200 1218,2212"/>
        <Baseline points="1261,2193 1311,2186 1361,2179 1411,2174 1461,2170 1511,2168 1561,2166 1611,2163 1661,2161 1711,2159 1761,2159 1811,2158 1861,2157 1911,2156 1961,2155 2011,2154 2061,2151 2111,2148 2161,2146 2211,2146 2261,2146 2311,2147 2361,2148 2411,2146 2461,2146 2511,2145 2561,2143 2611,2142 2661,2142 2711,2144 2761,2144 2811,2143 2861,2144 2911,2144 2961,2146 3011,2145 3061,2144 3111,2143 3161,2144 3211,2143 3261,2142 3311,2143 3361,2146 3411,2151 3413,2151"/>
        <Word id="word_ade9b783-80f8-4f96-8aba-ff23ae8cb584">
          <Coords points="1256,2158 1306,2151 1356,2144 1408,2139 1458,2135 1510,2133 1560,2131 1609,2128 1626,2127 1628,2172 1612,2173 1561,2176 1511,2178 1462,2180 1412,2184 1362,2189 1312,2196 1262,2203"/>
          <TextEquiv>
            <Unicode>Guldens</Unicode>
          </TextEquiv>
        </Word>
        <Word id="word_67021c80-ae99-49c7-b111-59068db13015">
          <Coords points="1678,2125 1710,2124 1761,2124 1810,2123 1837,2122 1838,2167 1811,2168 1761,2169 1711,2169 1680,2170"/>
          <TextEquiv>
            <Unicode>ter</Unicode>
          </TextEquiv>
        </Word>
        <Word id="word_ce94a30b-1009-4893-aa8e-2bf25a9ad1f7">
          <Coords points="1889,2121 1910,2121 1960,2120 2010,2119 2059,2116 2109,2113 2151,2111 2153,2156 2112,2158 2062,2161 2011,2164 1961,2165 1911,2166 1890,2166"/>
          <TextEquiv>
            <Unicode>maent</Unicode>
          </TextEquiv>
        </Word>
        <Word id="word_69da2889-0669-4e1a-9b77-fa12ff123f22">
          <Coords points="2215,2111 2221,2112 2261,2111 2312,2112 2362,2113 2410,2111 2461,2111 2510,2110 2560,2108 2610,2107 2661,2107 2712,2109 2761,2109 2810,2108 2836,2108 2835,2153 2811,2153 2761,2154 2711,2154 2661,2152 2611,2152 2561,2153 2511,2155 2461,2156 2411,2156 2361,2158 2311,2157 2261,2156 2208,2156 2202,2154"/>
          <TextEquiv>
            <Unicode>toegevought,</Unicode>
          </TextEquiv>
        </Word>
        <Word id="word_f6a38b58-53da-4fb1-9e83-e22133960379">
          <Coords points="2887,2110 2910,2109 2962,2111 3010,2110 3060,2109 3110,2108 3162,2109 3210,2108 3260,2107 3312,2108 3363,2111 3413,2116 3414,2116 3413,2161 3410,2161 3360,2156 3311,2153 3261,2152 3211,2153 3161,2154 3111,2153 3061,2154 3011,2155 2961,2156 2911,2154 2888,2155"/>
          <TextEquiv>
            <Unicode>innegaende</Unicode>
          </TextEquiv>
        </Word>
        <TextEquiv conf="0.9355206883235931">
          <Unicode>Guldens ter maent toegevought, innegaende</Unicode>
        </TextEquiv>
        <TextStyle xHeight="55"/>
      </TextLine>
      <TextLine id="f0ac4dad-181d-47bd-b98e-0cbd5f790b9f">
        <Coords points="1221,2213 1243,2213 1283,2197 1456,2197 1483,2190 1702,2189 1710,2197 1854,2193 1874,2212 1898,2212 1914,2225 2009,2225 2021,2213 2035,2213 2067,2244 2138,2177 2202,2177 2210,2185 2294,2181 2345,2220 2601,2220 2617,2233 2659,2233 2697,2197 2721,2197 2729,2189 3156,2181 3224,2248 3324,2248 3332,2256 3380,2256 3388,2264 3428,2225 3445,2224 3445,2311 3428,2307 3416,2316 3404,2315 3386,2299 3084,2299 3049,2331 2361,2322 2246,2323 2238,2331 1598,2327 1586,2318 1221,2318"/>
        <Baseline points="1264,2304 1314,2300 1364,2299 1414,2297 1464,2296 1514,2294 1564,2292 1614,2291 1664,2289 1714,2289 1764,2287 1814,2285 1864,2283 1914,2282 1964,2280 2014,2280 2064,2279 2114,2278 2164,2281 2214,2285 2264,2285 2314,2285 2364,2283 2414,2283 2464,2285 2514,2287 2564,2286 2614,2285 2664,2285 2714,2282 2764,2281 2814,2282 2864,2282 2914,2282 2964,2282 3014,2283 3064,2282 3114,2281 3164,2281 3214,2282 3264,2282 3314,2280 3364,2283 3403,2290"/>
        <Word id="word_6c785969-af5d-4b44-ba52-edd9761413e1">
          <Coords points="1261,2269 1311,2265 1363,2264 1413,2262 1463,2261 1513,2259 1563,2257 1613,2256 1619,2256 1621,2301 1614,2301 1564,2302 1514,2304 1464,2306 1414,2307 1364,2309 1315,2310 1265,2314"/>
          <TextEquiv>
            <Unicode>tnieuwe</Unicode>
          </TextEquiv>
        </Word>
        <Word id="word_0d9e57ef-297d-497e-9fbe-ae345a15984a">
          <Coords points="1672,2254 1714,2254 1763,2252 1813,2250 1863,2248 1913,2247 1963,2245 2014,2245 2063,2244 2113,2243 2132,2244 2129,2289 2114,2288 2064,2289 2014,2290 1964,2290 1914,2292 1864,2293 1814,2295 1764,2297 1714,2299 1671,2299"/>
          <TextEquiv>
            <Unicode>verbandt,</Unicode>
          </TextEquiv>
        </Word>
        <Word id="word_4319fa4b-dd7d-4d72-83bc-a6db0d2da11c">
          <Coords points="2184,2247 2217,2250 2264,2250 2314,2250 2363,2248 2385,2248 2385,2293 2364,2293 2314,2295 2264,2295 2213,2295 2180,2292"/>
          <TextEquiv>
            <Unicode>ende</Unicode>
          </TextEquiv>
        </Word>
        <Word id="word_33e8812d-d405-4f4a-809e-991a01efaf07">
          <Coords points="2438,2248 2466,2250 2515,2252 2537,2252 2538,2297 2514,2297 2463,2295 2435,2293"/>
          <TextEquiv>
            <Unicode>d'</Unicode>
          </TextEquiv>
        </Word>
        <Word id="word_1f742c79-06e0-41b6-b9fc-4d17ed970ae7">
          <Coords points="2588,2251 2613,2250 2664,2250 2712,2247 2763,2246 2815,2247 2864,2247 2914,2247 2964,2247 3015,2248 3063,2247 3113,2246 3164,2246 3201,2247 3200,2292 3164,2291 3114,2291 3064,2292 3014,2293 2964,2292 2914,2292 2864,2292 2814,2292 2764,2291 2715,2292 2664,2295 2614,2295 2589,2296"/>
          <TextEquiv>
            <Unicode>verbeteringe</Unicode>
          </TextEquiv>
        </Word>
        <Word id="word_a3dcee10-6ab8-4209-93a1-824b39856bdb">
          <Coords points="3249,2248 3262,2247 3313,2245 3366,2248 3409,2256 3401,2300 3363,2293 3314,2290 3265,2292 3251,2293"/>
          <TextEquiv>
            <Unicode>van</Unicode>
          </TextEquiv>
        </Word>
        <TextEquiv conf="0.9242947179460107">
          <Unicode>tnieuwe verbandt, ende d' verbeteringe van</Unicode>
        </TextEquiv>
        <TextStyle xHeight="44"/>
      </TextLine>
      <TextLine id="line_3d94179d-e276-4195-a98b-ee629bc85e85">
        <Coords points="1221,2318 1587,2318 1599,2330 1639,2334 1767,2334 1787,2354 1803,2359 2134,2347 2142,2339 2347,2339 2363,2330 2399,2339 2399,2426 1503,2429 1475,2433 1467,2441 1335,2441 1323,2453 1295,2461 1243,2461 1221,2469"/>
        <Baseline points="1264,2431 1314,2429 1364,2427 1414,2425 1464,2422 1514,2419 1564,2418 1614,2417 1664,2415 1714,2413 1764,2413 1814,2411 1864,2409 1914,2407 1964,2406 2014,2403 2064,2402 2114,2401 2164,2401 2214,2400 2264,2399 2314,2403 2357,2405"/>
        <Word id="word_d54d0af8-597d-406d-832f-5c1a0a052e1a">
          <Coords points="1263,2396 1313,2394 1363,2392 1413,2390 1462,2387 1512,2384 1548,2383 1549,2428 1515,2429 1465,2432 1414,2435 1364,2437 1314,2439 1264,2441"/>
          <TextEquiv>
            <Unicode>gagiet</Unicode>
          </TextEquiv>
        </Word>
        <Word id="word_0e73616c-2443-419c-b203-9341bc5d0cca">
          <Coords points="1596,2382 1613,2382 1663,2380 1713,2378 1764,2378 1785,2377 1787,2422 1764,2423 1714,2423 1664,2425 1614,2427 1597,2427"/>
          <TextEquiv>
            <Unicode>dato</Unicode>
          </TextEquiv>
        </Word>
        <Word id="word_5b9bcfb0-8962-4a0b-b03f-2f84529afbdc">
          <Coords points="1833,2375 1863,2374 1913,2372 1963,2371 1975,2370 1977,2415 1964,2416 1914,2417 1864,2419 1835,2420"/>
          <TextEquiv>
            <Unicode>als</Unicode>
          </TextEquiv>
        </Word>
        <Word id="word_8beea220-2ce9-44f6-a845-18d0c4fab58e">
          <Coords points="2024,2367 2064,2367 2113,2366 2164,2366 2213,2365 2263,2364 2317,2368 2359,2370 2357,2415 2313,2413 2264,2409 2214,2410 2164,2411 2114,2411 2064,2412 2024,2412"/>
          <TextEquiv>
            <Unicode>vooren—</Unicode>
          </TextEquiv>
        </Word>
        <TextEquiv conf="0.8579701855455965">
          <Unicode>gagiet dato als vooren—</Unicode>
        </TextEquiv>
        <TextStyle xHeight="35"/>
      </TextLine>
    </TextRegion>
    <TextRegion id="region_00f51237-4ba4-4e4c-b4f4-f1ed0edc4d70_1" custom="structure {type:paragraph;}">
      <Coords points="1244,2692 1230,2717 1216,2776 1219,2863 1212,2908 1223,2947 1219,3009 1233,3079 1233,3176 1240,3225 1233,3263 1216,3295 1209,3326 1209,3382 1216,3420 1212,3490 1226,3535 1233,3601 1226,3674 1205,3772 1198,3894 1198,4071 1209,4228 1205,4354 1212,4406 1233,4437 1338,4437 1592,4458 1637,4458 1700,4448 1804,4448 1923,4462 2139,4448 2466,4448 2557,4437 2654,4444 2923,4441 2975,4448 3090,4448 3114,4441 3132,4444 3198,4437 3226,4420 3257,4371 3306,4326 3337,4256 3344,4197 3341,4145 3327,4106 3320,3967 3309,3894 3313,3821 3306,3786 3320,3744 3320,3720 3309,3699 3309,3615 3320,3587 3313,3546 3313,3434 3323,3323 3323,3246 3313,3211 3309,3124 3320,3110 3337,3030 3365,2974 3358,2898 3375,2852 3365,2724 3344,2692 3302,2682 3111,2692 2975,2685 2780,2685 2717,2675 2571,2668 2473,2671 2417,2682 1881,2675 1825,2668 1707,2637 1672,2633 1588,2637 1568,2647 1536,2647 1515,2657 1477,2664 1324,2664 1299,2675 1268,2678"/>
      <TextLine id="ee1edefd-cdda-402e-9a72-64318aa6c1c2">
        <Coords points="1132,2641 1382,2644 1518,2511 1759,2511 1773,2498 1801,2514 1909,2613 2417,2609 2437,2626 2525,2618 3343,2617 3397,2671 3397,2759 3391,2763 3348,2754 3092,2754 3068,2775 2924,2779 2916,2787 2673,2787 2653,2795 2413,2799 2081,2798 1566,2786 1554,2774 1542,2780 1132,2779"/>
        <Baseline points="1175,2764 1225,2757 1275,2755 1325,2755 1375,2754 1425,2755 1475,2758 1525,2758 1575,2758 1625,2757 1675,2756 1725,2755 1775,2753 1825,2747 1875,2747 1925,2748 1975,2749 2025,2748 2075,2747 2125,2747 2175,2746 2225,2744 2275,2743 2325,2745 2375,2748 2425,2747 2475,2746 2525,2745 2575,2744 2625,2743 2675,2741 2725,2741 2775,2740 2825,2739 2875,2738 2925,2739 2975,2739 3025,2740 3075,2739 3125,2737 3175,2738 3225,2739 3275,2739 3325,2738 3355,2738"/>
        <Word id="word_4f78ceb8-eea4-406f-b5e6-1300d2580562">
          <Coords points="1170,2729 1220,2722 1274,2720 1325,2720 1374,2719 1426,2720 1477,2723 1525,2723 1575,2723 1598,2723 1599,2768 1575,2768 1525,2768 1474,2768 1425,2765 1375,2764 1325,2765 1275,2765 1226,2767 1176,2774"/>
          <TextEquiv>
            <Unicode>Pietter</Unicode>
          </TextEquiv>
        </Word>
        <Word id="word_d2b3d437-19a1-4461-a221-7fc7a060e394">
          <Coords points="1658,2721 1674,2721 1724,2720 1774,2718 1821,2712 1841,2712 1841,2757 1826,2757 1775,2763 1725,2765 1675,2766 1659,2766"/>
          <TextEquiv>
            <Unicode>dij</Unicode>
          </TextEquiv>
        </Word>
        <Word id="word_0cf22152-82b2-4227-88f7-29e01914d401">
          <Coords points="1903,2712 1926,2713 1976,2714 2024,2713 2074,2712 2083,2712 2083,2757 2075,2757 2025,2758 1975,2759 1925,2758 1901,2757"/>
          <TextEquiv>
            <Unicode>van</Unicode>
          </TextEquiv>
        </Word>
        <Word id="word_de25907a-e6ed-48b8-bf8b-28f8c76a4f7b">
          <Coords points="2142,2712 2174,2711 2224,2709 2274,2708 2326,2710 2377,2713 2424,2712 2474,2711 2506,2710 2507,2755 2475,2756 2425,2757 2374,2758 2325,2755 2275,2753 2225,2754 2175,2756 2144,2757"/>
          <TextEquiv>
            <Unicode>Bergen</Unicode>
          </TextEquiv>
        </Word>
        <Word id="word_70b030aa-a9d7-4355-be24-e032c28eb05c">
          <Coords points="2567,2709 2574,2709 2624,2708 2674,2706 2689,2706 2689,2751 2675,2751 2625,2753 2575,2754 2568,2754"/>
          <TextEquiv>
            <Unicode>in</Unicode>
          </TextEquiv>
        </Word>
        <Word id="word_5307d237-a0a7-47e1-847b-fdb72a3a0556">
          <Coords points="2748,2706 2774,2705 2824,2704 2874,2703 2926,2704 2931,2704 2931,2749 2925,2749 2875,2748 2825,2749 2775,2750 2750,2751"/>
          <TextEquiv>
            <Unicode>hen</Unicode>
          </TextEquiv>
        </Word>
        <Word id="word_3ec27ef4-7dfe-4f13-a7b1-9a3887108b60">
          <Coords points="2993,2704 3026,2705 3074,2704 3124,2702 3176,2703 3226,2704 3275,2704 3324,2703 3355,2703 3355,2748 3325,2748 3275,2749 3225,2749 3175,2748 3125,2747 3075,2749 3025,2750 2991,2749"/>
          <TextEquiv>
            <Unicode>gouwel</Unicode>
          </TextEquiv>
        </Word>
        <TextEquiv conf="0.8215482389411584">
          <Unicode>Pietter dij van Bergen in hen gouwel</Unicode>
        </TextEquiv>
        <TextStyle xHeight="56"/>
      </TextLine>
      <TextLine id="line_43c4cf11-10f9-4eda-acdc-5315ef128824">
        <Coords points="1199,2782 1541,2780 1550,2774 1617,2830 1665,2786 1757,2786 1765,2794 2412,2799 2652,2795 2676,2787 2916,2787 2924,2779 3381,2778 3404,2798 3429,2798 3429,2886 3356,2885 3328,2913 2540,2924 2528,2912 2185,2917 1829,2908 1777,2900 1281,2900 1245,2925 1199,2929"/>
        <Baseline points="1242,2863 1292,2866 1342,2867 1392,2867 1442,2868 1492,2869 1542,2870 1592,2870 1642,2870 1692,2871 1742,2872 1792,2870 1842,2871 1892,2870 1942,2871 1992,2873 2042,2873 2092,2874 2142,2876 2192,2877 2242,2877 2292,2877 2342,2878 2392,2877 2442,2876 2492,2876 2542,2876 2592,2875 2642,2873 2692,2872 2742,2871 2792,2870 2842,2869 2892,2868 2942,2866 2992,2865 3042,2866 3092,2865 3142,2865 3192,2864 3242,2864 3292,2864 3342,2865 3387,2864"/>
        <Word id="word_f716daf6-1f42-45d0-adce-e79633bcfbb2">
          <Coords points="1244,2828 1294,2831 1343,2832 1388,2832 1388,2877 1342,2877 1291,2876 1241,2873"/>
          <TextEquiv>
            <Unicode>int</Unicode>
          </TextEquiv>
        </Word>
        <Word id="word_608ff93d-0a93-4437-a5b2-a1f6057bae29">
          <Coords points="1444,2833 1449,2834 1493,2834 1543,2835 1592,2835 1642,2835 1681,2836 1680,2881 1642,2880 1592,2880 1542,2880 1492,2879 1440,2878 1435,2877"/>
          <TextEquiv>
            <Unicode>landt</Unicode>
          </TextEquiv>
        </Word>
        <Word id="word_b6a726db-f09b-47c5-8d89-026b619719ff">
          <Coords points="1730,2837 1743,2837 1791,2835 1843,2836 1891,2835 1943,2836 1993,2838 2042,2838 2071,2839 2070,2884 2042,2883 1992,2883 1942,2881 1892,2880 1842,2881 1792,2880 1742,2882 1729,2882"/>
          <TextEquiv>
            <Unicode>gecomen</Unicode>
          </TextEquiv>
        </Word>
        <Word id="word_c81edc1d-9260-4b0d-9b2f-bf4e95842799">
          <Coords points="2122,2840 2144,2841 2193,2842 2242,2842 2266,2842 2266,2887 2242,2887 2192,2887 2141,2886 2119,2885"/>
          <TextEquiv>
            <Unicode>met</Unicode>
          </TextEquiv>
        </Word>
        <Word id="word_18674f98-3ea9-4ea3-a4b1-b6ad6a5ef419">
          <Coords points="2316,2842 2343,2843 2391,2842 2441,2841 2492,2841 2542,2841 2591,2840 2605,2839 2607,2884 2592,2885 2542,2886 2492,2886 2442,2886 2392,2887 2342,2888 2314,2887"/>
          <TextEquiv>
            <Unicode>tschip</Unicode>
          </TextEquiv>
        </Word>
        <Word id="word_e01019d0-a09c-4c87-bbaf-b9298bf9efb4">
          <Coords points="2655,2837 2692,2837 2741,2836 2752,2836 2753,2881 2742,2881 2692,2882 2656,2882"/>
          <TextEquiv>
            <Unicode>d'</Unicode>
          </TextEquiv>
        </Word>
        <Word id="word_ec935f5a-9bd5-4885-be68-65edd0f21d9e">
          <Coords points="2801,2835 2841,2834 2891,2833 2941,2831 2991,2830 3043,2831 3091,2830 3142,2830 3191,2829 3242,2829 3292,2829 3343,2830 3386,2829 3387,2874 3342,2875 3292,2874 3242,2874 3192,2874 3142,2875 3092,2875 3042,2876 2992,2875 2942,2876 2892,2878 2842,2879 2802,2880"/>
          <TextEquiv>
            <Unicode>vogelstruijs</Unicode>
          </TextEquiv>
        </Word>
        <TextEquiv conf="0.8956525161119423">
          <Unicode>int landt gecomen met tschip d' vogelstruijs</Unicode>
        </TextEquiv>
        <TextStyle xHeight="43"/>
      </TextLine>
      <TextLine id="line_061150c6-1a1f-4864-bb06-96f14c487928">
        <Coords points="1199,2928 1237,2928 1269,2908 1601,2899 1777,2899 1933,2911 2180,2911 2221,2919 2253,2919 2260,2912 2528,2911 2540,2923 3048,2923 3108,2943 3308,2944 3313,2938 3313,3025 2213,3025 2069,3034 2041,3009 2025,3009 2013,3018 1849,3018 1809,3050 1701,3050 1293,3041 1269,3021 1233,3021 1199,3006"/>
        <Baseline points="1242,3002 1292,3000 1342,3000 1392,2999 1442,2996 1492,2996 1542,2999 1592,2998 1642,2998 1692,2999 1742,2999 1792,2999 1842,2999 1892,2997 1942,2997 1992,2999 2042,2999 2092,2998 2142,2998 2192,2999 2242,2998 2292,2998 2342,3000 2392,3001 2442,3002 2492,3002 2542,3004 2592,3003 2642,3004 2692,3004 2742,3005 2792,3006 2842,3007 2892,3007 2942,3008 2992,3007 3042,3006 3092,3006 3142,3004 3192,3006 3242,3006 3271,3004"/>
        <Word id="word_bcf22999-b9e2-4075-baa8-26ab8c5a9c07">
          <Coords points="1241,2967 1291,2965 1342,2965 1343,2965 1344,3010 1342,3010 1292,3010 1242,3012"/>
          <TextEquiv>
            <Unicode>ao</Unicode>
          </TextEquiv>
        </Word>
        <Word id="word_b37b5486-f530-4737-aab5-7d0f81d12acd">
          <Coords points="1392,2964 1440,2961 1492,2961 1544,2964 1591,2963 1597,2963 1597,3008 1592,3008 1541,3009 1492,3006 1443,3006 1395,3009"/>
          <TextEquiv>
            <Unicode>1641</Unicode>
          </TextEquiv>
        </Word>
        <Word id="word_46e4c238-6036-4ea0-9fa6-51c2d8fdbdc9">
          <Coords points="1648,2963 1693,2964 1742,2964 1792,2964 1842,2964 1849,2964 1851,3009 1842,3009 1792,3009 1742,3009 1692,3009 1647,3008"/>
          <TextEquiv>
            <Unicode>voor</Unicode>
          </TextEquiv>
        </Word>
        <Word id="word_f3977544-1044-4b4b-8f05-478205ebf314">
          <Coords points="1902,2962 1942,2962 1993,2964 2042,2964 2091,2963 2142,2963 2156,2963 2155,3008 2142,3008 2092,3008 2042,3009 1992,3009 1942,3007 1901,3007"/>
          <TextEquiv>
            <Unicode>jongh</Unicode>
          </TextEquiv>
        </Word>
        <Word id="word_717c3e5d-ae62-496b-a682-847988bec111">
          <Coords points="2205,2964 2241,2963 2292,2963 2343,2965 2393,2966 2443,2967 2492,2967 2543,2969 2591,2968 2643,2969 2692,2969 2743,2970 2764,2970 2764,3015 2742,3015 2692,3014 2642,3014 2592,3013 2542,3014 2492,3012 2442,3012 2392,3011 2342,3010 2292,3008 2242,3008 2206,3009"/>
          <TextEquiv>
            <Unicode>Bootsgesell</Unicode>
          </TextEquiv>
        </Word>
        <Word id="word_31abb2ee-4d24-427f-8175-16416ff6097a">
          <Coords points="2815,2971 2843,2972 2892,2972 2943,2973 2966,2973 2967,3018 2942,3018 2892,3017 2842,3017 2814,3016"/>
          <TextEquiv>
            <Unicode>met</Unicode>
          </TextEquiv>
        </Word>
        <Word id="word_78e326d5-d40c-4bcc-ba79-efadbcd0b871">
          <Coords points="3017,2971 3041,2971 3068,2971 3068,3016 3042,3016 3018,3016"/>
          <TextEquiv>
            <Unicode>6</Unicode>
          </TextEquiv>
        </Word>
        <Word id="word_afd79d01-8f66-4550-8196-70cb5c1559cd">
          <Coords points="3116,2971 3139,2969 3193,2971 3242,2971 3269,2969 3272,3014 3242,3016 3192,3016 3143,3014 3120,3016"/>
          <TextEquiv>
            <Unicode>gl.</Unicode>
          </TextEquiv>
        </Word>
        <TextEquiv conf="0.8845903100517192">
          <Unicode>ao 1641 voor jongh Bootsgesell met 6 gl.</Unicode>
        </TextEquiv>
        <TextStyle xHeight="43"/>
      </TextLine>
      <TextLine id="a19f2f1e-8778-4e9d-9123-9aefd9cc0fc3">
        <Coords points="1209,3007 1271,3039 1511,3039 1519,3047 1815,3048 1855,3019 2010,3020 2023,3007 2039,3007 2071,3036 2211,3027 2687,3031 2715,3059 2967,3059 3003,3095 3296,3092 3296,3179 3199,3181 3183,3169 2747,3174 2723,3173 2715,3165 2471,3161 1907,3162 1887,3182 1651,3190 1627,3173 1209,3165"/>
        <Baseline points="1252,3139 1302,3136 1352,3138 1402,3139 1452,3139 1502,3140 1552,3141 1602,3141 1652,3139 1702,3137 1752,3138 1802,3138 1852,3139 1902,3138 1952,3138 2002,3139 2052,3140 2102,3140 2152,3140 2202,3142 2252,3144 2302,3145 2352,3144 2402,3144 2452,3144 2502,3145 2552,3147 2602,3148 2652,3150 2702,3150 2752,3152 2802,3152 2852,3153 2902,3153 2952,3155 3002,3157 3052,3158 3102,3158 3152,3158 3202,3160 3252,3158 3254,3158"/>
        <Word id="word_b811b6ec-15c5-4607-b03c-f11398040f87">
          <Coords points="1250,3104 1300,3101 1353,3103 1403,3104 1452,3104 1503,3105 1531,3106 1530,3151 1502,3150 1452,3149 1402,3149 1352,3148 1303,3146 1253,3149"/>
          <TextEquiv>
            <Unicode>nader</Unicode>
          </TextEquiv>
        </Word>
        <Word id="word_0a0022d4-1a8d-452e-8289-a9aaf4ed628f">
          <Coords points="1584,3107 1601,3106 1651,3104 1701,3102 1753,3103 1802,3103 1809,3103 1808,3148 1802,3148 1752,3148 1702,3147 1652,3149 1602,3151 1586,3152"/>
          <TextEquiv>
            <Unicode>hant</Unicode>
          </TextEquiv>
        </Word>
        <Word id="word_7fac3502-81d6-4c4f-af37-3a082e264201">
          <Coords points="1863,3104 1901,3103 1952,3103 2003,3104 2053,3105 2102,3105 2152,3105 2203,3107 2253,3109 2303,3110 2351,3109 2364,3109 2364,3154 2352,3154 2302,3155 2252,3154 2202,3152 2152,3150 2102,3150 2052,3150 2002,3149 1952,3148 1902,3148 1864,3149"/>
          <TextEquiv>
            <Unicode>gevordert</Unicode>
          </TextEquiv>
        </Word>
        <Word id="word_e2735d4b-78ce-41f9-b97f-fd07267066f8">
          <Coords points="2420,3109 2452,3109 2503,3110 2553,3112 2587,3113 2586,3158 2552,3157 2502,3155 2452,3154 2420,3154"/>
          <TextEquiv>
            <Unicode>tot</Unicode>
          </TextEquiv>
        </Word>
        <Word id="word_4ee70658-3ba4-44a3-8ade-4d2c8ab3838a">
          <Coords points="2647,3114 2656,3115 2702,3115 2753,3117 2802,3117 2853,3118 2902,3118 2953,3120 3003,3122 3032,3123 3031,3168 3002,3167 2952,3165 2902,3163 2852,3163 2802,3162 2752,3162 2702,3160 2651,3160 2641,3159"/>
          <TextEquiv>
            <Unicode>soldaet</Unicode>
          </TextEquiv>
        </Word>
        <Word id="word_1c3b8d4e-d8df-419e-9e46-ebf00e6d8732">
          <Coords points="3085,3124 3100,3123 3152,3123 3203,3125 3251,3123 3254,3123 3254,3168 3252,3168 3202,3170 3152,3168 3102,3168 3088,3169"/>
          <TextEquiv>
            <Unicode>met</Unicode>
          </TextEquiv>
        </Word>
        <TextEquiv conf="0.9378866167117743">
          <Unicode>nader hant gevordert tot soldaet met</Unicode>
        </TextEquiv>
        <TextStyle xHeight="43"/>
      </TextLine>
      <TextLine id="line_0bc9f0b7-b245-4b5e-94c8-edc2638ddc97">
        <Coords points="1276,3167 1634,3175 1654,3191 2194,3190 2214,3199 2905,3194 2929,3218 3021,3218 3053,3243 3217,3242 3245,3266 3383,3270 3422,3231 3422,3318 3390,3302 3374,3309 3273,3309 3201,3381 3121,3381 3089,3368 3033,3368 3025,3360 2937,3377 2837,3377 2797,3340 2098,3341 2059,3309 1558,3321 1276,3312"/>
        <Baseline points="1319,3268 1369,3277 1419,3276 1469,3275 1519,3276 1569,3276 1619,3280 1669,3282 1719,3284 1769,3286 1819,3285 1869,3285 1919,3286 1969,3286 2019,3285 2069,3285 2119,3284 2169,3286 2219,3288 2269,3291 2319,3294 2369,3296 2419,3298 2469,3299 2519,3301 2569,3302 2619,3304 2669,3305 2719,3305 2769,3306 2819,3305 2869,3305 2919,3305 2969,3304 3019,3304 3069,3304 3119,3305 3169,3302 3219,3299 3269,3298 3319,3297 3369,3299 3380,3297"/>
        <Word id="word_60219069-eb40-4276-952a-b37fe28828fd">
          <Coords points="1325,3234 1375,3243 1418,3241 1468,3240 1520,3241 1569,3241 1600,3243 1596,3288 1569,3286 1519,3286 1469,3285 1419,3286 1367,3287 1317,3278"/>
          <TextEquiv>
            <Unicode>Gagie</Unicode>
          </TextEquiv>
        </Word>
        <Word id="word_56f994ed-45ad-44ba-8c35-bc8a2add6b65">
          <Coords points="1651,3248 1668,3247 1720,3249 1770,3251 1818,3250 1820,3250 1820,3295 1819,3295 1769,3296 1719,3294 1669,3292 1653,3293"/>
          <TextEquiv>
            <Unicode>van</Unicode>
          </TextEquiv>
        </Word>
        <Word id="word_f9dfb2b8-7ee9-42be-8985-77013b3471c4">
          <Coords points="1876,3250 1920,3251 1931,3251 1931,3296 1919,3296 1875,3295"/>
          <TextEquiv>
            <Unicode>9</Unicode>
          </TextEquiv>
        </Word>
        <Word id="word_c1de9e0a-149a-43c4-8e8a-f9f1d9215c4f">
          <Coords points="1986,3251 2018,3250 2069,3250 2098,3249 2099,3294 2069,3295 2019,3295 1987,3296"/>
          <TextEquiv>
            <Unicode>gl</Unicode>
          </TextEquiv>
        </Word>
        <Word id="word_d56ca321-9caf-4c0f-9800-7dc8866c425a">
          <Coords points="2160,3249 2175,3252 2220,3253 2271,3256 2321,3259 2322,3259 2321,3304 2318,3304 2268,3301 2219,3298 2167,3296 2152,3293"/>
          <TextEquiv>
            <Unicode>ter</Unicode>
          </TextEquiv>
        </Word>
        <Word id="word_fa1b857f-50a7-4291-914b-c0ca5c840c92">
          <Coords points="2378,3261 2420,3263 2470,3264 2520,3266 2570,3267 2620,3269 2656,3270 2655,3315 2619,3314 2569,3312 2519,3311 2469,3309 2419,3308 2376,3306"/>
          <TextEquiv>
            <Unicode>maent</Unicode>
          </TextEquiv>
        </Word>
        <Word id="word_3df264b2-fb59-453e-ad5a-a75a33c44661">
          <Coords points="2707,3271 2715,3270 2770,3271 2818,3270 2869,3270 2919,3270 2933,3270 2934,3315 2919,3315 2869,3315 2819,3315 2769,3316 2720,3315 2712,3316"/>
          <TextEquiv>
            <Unicode>wert</Unicode>
          </TextEquiv>
        </Word>
        <Word id="word_9bea1316-3e23-4ee0-8ed4-0b078e1f3c45">
          <Coords points="2990,3269 3019,3269 3069,3269 3102,3270 3101,3315 3069,3314 3019,3314 2990,3314"/>
          <TextEquiv>
            <Unicode>op</Unicode>
          </TextEquiv>
        </Word>
        <Word id="word_a8f23563-5cfd-446e-a877-3238d1922728">
          <Coords points="3147,3272 3159,3269 3217,3264 3268,3263 3318,3262 3370,3264 3373,3263 3381,3307 3369,3309 3319,3307 3269,3308 3220,3309 3172,3312 3160,3315"/>
          <TextEquiv>
            <Unicode>sijn</Unicode>
          </TextEquiv>
        </Word>
        <TextEquiv conf="0.941144997363654">
          <Unicode>Gagie van 9 gl ter maent wert op sijn</Unicode>
        </TextEquiv>
        <TextStyle xHeight="43"/>
      </TextLine>
      <TextLine id="line_14c3b834-6381-42f8-8501-3681386ee666">
        <Coords points="1194,3313 1400,3313 1412,3322 1555,3322 1563,3314 2063,3309 2103,3349 2147,3349 2159,3361 2582,3362 2598,3346 2801,3341 2838,3377 2882,3378 2934,3378 3013,3358 3033,3369 3093,3369 3113,3378 3201,3378 3241,3338 3269,3337 3321,3385 3338,3385 3338,3472 2794,3476 2774,3496 2542,3496 2518,3520 2458,3520 2386,3515 2346,3475 2326,3467 1887,3463 1879,3455 1194,3455"/>
        <Baseline points="1237,3420 1287,3421 1337,3419 1387,3418 1437,3418 1487,3420 1537,3421 1587,3423 1637,3426 1687,3427 1737,3428 1787,3428 1837,3429 1887,3430 1937,3430 1987,3432 2037,3432 2087,3433 2137,3434 2187,3433 2237,3433 2287,3433 2337,3435 2387,3437 2437,3437 2487,3438 2537,3442 2587,3444 2637,3444 2687,3440 2737,3442 2787,3444 2837,3445 2887,3448 2937,3448 2987,3449 3037,3450 3087,3451 3137,3453 3187,3454 3237,3453 3287,3453 3296,3451"/>
        <Word id="word_a2b19579-9a20-40ac-a09a-c0c378350093">
          <Coords points="1238,3385 1288,3386 1336,3384 1386,3383 1437,3383 1488,3385 1538,3386 1588,3388 1639,3391 1660,3391 1659,3436 1636,3436 1587,3433 1537,3431 1487,3430 1437,3428 1387,3428 1337,3429 1287,3431 1237,3430"/>
          <TextEquiv>
            <Unicode>vertoogh</Unicode>
          </TextEquiv>
        </Word>
        <Word id="word_f9a8820e-e07e-47ac-a1fd-96b090a0ce13">
          <Coords points="1713,3393 1738,3393 1787,3393 1838,3394 1888,3395 1923,3395 1923,3440 1887,3440 1837,3439 1787,3438 1737,3438 1712,3438"/>
          <TextEquiv>
            <Unicode>mits</Unicode>
          </TextEquiv>
        </Word>
        <Word id="word_0aca1566-793f-4511-bcaf-ef3ced9d17ee">
          <Coords points="1983,3396 1993,3398 2037,3397 2088,3398 2138,3399 2186,3398 2237,3398 2287,3398 2338,3400 2388,3402 2437,3402 2452,3402 2451,3447 2437,3447 2387,3447 2337,3445 2287,3443 2237,3443 2187,3443 2137,3444 2087,3443 2037,3442 1985,3442 1974,3440"/>
          <TextEquiv>
            <Unicode>Expiratie</Unicode>
          </TextEquiv>
        </Word>
        <Word id="word_a9fdedf2-4a6c-42e2-8b62-76f09fd9430a">
          <Coords points="2508,3404 2541,3407 2588,3409 2637,3409 2660,3407 2663,3452 2637,3454 2587,3454 2536,3452 2503,3448"/>
          <TextEquiv>
            <Unicode>des</Unicode>
          </TextEquiv>
        </Word>
        <Word id="word_8fbfb349-7a5d-41bc-95d3-16b36bc10e2b">
          <Coords points="2722,3403 2744,3408 2788,3409 2838,3410 2889,3413 2937,3413 2988,3414 3032,3415 3031,3460 2987,3459 2937,3458 2886,3458 2837,3455 2787,3454 2735,3452 2713,3448"/>
          <TextEquiv>
            <Unicode>tijts,</Unicode>
          </TextEquiv>
        </Word>
        <Word id="word_104650be-d292-4371-b0ca-6ffac2039a18">
          <Coords points="3085,3416 3088,3416 3138,3418 3188,3419 3236,3418 3287,3418 3288,3417 3298,3461 3287,3463 3237,3463 3187,3464 3137,3463 3087,3461 3084,3461"/>
          <TextEquiv>
            <Unicode>ende</Unicode>
          </TextEquiv>
        </Word>
        <TextEquiv conf="0.8725583300408584">
          <Unicode>vertoogh mits Expiratie des tijts, ende</Unicode>
        </TextEquiv>
        <TextStyle xHeight="45"/>
      </TextLine>
      <TextLine id="line_03bf72dc-f7ce-4827-ac3d-08e4003d8a18">
        <Coords points="1210,3457 1703,3457 1715,3465 1795,3470 2137,3469 2151,3461 2326,3465 2350,3477 2390,3517 2518,3518 2542,3498 2630,3494 3137,3489 3153,3493 3169,3509 3217,3509 3229,3521 3377,3521 3384,3528 3398,3518 3398,3605 3387,3593 3380,3600 3241,3599 3193,3643 3077,3642 3059,3627 2546,3630 2510,3599 2442,3599 2361,3675 2295,3679 2219,3611 2111,3611 2103,3603 1695,3604 1675,3591 1599,3587 1328,3587 1296,3614 1210,3620"/>
        <Baseline points="1253,3559 1303,3555 1353,3552 1403,3551 1453,3551 1503,3551 1553,3551 1603,3553 1653,3555 1703,3555 1753,3555 1803,3556 1853,3559 1903,3559 1953,3560 2003,3562 2053,3563 2103,3562 2153,3561 2203,3557 2253,3550 2303,3547 2353,3547 2403,3549 2453,3554 2503,3558 2553,3561 2603,3565 2653,3568 2703,3571 2753,3572 2803,3572 2853,3572 2903,3573 2953,3574 3003,3575 3053,3577 3103,3578 3153,3579 3203,3580 3253,3578 3303,3579 3353,3581 3356,3584"/>
        <Word id="word_73d78d6d-cc9b-4b89-817a-c809f3662258">
          <Coords points="1250,3524 1300,3520 1351,3517 1402,3516 1453,3516 1503,3516 1553,3516 1604,3518 1654,3520 1703,3520 1753,3520 1804,3521 1855,3524 1903,3524 1921,3524 1920,3569 1903,3569 1852,3569 1803,3566 1753,3565 1703,3565 1653,3565 1603,3563 1553,3561 1503,3561 1453,3561 1403,3561 1354,3562 1304,3565 1254,3569"/>
          <TextEquiv>
            <Unicode>genegentheijt</Unicode>
          </TextEquiv>
        </Word>
        <Word id="word_70ef1496-4658-41c9-818b-47cafb5cd8cd">
          <Coords points="1974,3525 2005,3527 2054,3528 2074,3528 2075,3573 2053,3573 2002,3572 1971,3570"/>
          <TextEquiv>
            <Unicode>d'</Unicode>
          </TextEquiv>
        </Word>
        <Word id="word_9d72b9d8-6422-4b4c-bdde-e7e06a541daa">
          <Coords points="2125,3527 2152,3526 2200,3522 2223,3519 2230,3563 2204,3567 2153,3571 2126,3572"/>
          <TextEquiv>
            <Unicode>E.</Unicode>
          </TextEquiv>
        </Word>
        <Word id="word_f39a78a8-8054-4fe4-881f-8923b1b0255d">
          <Coords points="2280,3511 2304,3512 2353,3512 2404,3514 2456,3519 2506,3523 2555,3526 2590,3529 2586,3574 2552,3571 2502,3568 2452,3564 2403,3559 2353,3557 2303,3557 2279,3556"/>
          <TextEquiv>
            <Unicode>Comp„e</Unicode>
          </TextEquiv>
        </Word>
        <Word id="word_60dfd992-14a3-4675-9207-f1b3db7f8564">
          <Coords points="2638,3533 2653,3533 2705,3536 2754,3537 2803,3537 2843,3537 2843,3582 2803,3582 2753,3582 2702,3581 2653,3578 2638,3578"/>
          <TextEquiv>
            <Unicode>noch</Unicode>
          </TextEquiv>
        </Word>
        <Word id="word_a052b4d4-8040-47ab-b1b6-0e14e3dd4b2c">
          <Coords points="2899,3537 2907,3538 2954,3539 3004,3540 3054,3542 3104,3543 3154,3544 3204,3545 3203,3590 3153,3589 3103,3588 3053,3587 3003,3585 2953,3584 2902,3583 2894,3582"/>
          <TextEquiv>
            <Unicode>langer</Unicode>
          </TextEquiv>
        </Word>
        <Word id="word_612dbbfa-0c5c-4b63-a74f-235a60868e0c">
          <Coords points="3253,3546 3302,3544 3354,3546 3381,3559 3353,3591 3349,3591 3303,3589 3255,3591"/>
          <TextEquiv>
            <Unicode>in</Unicode>
          </TextEquiv>
        </Word>
        <TextEquiv conf="0.8925347599711815">
          <Unicode>genegentheijt d' E. Comp„e noch langer in</Unicode>
        </TextEquiv>
        <TextStyle xHeight="43"/>
      </TextLine>
      <TextLine id="ec493b13-0ccc-46b0-9aa9-2a4e8369edbc">
        <Coords points="1185,3639 1219,3615 1295,3612 1323,3587 1598,3586 1670,3590 1698,3607 1858,3602 1970,3614 2218,3610 2282,3670 2361,3674 2437,3599 2509,3598 2545,3630 2561,3631 3058,3627 3144,3701 3304,3705 3336,3737 3356,3737 3421,3680 3421,3766 3392,3766 3375,3777 3284,3777 3244,3749 3212,3757 2945,3757 2913,3761 2901,3773 2497,3768 2413,3760 2385,3785 2234,3785 2186,3740 1998,3740 1986,3732 1315,3733 1275,3757 1185,3769"/>
        <Baseline points="1228,3699 1278,3701 1328,3700 1378,3700 1428,3702 1478,3702 1528,3703 1578,3704 1628,3705 1678,3705 1728,3706 1778,3705 1828,3706 1878,3708 1928,3710 1978,3711 2028,3714 2078,3716 2128,3717 2178,3717 2228,3716 2278,3715 2328,3715 2378,3717 2428,3719 2478,3717 2528,3717 2578,3719 2628,3722 2678,3723 2728,3725 2778,3726 2828,3727 2878,3729 2928,3731 2978,3732 3028,3733 3078,3734 3128,3737 3178,3740 3228,3741 3278,3744 3328,3746 3378,3746 3379,3745"/>
        <Word id="word_795a635e-9691-4c95-add8-7980c7583e09">
          <Coords points="1229,3664 1279,3666 1327,3665 1378,3665 1429,3667 1467,3667 1467,3712 1428,3712 1378,3710 1328,3710 1278,3711 1228,3709"/>
          <TextEquiv>
            <Unicode>jndia</Unicode>
          </TextEquiv>
        </Word>
        <Word id="word_375beba9-f643-4ec5-bfca-0e6c9dcf7b96">
          <Coords points="1518,3667 1531,3668 1579,3669 1611,3670 1610,3715 1578,3714 1527,3713 1514,3712"/>
          <TextEquiv>
            <Unicode>te</Unicode>
          </TextEquiv>
        </Word>
        <Word id="word_8461c9c7-f1e0-4da3-b736-fc98825264eb">
          <Coords points="1657,3671 1677,3670 1729,3671 1777,3670 1829,3671 1879,3673 1929,3675 1979,3676 1995,3677 1992,3722 1978,3721 1928,3720 1878,3718 1828,3716 1778,3715 1728,3716 1678,3715 1659,3716"/>
          <TextEquiv>
            <Unicode>dienen,</Unicode>
          </TextEquiv>
        </Word>
        <Word id="word_3440b63c-78b3-4d80-84b0-8147884befdb">
          <Coords points="2042,3680 2079,3681 2129,3682 2178,3682 2184,3682 2184,3727 2178,3727 2128,3727 2078,3726 2040,3725"/>
          <TextEquiv>
            <Unicode>Bij</Unicode>
          </TextEquiv>
        </Word>
        <Word id="word_9da5e05d-452f-4b38-877e-737f32a86c1c">
          <Coords points="2231,3681 2277,3680 2328,3680 2379,3682 2429,3684 2470,3682 2472,3727 2428,3729 2378,3727 2328,3725 2278,3725 2232,3726"/>
          <TextEquiv>
            <Unicode>desen</Unicode>
          </TextEquiv>
        </Word>
        <Word id="word_15fff212-1006-4dc3-a59a-e82011ea42c5">
          <Coords points="2525,3681 2534,3683 2579,3684 2616,3686 2614,3731 2578,3729 2526,3727 2517,3725"/>
          <TextEquiv>
            <Unicode>d'</Unicode>
          </TextEquiv>
        </Word>
        <Word id="word_7ff30341-814d-4046-b753-26670b143206">
          <Coords points="2660,3689 2676,3688 2729,3690 2779,3691 2829,3692 2855,3693 2853,3738 2828,3737 2778,3736 2728,3735 2679,3733 2663,3734"/>
          <TextEquiv>
            <Unicode>novo</Unicode>
          </TextEquiv>
        </Word>
        <Word id="word_8b51fc7d-28bd-4d01-8f6e-af85932dafa7">
          <Coords points="2903,3695 2929,3696 2979,3697 3029,3698 3079,3699 3130,3702 3180,3705 3229,3706 3280,3709 3329,3711 3354,3720 3378,3711 3386,3752 3378,3756 3328,3756 3277,3754 3228,3751 3177,3750 3127,3747 3078,3744 3028,3743 2978,3742 2928,3741 2901,3740"/>
          <TextEquiv>
            <Unicode>voordrijck</Unicode>
          </TextEquiv>
        </Word>
        <TextEquiv conf="0.8975155921647022">
          <Unicode>jndia te dienen, Bij desen d' novo voordrijck</Unicode>
        </TextEquiv>
        <TextStyle xHeight="43"/>
      </TextLine>
      <TextLine id="line_85e47e9c-8be1-40b2-9798-c0caf3959bf4">
        <Coords points="1170,3768 1248,3764 1312,3736 1404,3731 1987,3731 1999,3739 2179,3739 2238,3787 2382,3787 2410,3763 2902,3772 2914,3760 3029,3759 3045,3767 3225,3772 3240,3783 3246,3779 3286,3816 3286,3904 2957,3901 2945,3913 2634,3921 2614,3937 2059,3940 1971,3932 1939,3900 1908,3893 1591,3889 1575,3873 1408,3873 1360,3913 1170,3913"/>
        <Baseline points="1213,3853 1263,3852 1313,3854 1363,3855 1413,3856 1463,3857 1513,3856 1563,3859 1613,3860 1663,3861 1713,3861 1763,3863 1813,3863 1863,3864 1913,3866 1963,3867 2013,3868 2063,3870 2113,3872 2163,3872 2213,3875 2263,3878 2313,3878 2363,3878 2413,3880 2463,3882 2513,3883 2563,3884 2613,3885 2663,3885 2713,3884 2763,3886 2813,3886 2863,3885 2913,3885 2963,3886 3013,3887 3063,3888 3113,3890 3163,3889 3213,3886 3244,3883"/>
        <Word id="word_b132e64f-3c76-4b58-9990-fa2f7ae632ee">
          <Coords points="1212,3818 1262,3817 1314,3819 1364,3820 1414,3821 1464,3822 1512,3821 1536,3822 1533,3867 1513,3866 1463,3867 1413,3866 1363,3865 1313,3864 1263,3862 1213,3863"/>
          <TextEquiv>
            <Unicode>achter</Unicode>
          </TextEquiv>
        </Word>
        <Word id="word_770308b2-6f5e-4eac-a897-237930a95531">
          <Coords points="1586,3825 1612,3825 1664,3826 1713,3826 1749,3827 1747,3872 1713,3871 1663,3871 1613,3870 1587,3870"/>
          <TextEquiv>
            <Unicode>een</Unicode>
          </TextEquiv>
        </Word>
        <Word id="word_ae99c25a-2736-4851-b017-af334d4e20df">
          <Coords points="1797,3830 1809,3828 1864,3829 1914,3831 1964,3832 2014,3833 2064,3835 2114,3837 2163,3837 2215,3840 2230,3841 2228,3886 2212,3885 2163,3882 2113,3882 2063,3880 2013,3878 1963,3877 1913,3876 1863,3874 1814,3873 1802,3874"/>
          <TextEquiv>
            <Unicode>volgende</Unicode>
          </TextEquiv>
        </Word>
        <Word id="word_2d471bf1-f3f1-4515-858d-21a5b4360ed2">
          <Coords points="2280,3844 2312,3843 2363,3843 2414,3845 2464,3847 2514,3848 2564,3849 2603,3850 2602,3895 2563,3894 2513,3893 2463,3892 2413,3890 2363,3888 2313,3888 2282,3889"/>
          <TextEquiv>
            <Unicode>jaeren</Unicode>
          </TextEquiv>
        </Word>
        <Word id="word_9b6e311f-ea7e-4b0b-9feb-a5372757ea40">
          <Coords points="2652,3851 2659,3850 2712,3849 2764,3851 2762,3896 2713,3894 2664,3895 2657,3896"/>
          <TextEquiv>
            <Unicode>in</Unicode>
          </TextEquiv>
        </Word>
        <Word id="word_0a498328-276e-4123-9034-86038c3bcae8">
          <Coords points="2814,3853 2861,3850 2913,3850 2924,3850 2923,3895 2913,3895 2864,3895 2817,3898"/>
          <TextEquiv>
            <Unicode>de</Unicode>
          </TextEquiv>
        </Word>
        <Word id="word_4007cd69-793d-4c18-aa60-9a9a9511e718">
          <Coords points="2977,3851 3014,3852 3064,3853 3114,3855 3162,3854 3211,3851 3240,3848 3245,3893 3214,3896 3163,3899 3113,3900 3063,3898 3013,3897 2976,3896"/>
          <TextEquiv>
            <Unicode>selve</Unicode>
          </TextEquiv>
        </Word>
        <TextEquiv conf="0.9115858173231213">
          <Unicode>achter een volgende jaeren in de selve</Unicode>
        </TextEquiv>
        <TextStyle xHeight="51"/>
      </TextLine>
      <TextLine id="line_248e6b95-cf0b-4af7-8d10-1e3f74cf47ad">
        <Coords points="1163,3900 1233,3900 1269,3913 1361,3913 1397,3880 1571,3880 1580,3888 1716,3893 1908,3892 1940,3900 1972,3932 2060,3940 2611,3937 2635,3921 3210,3920 3266,3970 3331,3970 3331,4057 2842,4050 2279,4054 2259,4046 2000,4046 1988,4034 1604,4035 1592,4047 1163,4042"/>
        <Baseline points="1206,4017 1256,4012 1306,4012 1356,4013 1406,4013 1456,4014 1506,4015 1556,4015 1606,4015 1656,4015 1706,4016 1756,4014 1806,4013 1856,4013 1906,4014 1956,4012 2006,4010 2056,4009 2106,4010 2156,4010 2206,4009 2256,4011 2306,4013 2356,4014 2406,4016 2456,4018 2506,4020 2556,4022 2606,4025 2656,4027 2706,4030 2756,4033 2806,4035 2856,4036 2906,4039 2956,4041 3006,4040 3056,4039 3106,4038 3156,4037 3206,4036 3256,4037 3289,4036"/>
        <Word id="word_2379626f-0d81-4ff0-901b-b4f44e6f63f7">
          <Coords points="1203,3982 1253,3977 1306,3977 1357,3978 1406,3978 1457,3979 1507,3980 1556,3980 1606,3980 1656,3980 1691,3981 1690,4026 1656,4025 1606,4025 1556,4025 1506,4025 1456,4024 1406,4023 1356,4023 1306,4022 1257,4022 1207,4027"/>
          <TextEquiv>
            <Unicode>qualiteijt</Unicode>
          </TextEquiv>
        </Word>
        <Word id="word_09f2daf7-151d-4f9c-99b9-585d231964d3">
          <Coords points="1734,3982 1751,3979 1805,3978 1856,3978 1885,3979 1884,4024 1856,4023 1806,4023 1758,4024 1740,4027"/>
          <TextEquiv>
            <Unicode>van</Unicode>
          </TextEquiv>
        </Word>
        <Word id="word_2219bea3-2345-4717-a85d-eda40f31bb97">
          <Coords points="1929,3980 1952,3977 2005,3975 2055,3974 2107,3975 2156,3975 2205,3974 2257,3976 2273,3977 2271,4022 2256,4021 2206,4019 2156,4020 2106,4020 2056,4019 2006,4020 1957,4022 1934,4024"/>
          <TextEquiv>
            <Unicode>soldaet</Unicode>
          </TextEquiv>
        </Word>
        <Word id="word_265628f6-34e7-4694-9eff-2732e846e545">
          <Coords points="2320,3979 2356,3979 2407,3981 2457,3983 2507,3985 2557,3987 2608,3990 2657,3992 2708,3995 2758,3998 2807,4000 2853,4001 2852,4046 2806,4045 2755,4043 2705,4040 2656,4037 2605,4035 2556,4032 2506,4030 2456,4028 2406,4026 2356,4024 2320,4024"/>
          <TextEquiv>
            <Unicode>aengenomen,</Unicode>
          </TextEquiv>
        </Word>
        <Word id="word_70badd76-9934-409b-a287-adf5464773df">
          <Coords points="2915,4005 2920,4007 2957,4006 3005,4005 3055,4004 3094,4003 3095,4048 3056,4049 3006,4050 2956,4051 2902,4048 2897,4046"/>
          <TextEquiv>
            <Unicode>ende</Unicode>
          </TextEquiv>
        </Word>
        <Word id="word_b21a473b-542d-4ecf-bcc2-b68fcb9b21dc">
          <Coords points="3142,4002 3155,4002 3205,4001 3257,4002 3287,4001 3289,4046 3256,4047 3206,4046 3156,4047 3143,4047"/>
          <TextEquiv>
            <Unicode>een</Unicode>
          </TextEquiv>
        </Word>
        <TextEquiv conf="0.9428237872724795">
          <Unicode>qualiteijt van soldaet aengenomen, ende een</Unicode>
        </TextEquiv>
        <TextStyle xHeight="45"/>
      </TextLine>
      <TextLine id="line_9832f0bf-fc8c-4f53-8170-0daf2f0c2735">
        <Coords points="1165,4042 1590,4047 1602,4035 1990,4034 2002,4046 2653,4054 2673,4058 2693,4075 2921,4074 2953,4087 3292,4078 3340,4095 3372,4094 3392,4110 3405,4110 3405,4198 3379,4224 3076,4223 3064,4212 3029,4212 3021,4204 2709,4209 2697,4200 1914,4197 1886,4172 1670,4172 1458,4185 1447,4176 1371,4168 1165,4168"/>
        <Baseline points="1208,4142 1258,4140 1308,4139 1358,4141 1408,4142 1458,4143 1508,4144 1558,4146 1608,4148 1658,4147 1708,4148 1758,4148 1808,4148 1858,4147 1908,4147 1958,4148 2008,4147 2058,4147 2108,4147 2158,4148 2208,4148 2258,4149 2308,4152 2358,4154 2408,4154 2458,4154 2508,4155 2558,4156 2608,4157 2658,4159 2708,4161 2758,4161 2808,4162 2858,4163 2908,4164 2958,4164 3008,4167 3058,4171 3108,4174 3158,4175 3208,4177 3258,4178 3308,4177 3358,4178 3363,4176"/>
        <Word id="word_348033cc-fa96-4ae2-bc4f-dc05a955ec8b">
          <Coords points="1207,4107 1257,4105 1307,4104 1359,4106 1409,4107 1459,4108 1509,4109 1559,4111 1609,4113 1657,4112 1709,4113 1721,4113 1721,4158 1708,4158 1658,4157 1608,4158 1558,4156 1508,4154 1458,4153 1408,4152 1358,4151 1308,4149 1258,4150 1208,4152"/>
          <TextEquiv>
            <Unicode>belooningh</Unicode>
          </TextEquiv>
        </Word>
        <Word id="word_71f6d67e-0204-427c-9a6f-93508c3c2a53">
          <Coords points="1773,4113 1808,4113 1857,4112 1908,4112 1927,4112 1926,4157 1908,4157 1858,4157 1808,4158 1773,4158"/>
          <TextEquiv>
            <Unicode>van</Unicode>
          </TextEquiv>
        </Word>
        <Word id="word_e8a4d1b9-9459-4296-8c03-5de06ab8ebed">
          <Coords points="1976,4113 2006,4112 2058,4112 2108,4112 2159,4113 2183,4113 2183,4158 2158,4158 2108,4157 2058,4157 2008,4157 1978,4158"/>
          <TextEquiv>
            <Unicode>Elff</Unicode>
          </TextEquiv>
        </Word>
        <Word id="word_8ccbcfca-7d21-4c4a-88fa-2da5a808f2f3">
          <Coords points="2236,4113 2259,4114 2310,4117 2359,4119 2408,4119 2458,4119 2509,4120 2559,4121 2594,4122 2594,4167 2558,4166 2508,4165 2458,4164 2408,4164 2358,4164 2307,4162 2258,4159 2234,4158"/>
          <TextEquiv>
            <Unicode>guldens</Unicode>
          </TextEquiv>
        </Word>
        <Word id="word_a9b3b8e9-9180-486b-a8fa-e80f63e395c0">
          <Coords points="2648,4123 2661,4124 2709,4126 2758,4126 2800,4127 2799,4172 2758,4171 2708,4171 2657,4169 2644,4168"/>
          <TextEquiv>
            <Unicode>ter</Unicode>
          </TextEquiv>
        </Word>
        <Word id="word_8ae2e428-4765-4679-bea5-1fda648d40da">
          <Coords points="2851,4128 2859,4128 2909,4129 2958,4129 3010,4132 3061,4136 3110,4139 3159,4140 3159,4140 3158,4185 3158,4185 3107,4184 3057,4181 3007,4177 2958,4174 2908,4174 2858,4173 2850,4173"/>
          <TextEquiv>
            <Unicode>maendt</Unicode>
          </TextEquiv>
        </Word>
        <Word id="word_4fed8490-b123-45e9-99cf-ff0123d7945e">
          <Coords points="3210,4142 3259,4143 3307,4142 3350,4144 3359,4143 3367,4185 3358,4188 3308,4187 3258,4188 3209,4187"/>
          <TextEquiv>
            <Unicode>toe</Unicode>
          </TextEquiv>
        </Word>
        <TextEquiv conf="0.8786252661250574">
          <Unicode>belooningh van Elff guldens ter maendt toe</Unicode>
        </TextEquiv>
        <TextStyle xHeight="46"/>
      </TextLine>
      <TextLine id="a8c7a605-1363-4585-88ec-8f78794c4d03">
        <Coords points="1172,4174 1407,4174 1466,4186 1538,4178 1663,4178 1674,4170 1890,4170 1922,4198 2701,4201 2713,4210 3021,4205 3029,4213 3065,4213 3077,4225 3213,4225 3233,4245 3270,4246 3270,4333 2953,4332 2888,4319 2665,4319 2605,4315 2597,4307 2321,4308 2106,4320 2006,4320 1997,4311 1962,4344 1754,4343 1726,4331 1172,4331"/>
        <Baseline points="1215,4271 1265,4274 1315,4274 1365,4276 1415,4277 1465,4278 1515,4280 1565,4280 1615,4280 1665,4282 1715,4280 1765,4279 1815,4278 1865,4278 1915,4278 1965,4279 2015,4278 2065,4278 2115,4280 2165,4283 2215,4284 2265,4285 2315,4288 2365,4290 2415,4291 2465,4291 2515,4292 2565,4295 2615,4297 2665,4299 2715,4303 2765,4306 2815,4307 2865,4308 2915,4311 2965,4311 3015,4310 3065,4311 3115,4312 3165,4311 3215,4311 3228,4312"/>
        <Word id="word_900ec062-a462-424b-aaff-3096ee3c48c6">
          <Coords points="1217,4236 1267,4239 1315,4239 1366,4241 1416,4242 1466,4243 1516,4245 1565,4245 1615,4245 1652,4246 1650,4291 1615,4290 1565,4290 1515,4290 1465,4288 1415,4287 1365,4286 1315,4284 1264,4284 1214,4281"/>
          <TextEquiv>
            <Unicode>geleijdt</Unicode>
          </TextEquiv>
        </Word>
        <Word id="word_9a71a1a0-941e-484a-965a-0fba8f0afd01">
          <Coords points="1693,4251 1704,4247 1764,4244 1814,4243 1865,4243 1915,4243 1966,4244 2014,4243 2065,4243 2116,4245 2167,4248 2216,4249 2249,4250 2248,4295 2215,4294 2164,4293 2115,4290 2065,4288 2015,4288 1965,4289 1915,4288 1865,4288 1815,4288 1765,4289 1718,4289 1708,4293"/>
          <TextEquiv>
            <Unicode>jnnegaende</Unicode>
          </TextEquiv>
        </Word>
        <Word id="word_3bdab785-c8db-435c-a9aa-1aaccad58d06">
          <Coords points="2309,4251 2321,4254 2358,4255 2357,4300 2313,4298 2301,4296"/>
          <TextEquiv>
            <Unicode>t</Unicode>
          </TextEquiv>
        </Word>
        <Word id="word_31d6fe79-cb26-4fd8-a756-9d1ce143ca93">
          <Coords points="2403,4258 2407,4257 2465,4256 2516,4257 2567,4260 2616,4262 2666,4264 2718,4268 2740,4269 2737,4314 2714,4313 2665,4309 2615,4307 2564,4305 2515,4302 2465,4301 2417,4301 2414,4302"/>
          <TextEquiv>
            <Unicode>nieuwe</Unicode>
          </TextEquiv>
        </Word>
        <Word id="word_49974cdb-1706-4add-a10c-85f1ab4e4fa9">
          <Coords points="2791,4273 2814,4272 2866,4273 2917,4276 2965,4276 3014,4275 3066,4276 3116,4277 3164,4276 3215,4276 3230,4277 3226,4322 3215,4321 3165,4321 3115,4322 3065,4321 3015,4320 2965,4321 2914,4321 2865,4318 2815,4317 2792,4318"/>
          <TextEquiv>
            <Unicode>verbandt</Unicode>
          </TextEquiv>
        </Word>
        <TextEquiv conf="0.898793232269195">
          <Unicode>geleijdt jnnegaende t nieuwe verbandt</Unicode>
        </TextEquiv>
        <TextStyle xHeight="44"/>
      </TextLine>
      <TextLine id="line_11be021c-ec69-411e-b260-d1a683370397">
        <Coords points="1162,4333 1681,4333 1784,4340 1800,4356 1840,4360 2076,4369 3293,4370 3293,4457 2756,4452 2744,4463 2500,4463 2388,4458 2364,4444 2351,4455 2328,4455 2218,4562 1756,4557 1701,4518 1162,4510"/>
        <Baseline points="1205,4423 1255,4424 1305,4423 1355,4421 1405,4419 1455,4418 1505,4418 1555,4419 1605,4420 1655,4421 1705,4421 1755,4421 1805,4422 1855,4424 1905,4424 1955,4425 2005,4422 2055,4421 2105,4420 2155,4420 2205,4420 2255,4421 2305,4420 2355,4419 2405,4420 2455,4422 2505,4423 2555,4423 2605,4424 2655,4425 2705,4427 2755,4428 2805,4428 2855,4429 2905,4429 2955,4429 3005,4431 3055,4431 3105,4433 3155,4436 3205,4435 3251,4436"/>
        <Word id="word_162c2306-a304-4bc3-924a-74f02f294847">
          <Coords points="1206,4388 1256,4389 1302,4388 1303,4433 1255,4434 1205,4433"/>
          <TextEquiv>
            <Unicode>en</Unicode>
          </TextEquiv>
        </Word>
        <Word id="word_07a03556-8963-4218-becf-80b8e56f951a">
          <Coords points="1342,4388 1346,4387 1404,4384 1454,4383 1505,4383 1556,4384 1606,4385 1656,4386 1705,4386 1755,4386 1806,4387 1856,4389 1905,4389 1956,4390 1982,4388 1985,4433 1955,4435 1905,4434 1855,4434 1805,4432 1755,4431 1705,4431 1655,4431 1605,4430 1555,4429 1505,4428 1455,4428 1405,4429 1358,4431 1354,4432"/>
          <TextEquiv>
            <Unicode>verbeteringhe</Unicode>
          </TextEquiv>
        </Word>
        <Word id="word_3e288016-8b1a-44f9-8bce-51a6c04057e3">
          <Coords points="2034,4385 2056,4386 2104,4385 2155,4385 2179,4385 2179,4430 2155,4430 2105,4430 2055,4431 2033,4430"/>
          <TextEquiv>
            <Unicode>van</Unicode>
          </TextEquiv>
        </Word>
        <Word id="word_580cddf7-6168-4c16-bdc6-a5ee11e724e6">
          <Coords points="2229,4385 2256,4386 2304,4385 2354,4384 2406,4385 2456,4387 2472,4387 2471,4432 2455,4432 2405,4430 2355,4429 2305,4430 2255,4431 2227,4430"/>
          <TextEquiv>
            <Unicode>gagie</Unicode>
          </TextEquiv>
        </Word>
        <Word id="word_f4221434-bf6d-41bb-a4ff-5402ec3044f4">
          <Coords points="2520,4388 2555,4388 2606,4389 2656,4390 2706,4392 2716,4392 2715,4437 2705,4437 2655,4435 2605,4434 2555,4433 2520,4433"/>
          <TextEquiv>
            <Unicode>dato</Unicode>
          </TextEquiv>
        </Word>
        <Word id="word_37179917-a290-4ff2-b18e-96982a68c697">
          <Coords points="2764,4393 2805,4393 2856,4394 2905,4394 2910,4394 2910,4439 2905,4439 2855,4439 2805,4438 2764,4438"/>
          <TextEquiv>
            <Unicode>als</Unicode>
          </TextEquiv>
        </Word>
        <Word id="word_0d3ecba5-a2e4-4d08-8575-dcb957ec6384">
          <Coords points="2960,4394 3007,4396 3055,4396 3106,4398 3157,4401 3204,4400 3252,4401 3251,4446 3205,4445 3154,4446 3105,4443 3055,4441 3005,4441 2958,4439"/>
          <TextEquiv>
            <Unicode>vooren</Unicode>
          </TextEquiv>
        </Word>
        <TextEquiv conf="0.9407095271961979">
          <Unicode>en verbeteringhe van gagie dato als vooren</Unicode>
        </TextEquiv>
        <TextStyle xHeight="48"/>
      </TextLine>
    </TextRegion>
    <TextRegion id="region_a9487244-57da-4210-af7c-54d3f51d2349_4" custom="structure {type:catch-word;}">
      <Coords points="3208,4451 3205,4448 3201,4448 3194,4441 3163,4441 3159,4444 3135,4444 3132,4448 3118,4448 3114,4444 3111,4448 3093,4448 3090,4451 3069,4451 3072,4451 3076,4455 3079,4455 3090,4465 3093,4465 3097,4469 3104,4469 3107,4472 3118,4472 3121,4469 3132,4469 3139,4476 3139,4482 3132,4489 3132,4493 3139,4500 3146,4500 3149,4496 3166,4496 3170,4493 3173,4493 3173,4486 3170,4482 3170,4479 3194,4455 3201,4455 3205,4451"/>
    </TextRegion>
    <TextRegion id="region_9102d132-d2d3-461d-9072-8ed39feae672_3" custom="structure {type:catch-word;}">
      <Coords points="3111,4486 3107,4489 3107,4493 3111,4496 3111,4500 3114,4500 3118,4496 3118,4489 3114,4486"/>
    </TextRegion>
  </Page>
</PcGts>
