3567 4801
2087 517 2327 571 Copia

2725 508 2919 562 828

224 582 319 632 Aen
349 580 412 626 d'
443 577 506 623 E.
536 577 600 623 d:
629 578 818 626 Heeren
848 581 1004 626 Raden
1035 581 1099 627 En
1128 582 1441 630 Directeurs

2379 587 2695 656 April

239 693 493 745 wegenden
524 692 904 742 nederlantsze
935 696 1094 743 staet
1124 697 1188 742 in
1219 697 1473 748 Jndia./.

1547 737 1686 795 E.de
1718 734 2025 783 Erntfeste
2057 734 2330 780 Manhafte
2363 735 2467 784 wel
2499 740 2669 785 wijse
2703 734 3045 784 voorkemen:

1616 837 1803 886 ende
1847 840 2034 887 seer
2080 841 2497 891 genereuse
2542 846 2839 892 Heeren

730 1030 850 1078 E.d.
868 1040 901 1089 e
924 1046 1092 1093 Heeren
1120 1046 1205 1092 p:r
1231 1046 1288 1092 't
1316 1045 1540 1092 Engelsch
1567 1047 1707 1094 Jacht
1734 1048 2014 1094 d'advijso,
2042 1048 2154 1094 dato
2181 1048 2265 1093 11.
2293 1048 2322 1094 e
2347 1048 2461 1094 9br:
2488 1048 2572 1093 a:o
2600 1047 2796 1094 passado
2823 1047 2937 1093 uijt

875 1129 967 1176 dees
989 1130 1104 1176 reede
1126 1129 1218 1175 over
1240 1126 1423 1174 Bantham,
1446 1126 1492 1171 is
1514 1126 1629 1172 onsen
1652 1126 1835 1173 Jongsten
1857 1127 1926 1174 aen
1948 1128 1994 1174 V.
2017 1128 2063 1173 E.
2085 1128 2131 1173 d.
2154 1128 2337 1174 geweest,
2359 1130 2383 1175 t
2405 1131 2542 1178 sedert
2564 1132 2611 1177 is
2634 1132 2725 1177 hier
2748 1128 2999 1177 intlegotie,

876 1204 951 1254 als
975 1202 1120 1249 andere
1144 1202 1290 1248 saeken
1313 1204 1410 1249 geen
1434 1204 1676 1254 meritabile
1699 1208 1990 1256 veranderinge
2013 1212 2328 1260 voorgevallen,
2352 1215 2497 1263 gaende
2521 1219 2594 1265 dan
2617 1221 2714 1267 dees
2738 1221 2947 1269 weijnich

878 1291 1065 1340 regulen,
1086 1290 1157 1337 ten
1180 1290 1413 1339 principale
1434 1295 1505 1342 tot
1527 1298 1713 1346 geleijde
1735 1301 1828 1347 ende
1851 1302 2083 1351 accompang:
2105 1305 2175 1350 van
2198 1305 2269 1352 't'
2291 1307 2546 1359 sluijtschip
2569 1314 2778 1364 Maeslandt
2800 1319 2847 1365 op
2870 1321 2946 1368 5:e

874 1381 1000 1429 deser
1024 1382 1299 1428 (daervooren
1324 1383 1400 1428 den
1424 1384 1675 1434 almogenden
1697 1389 1798 1436 moet
1823 1391 1948 1437 gedan
1973 1392 2123 1440 tsijn,
2147 1395 2223 1443 met
2247 1398 2322 1445 een
2346 1400 2572 1454 Cargasoen
2596 1410 2697 1456 voor
2721 1412 2796 1459 dit
2821 1414 3000 1464 Comps:r

881 1475 1277 1522 geproiecteert,
1306 1475 1391 1521 ter
1419 1477 1618 1525 montura
1644 1481 1729 1527 van
1758 1481 1787 1526 ƒ
1814 1482 2154 1529 228846„8„13„
2181 1484 2436 1534 bestaende
2464 1490 2578 1536 uijt
2605 1490 2747 1536 44730
2775 1491 3029 1539 lbrompen,

880 1571 988 1619 2000
1015 1570 1069 1616 lb
1095 1568 1310 1614 giroffel
1337 1569 1552 1616 nagelen,
1578 1572 1712 1617 25080
1738 1571 1793 1617 lb
1819 1572 1955 1619 loot,
1980 1575 2089 1622 4396
2114 1578 2277 1628 Cattij
2302 1584 2598 1634 Jappanschen
2624 1588 2812 1635 Campher
2837 1587 2866 1633 „
2891 1583 3027 1631 419½:

886 1657 967 1704 d:o
993 1654 1209 1702 agulhout
1234 1656 1395 1703 Cassen
1421 1657 1662 1704 diversche
1689 1656 1957 1704 gecoleurde
1983 1657 2224 1706 laekenen,
2250 1661 2305 1708 4:
2330 1664 2411 1712 p:s
2437 1668 2572 1716 sijne
2597 1671 2946 1720 schaerlaeken:

891 1743 1018 1791 15000
1041 1739 1119 1787 r:a
1143 1737 1220 1784 van
1245 1737 1397 1784 achten
1422 1738 1625 1785 inspetie
1650 1740 1728 1787 50.
1751 1743 1802 1789 O.
1827 1742 1980 1788 thaijl
2004 1743 2233 1791 Jappansen
2257 1746 2436 1794 schuijt
2460 1749 2613 1797 silver
2637 1753 2689 1799 in
2713 1754 2789 1799 50:
2813 1753 2942 1800 houte

891 1827 1076 1874 cassen,
1101 1825 1181 1872 30.
1207 1825 1260 1870 0.
1287 1825 1340 1871 lb
1362 1824 1577 1871 alluija,
1603 1826 1735 1871 6123:
1761 1826 1814 1871 lb
1840 1826 2105 1873 langepeper
2130 1829 2236 1875 uijt
2262 1830 2317 1876 't
2341 1832 2474 1880 Jacht
2499 1835 2842 1887 grijpskercken
2869 1839 2949 1885 van

887 1907 1010 1953 peguw
1035 1907 1257 1953 gebracht,
1282 1907 1405 1953 1176:
1430 1907 1504 1953 p:s
1528 1906 1750 1953 diversche
1774 1907 1950 1956 gorijs,
1971 1912 2072 1959 ende
2095 1915 2120 1960 ƒ
2144 1915 2392 1961 3061„16„—„
2416 1916 2466 1962 in
2490 1917 2712 1968 responde,
2736 1923 2983 1971 mitsgaders

883 1992 1027 2038 eenige
1050 1993 1267 2041 provisie,
1290 1996 1386 2042 ende
1410 1996 1578 2042 'tschip
1601 1996 1650 2043 d'
1674 1997 1770 2043 Haen
1793 1997 1842 2042 op
1865 1998 1962 2044 13:e
1985 1999 2081 2044 feb:
2105 1999 2273 2049 passado
2296 2004 2368 2051 met
2392 2006 2465 2053 een
2488 2008 2705 2058 cargasoen
2728 2014 2800 2060 ter
2824 2013 2953 2061 somme

885 2089 964 2135 van
989 2089 1017 2135 ƒ
1041 2091 1303 2137 350374„13„
1328 2088 1381 2135 3„
1407 2086 1642 2133 bestaende
1668 2086 1799 2131 uijt,
1825 2086 2008 2131 113000:
2033 2085 2139 2131 th:s
2164 2087 2452 2137 Jappanschen
2477 2093 2843 2144 schuijtsilver„
2868 2098 2925 2147 5„

889 2186 1103 2244 Jappanse
1127 2175 1446 2230 Comptoirkers
1471 2176 1631 2223 72764.
1656 2178 1709 2223 lb
1735 2177 1841 2222 thin
1864 2175 1920 2222 27
1946 2174 2157 2220 pacqiens
2183 2173 2368 2219 g'olijt
2394 2173 2606 2223 pampier,
2632 2179 2738 2225 ende
2763 2180 2872 2229 8760
2895 2186 3001 2233 p:s„

902 2276 1026 2324 fijne
1049 2266 1394 2320 porcelleijnen,
1418 2264 1492 2311 als
1516 2263 1565 2309 de
1590 2264 1787 2310 daermede
1811 2263 1983 2310 gecomen
2006 2262 2204 2309 facturen
2228 2263 2449 2311 dicteren)
2473 2266 2523 2311 te
2547 2267 2670 2313 deser
2694 2269 2818 2314 reede
2841 2269 2965 2317 comen

890 2373 942 2423 te
965 2365 1231 2416 paresseren,
1254 2362 1328 2410 soo
1352 2362 1424 2407 dat
1448 2361 1497 2407 nu
1520 2360 1593 2405 met
1618 2356 1956 2405 voortreffelijk
1979 2355 2174 2401 ontseth,
2198 2356 2319 2402 alles
2343 2357 2415 2402 vol
2439 2357 2560 2404 staet
2584 2358 2681 2403 omme
2705 2358 2754 2403 v.
2778 2359 2826 2404 E.
2850 2359 2947 2407 d:oe

893 2456 940 2502 in
960 2449 1195 2502 toecomende
1217 2447 1288 2493 met
1310 2444 1521 2492 dienstige
1543 2445 1753 2491 lijwaten,
1774 2443 1822 2490 te
1845 2443 1985 2488 connen
2008 2443 2264 2489 provideren,
2287 2445 2380 2490 daer
2403 2445 2473 2490 toe
2496 2445 2566 2490 aen
2589 2445 2706 2491 onser
2728 2447 2868 2495 sijde,
2891 2450 2985 2497 alle

896 2542 1093 2594 mogelijk
1117 2538 1386 2587 diligentie.
1410 2539 1434 2584 /
1458 2538 1532 2584 dat
1556 2538 1605 2584 v.
1629 2538 1679 2584 E.
1702 2536 1751 2582 d.
1776 2536 1849 2581 ons
1873 2534 2044 2580 gelieve
2068 2534 2141 2579 toe
2165 2534 2215 2581 te
2239 2536 2507 2584 vertrouwen)
2532 2539 2752 2586 aenwerden
2775 2542 2948 2594 sullen,

902 2633 978 2679 den
1003 2630 1256 2679 Almogenden
1280 2628 1459 2675 voorder
1483 2626 1685 2674 biddende
1710 2626 1863 2672 sijnen
1887 2626 2014 2673 segen
2039 2626 2141 2672 daer
2165 2627 2241 2673 toe
2267 2628 2496 2678 verleenen
2518 2634 2620 2681 wil.
2645 2633 2696 2680 /.

830 2761 947 2814 Naer
974 2756 1060 2804 dat
1088 2754 1174 2800 den
1202 2753 1287 2799 h:e
1315 2751 1570 2798 Sergheijl
1597 2749 1712 2796 sijn
1739 2747 1882 2794 schip
1908 2744 1995 2791 tot
2023 2744 2108 2790 den
2136 2744 2419 2791 persischen
2447 2746 2618 2795 handel
2646 2750 3016 2803 gedestineert,

887 2845 966 2891 tot
993 2846 1099 2891 26:e
1123 2840 1337 2889 Januarij
1363 2838 1548 2885 passado
1574 2838 1706 2884 hadde
1733 2839 1786 2884 op
1812 2839 2024 2885 gehouden
2049 2837 2236 2884 vermits
2261 2838 2341 2883 den
2367 2837 2579 2883 Vicerlij
2605 2837 2658 2883 in
2683 2835 2817 2881 Goll.
2843 2836 2927 2887 een

892 2931 1017 2983 Edict
1039 2927 1165 2974 hadde
1188 2924 1312 2971 laten
1336 2920 1608 2968 publiceren,
1632 2918 1731 2965 geen
1755 2918 1903 2965 mooren
1928 2920 2027 2967 haer
2050 2923 2199 2970 souden
2223 2926 2518 2974 vervorderen,
2543 2928 2592 2974 in
2616 2928 2740 2975 hunne
2764 2930 2967 2985 scheepen

896 3014 994 3065 naer
1017 3013 1160 3059 parsio
1183 3011 1469 3058 navigerende,
1493 3013 1683 3059 teladen,
1707 3013 1826 3058 Iser,
1849 3013 1992 3058 stael,
2015 3013 2159 3061 peper,
2182 3017 2373 3063 Canneel,
2396 3019 2610 3065 salpeter,
2634 3020 2752 3066 lijff
2776 3021 2991 3069 eijgenen,

896 3107 1001 3153 noch
1027 3105 1260 3152 geglaesde
1285 3104 1545 3150 armringen,
1569 3104 1674 3150 oock
1700 3105 1779 3151 dat
1804 3106 1959 3152 sullen
1985 3107 2141 3154 moeten
2166 3109 2400 3157 gedoogen,
2425 3110 2530 3156 haer
2555 3111 2763 3159 scheepen
2788 3114 2894 3164 voor

876 3201 1139 3252 muschaeten
1165 3200 1322 3246 werden
1349 3199 1664 3245 gevisiteert,
1690 3199 1795 3246 ende
1822 3201 1927 3247 thol
1953 3203 2189 3252 betaelen,
2216 3207 2294 3253 der
2321 3208 2478 3253 voorsz
2505 3207 2767 3253 Coopmansz„
2793 3208 2952 3256 eenige

897 3296 1095 3344 bevinde,
1118 3291 1243 3341 schip
1267 3290 1366 3337 ende
1389 3291 1489 3337 goet
1512 3292 1636 3338 prijs
1660 3293 1759 3339 ende
1783 3295 1882 3342 voor
1905 3297 2053 3344 goeden
2077 3298 2372 3347 aengeslaegen
2397 3302 2545 3348 werden
2567 3302 2667 3348 sal,
2691 3301 2963 3350 d'ingevolge

885 3387 1173 3437 d'Equipagie
1199 3386 1304 3432 voor
1329 3385 1409 3431 dit
1434 3387 1670 3436 saijsoen,
1695 3390 1880 3438 dubieus
1904 3394 2087 3440 stondt,
2113 3395 2375 3442 voortganck
2401 3397 2610 3446 tenemen,
2636 3402 2740 3448 ende
2766 3403 2846 3448 sal
2871 3403 2951 3450 dit

899 3483 1236 3532 apparentelijk
1262 3483 1419 3529 (onder
1443 3485 1728 3531 reverentie)
1754 3486 1832 3532 den
1857 3487 1988 3533 stock
2012 3489 2117 3536 sijn
2141 3492 2246 3540 daer
2271 3495 2324 3542 de
2348 3498 2504 3544 mooren
2529 3499 2660 3546 langh
2684 3502 2788 3548 naer
2814 3503 2974 3554 hebben

893 3574 1204 3626 g'aspireert,
1228 3573 1280 3618 om
1306 3573 1409 3618 mede
1434 3574 1640 3624 geslagen
1664 3579 1717 3624 te
1742 3580 1922 3629 werden,
1947 3584 1973 3630 E
1997 3584 2101 3630 doch
2126 3584 2178 3630 om
2203 3585 2280 3631 soo
2306 3585 2434 3631 haest
2460 3586 2562 3631 niet
2588 3585 2666 3631 tot
2690 3586 2998 3639 veranderinge

902 3672 954 3721 te
977 3666 1244 3717 resolveren,
1268 3663 1366 3710 ende
1389 3664 1487 3710 veel
1510 3665 1802 3713 Coopluijden,
1825 3668 1922 3714 daer
1947 3669 2044 3715 door
2068 3670 2213 3717 sousen
2237 3672 2577 3719 g'interesseert
2601 3673 2722 3719 heeft
2746 3672 2844 3721 sijn
2867 3676 3037 3725 gedacht

908 3763 1096 3811 hooch:t
1121 3759 1204 3808 een
1230 3756 1553 3804 ambassadeur,
1580 3756 1661 3802 met
1688 3757 1769 3804 een
1795 3760 2037 3807 eerlijcke
2064 3760 2388 3809 schenckagie,
2413 3765 2602 3812 naerden
2628 3763 2844 3813 viceroij
2870 3763 2978 3809 omme

902 3849 1122 3903 desselfs
1150 3845 1394 3894 meijninge
1421 3844 1558 3890 recht
1584 3843 1639 3888 te
1667 3843 1858 3890 weeten)
1884 3845 2266 3891 gecommijtteert
2292 3847 2539 3896 ingevalle
2564 3852 2701 3900 sijne
2727 3855 2923 3904 gemelte

899 3957 956 4003 E:
978 3943 1174 3998 daerbij
1200 3939 1338 3987 hadde
1364 3937 1748 3984 gepersisteert,
1774 3936 1885 3983 voor
1912 3935 2242 3982 gerepeteerde
2268 3937 2679 3990 Coopmanschappen
2706 3945 2816 3991 niet
2843 3944 2898 3991 te

905 4030 1038 4082 mogen
1063 4027 1323 4075 vervoeren,
1348 4026 1478 4072 soude
1504 4024 1634 4071 desen
1659 4023 1763 4069 Jare
1788 4022 1893 4067 geen
1918 4022 2178 4069 besendinge
2203 4023 2437 4069 derwaerts
2463 4024 2725 4076 ondernomen
2747 4033 2932 4088 hebben,

896 4126 1000 4173 doch
1024 4121 1155 4170 heeft
1179 4113 1440 4165 eijntelijk
1466 4112 1570 4158 door
1595 4111 1699 4157 meer
1725 4111 1933 4159 genoemde
1958 4114 2244 4162 graviteijt,
2269 4117 2347 4163 soo
2373 4118 2476 4164 veel
2502 4119 2866 4173 tewegegebracht

897 4223 975 4269 dat
1000 4219 1182 4268 daertoe
1207 4217 1312 4264 voor
1337 4215 1467 4261 desen
1492 4213 1623 4259 Jaere
1648 4213 1882 4260 pascedull
1907 4214 2220 4261 geobtineert,
2244 4216 2349 4262 ende
2374 4218 2478 4265 sijn
2503 4220 2790 4280 voorgenomen
2813 4236 3021 4295 vorijag:

910 4318 1036 4366 naer
1067 4314 1288 4363 Gamron,
1318 4313 1382 4359 op
1413 4309 1539 4357 dato
1570 4309 1665 4355 als
1696 4309 1885 4354 vooren
1916 4305 2106 4353 effect
2136 4306 2451 4352 gesorteert
2482 4304 2642 4352 heeft

0 626 22 672 1
