3567 4801
2771 515 2928 576 901

361 527 730 587 novemb:r
774 525 957 579 Anno
1001 515 1184 566 1645

812 780 839 825 T
865 770 1030 825 fluijt
1056 766 1194 814 schip
1218 761 1466 811 Castricum
1494 760 1576 806 was
1601 758 1685 804 ter
1712 755 1957 803 prpelijte
1985 755 2121 801 rhede
2148 754 2231 801 den
2257 752 2394 802 29.:'
2420 745 2639 800 Augustus
2665 738 2884 789 passado—

871 870 980 922 (den
1003 854 1272 912 almogenden
1298 852 1378 898 sij
1404 846 1857 896 daervoorgedancqt)
1882 843 2017 891 recht
2042 840 2150 888 door
2177 840 2256 885 van
2283 840 2418 890 Bat.a
2443 841 2763 891 aengelanght,
2788 834 2897 884 mede

890 955 1147 1013 brengende
1173 951 1260 999 tot
1287 943 1515 995 vervolgh
1541 937 1712 986 vanden
1741 934 1911 982 handel
1938 932 2024 978 een
2052 932 2307 978 cargasoen
2334 928 2590 977 bestaende
2617 926 2703 972 ten

893 1059 1187 1117 principaele
1212 1054 1319 1103 uijt
1344 1051 1425 1098 200
1450 1049 1504 1096 r.
1530 1048 1557 1093 s
1583 1044 1663 1093 van
1687 1038 1848 1087 achten
1873 1035 1927 1082 in
1953 1033 2112 1080 specie
2139 1032 2219 1078 100
2243 1028 2377 1076 picol
2403 1017 2695 1073 sandelhoudt
2720 1012 2853 1061 30045
2878 1006 2933 1056 lb

893 1172 1022 1226 loodt
1046 1169 1098 1216 12
1119 1163 1173 1212 p.
1194 1159 1223 1206 s
1247 1154 1348 1202 fyne
1372 1147 1523 1198 Cromme
1547 1138 1849 1192 zabellemmers
1873 1136 1949 1182 een
1974 1135 2125 1181 legger
2150 1131 2401 1182 spaenschen
2425 1128 2552 1175 Wijn,
2575 1124 2677 1172 ende
2700 1120 2777 1168 een
2800 1112 2928 1164 halve

894 1270 1061 1327 legger
1087 1262 1309 1314 fransche
1335 1256 1475 1306 wijn,
1501 1252 1585 1300 als
1612 1248 1778 1297 eenige
1804 1243 1972 1293 andere
1998 1241 2220 1288 provisie
2248 1236 2441 1285 t'samen
2469 1235 2552 1281 ter
2579 1229 2773 1280 monture
2800 1227 2883 1273 van

878 1382 1100 1449 ƒ58270„
1131 1376 1225 1427 6„-
1251 1367 1348 1418 met
1378 1357 1721 1411 d'aencomste
1751 1353 1907 1402 vande
1938 1349 2124 1398 fluijt
2155 1348 2435 1395 Castricum
2465 1342 2652 1392 hebben
2682 1338 2746 1386 de
2775 1331 3004 1381 saecken

889 1498 1053 1552 aldaer
1078 1493 1162 1542 Int
1187 1484 1379 1537 reguard
1404 1479 1569 1528 vanden
1595 1472 1895 1524 Imbruliados
1922 1470 2004 1516 met
2031 1469 2085 1515 d'
2110 1465 2276 1514 mooren
2300 1461 2384 1508 een
2409 1455 2575 1506 geheel
2600 1449 2738 1499 ander
2762 1439 2956 1493 fatsoen

887 1601 1091 1661 beginnen
1116 1600 1167 1646 te
1190 1593 1393 1643 crijgen,
1416 1588 1593 1637 vermits
1618 1586 1669 1632 d'
1693 1580 1920 1631 geruchten
1944 1577 2096 1625 liepen
2120 1576 2196 1621 dat
2219 1573 2271 1620 d'
2295 1572 2397 1618 onse
2422 1568 2623 1617 daermede
2645 1564 2723 1613 300
2746 1555 2962 1608 soldaten

897 1710 997 1760 ende
1020 1706 1119 1754 veel
1142 1699 1364 1750 ammonitie
1387 1697 1462 1743 van
1485 1691 1658 1741 oorloge
1681 1684 1854 1735 becomen
1877 1680 2050 1728 hadden,
2073 1677 2172 1724 ende
2196 1676 2246 1721 In
2268 1674 2417 1721 corten
2441 1671 2540 1718 noch
2563 1668 2712 1716 eenige
2735 1662 2910 1712 schepen

893 1817 1000 1869 ende
1024 1813 1156 1861 volcq
1180 1806 1285 1857 omme
1310 1802 1467 1850 overd'
1491 1796 1674 1846 geleden
1698 1793 1908 1841 gewelden
1933 1791 2037 1837 ende
2062 1786 2297 1836 schandelj
2320 1783 2374 1829 E.
2399 1776 2634 1828 Compagnie
2658 1769 2893 1819 aengedaen
2919 1768 2946 1814 —

899 1911 1172 1968 behoorlijck
1195 1908 1246 1955 te
1269 1900 1542 1952 revengeren,
1566 1896 1691 1944 comen
1713 1892 1888 1940 souden,
1912 1890 1987 1937 dat
2010 1888 2061 1935 d'
2085 1884 2259 1932 Bonjous
2282 1881 2357 1928 van
2380 1877 2555 1925 pipelij
2579 1872 2678 1922 (die
2702 1871 2752 1917 d'
2776 1867 2925 1915 Comp=e

893 2016 991 2067 seer
1013 2007 1228 2060 toegedaen
1251 2003 1371 2052 sijn,
1393 1998 1490 2047 ende
1513 1997 1562 2043 d'
1585 1992 1729 2041 mooren
1752 1991 1848 2036 door
1870 1990 1919 2035 d'
1942 1983 2276 2034 oneijndelijcke
2300 1978 2491 2028 travalje
2514 1977 2562 2023 d'
2585 1973 2729 2021 welcke
2751 1969 2824 2017 van
2847 1966 2943 2013 haer

895 2107 1166 2164 verdraegen
1191 2102 1383 2150 moeten,
1409 2099 1491 2147 ten
1518 2093 1762 2144 hoochsten
1788 2091 1952 2137 haten)
1977 2087 2087 2136 mede
2112 2084 2223 2132 niet
2249 2077 2440 2128 weinich
2466 2071 2765 2122 affirmeren,
2791 2068 2847 2115 en
2870 2064 2900 2111 —

892 2215 1052 2272 groodt
1074 2205 1283 2258 maecken,
1307 2201 1412 2250 omme
1436 2199 1592 2245 haert'
1616 2192 1953 2244 meerdervreese
1979 2191 2056 2237 aen
2081 2189 2134 2235 te
2159 2185 2314 2233 sagen,
2338 2178 2546 2229 waerdoor
2570 2174 2649 2222 den
2673 2167 2804 2218 segge
2827 2160 2933 2210 daen

876 2318 956 2372 soo
977 2308 1106 2360 bange
1128 2302 1305 2351 wierdt,
1330 2300 1406 2346 dat
1430 2296 1581 2344 meende
1605 2294 1706 2341 naer
1730 2289 1956 2338 Ellesoort
1980 2290 2031 2335 se
2053 2284 2281 2335 vluchten,
2305 2282 2406 2329 ende
2430 2279 2556 2326 soude
2580 2274 2682 2323 oocq
2706 2270 2832 2318 sulcx

892 2404 1230 2470 g'effectueert
1254 2399 1436 2448 hebben,
1459 2396 1514 2444 en
1539 2392 1695 2440 hadden
1721 2391 1773 2437 sn
1798 2384 2031 2435 voornomde
2056 2380 2238 2429 Bonjous
2262 2378 2341 2425 hem
2366 2376 2445 2423 met
2468 2371 2600 2419 goede
2624 2362 2807 2415 woorden
2830 2359 2884 2406 en

884 2509 1218 2568 verthooningen
1241 2502 1371 2553 vande
1396 2496 1576 2547 schande
1600 2491 1729 2541 nijet
1753 2484 2061 2536 wederhouden,
2087 2478 2342 2528 naderhandt
2368 2476 2445 2523 wat
2469 2469 2649 2520 meerder
2673 2465 2829 2512 moets—

888 2624 1068 2678 nemende
1091 2619 1194 2669 bedt
1217 2617 1269 2663 d'
1293 2613 1396 2662 onse
1420 2610 1497 2657 den
1521 2607 1573 2654 3.
1596 2605 1623 2651 e
1646 2595 1875 2649 september
1899 2591 2052 2640 weeden
2076 2589 2153 2635 den
2176 2584 2355 2633 eerster
2380 2581 2481 2629 dagh
2505 2576 2607 2624 vant
2631 2571 2784 2620 Nieuwe
2807 2565 2935 2616 Iaer,

882 2738 964 2789 dat
987 2734 1042 2782 d'
1064 2719 1302 2776 Incomsten
1326 2715 1406 2763 des
1429 2708 1614 2758 Conincx
1640 2704 1848 2752 aenvancq
1874 2700 2031 2748 nemen,
2055 2698 2109 2745 en
2135 2697 2240 2743 naer
2264 2685 2474 2741 Coustume
2499 2681 2604 2729 alle
2628 2677 2682 2725 d'
2707 2661 2994 2721 principaele

899 2836 1121 2893 persoonen
1145 2835 1194 2881 op
1216 2832 1268 2880 d'
1291 2830 1341 2876 Sr
1364 2823 1537 2875 soutera
1560 2818 1683 2867 Comen
1708 2818 1757 2863 om
1780 2807 2051 2862 tesbcrijven
2073 2799 2368 2851 t'ontfangen)
2393 2789 2638 2844 versoecken
2660 2776 2858 2832 daermede
2878 2771 2930 2819 te

900 2928 1051 2982 willen
1075 2928 1377 2980 verschijnen,
1400 2922 1602 2972 alwaerd'
1626 2919 1727 2966 onse
1751 2918 1852 2964 naer
1876 2915 1977 2962 vele
2001 2904 2278 2960 bewijsingte
2301 2900 2378 2948 van
2401 2888 2703 2944 vrundtschap,
2726 2883 2828 2932 ende
2853 2883 2878 2928 —

895 3031 1185 3094 toesegginge
1210 3027 1289 3075 van
1314 3024 1418 3071 alle
1443 3019 1574 3068 poedt
1599 3013 1859 3063 tractament
1885 3008 1989 3058 yder
2014 3007 2093 3053 met
2118 3005 2196 3052 een
2220 2995 2482 3050 tasserijff
2506 2981 2793 3037 beschoncken
2816 2976 2977 3025 heeft,

886 3134 1113 3196 seggende
1137 3120 1472 3177 ongetwuffelt
1498 3111 1777 3164 Cortelinge
1803 3108 1888 3156 een
1914 3104 2082 3153 tirman
2109 3100 2276 3148 vanden
2301 3093 2469 3145 Prince
2496 3089 2663 3138 voord'
2690 3084 2746 3133 E.
2773 3077 2940 3128 Comp=e

886 3236 1017 3291 comen
1040 3228 1196 3280 soude,
1220 3223 1324 3272 ende
1349 3220 1426 3267 dat
1451 3215 1708 3265 onderwijle
1733 3212 1836 3260 onse
1861 3206 2066 3257 repostie
2089 3194 2373 3251 ernstelijck
2398 3189 2578 3238 gelijck
2602 3180 2860 3234 voordesen—

892 3332 1121 3389 exerceren
1144 3325 1298 3376 mochte
1321 3321 1399 3369 der
1423 3316 1601 3365 anderen
1626 3311 1779 3360 daeghs
1803 3308 1930 3355 quam,
1954 3305 2007 3353 s'
2030 3302 2133 3349 onse
2156 3293 2412 3347 wedersende
2435 3290 2512 3337 log
2538 3288 2589 3335 in
2612 3282 2841 3332 besoecken
2866 3282 2896 3330 —

888 3446 943 3494 't
967 3430 1284 3489 voorschreven
1309 3420 1546 3474 andermael
1571 3412 1861 3464 repeterende
1886 3407 2097 3456 vougende
2122 3401 2307 3451 daerbij
2331 3397 2412 3444 sij
2437 3392 2516 3441 met
2543 3386 2806 3437 melcqbeecq

893 3543 997 3598 niet
1021 3540 1071 3586 te
1095 3536 1197 3584 doen
1220 3531 1372 3580 hadde,
1397 3529 1473 3576 als
1496 3525 1623 3574 onder
1647 3517 1849 3570 desselfs
1873 3512 2075 3561 Commando
2099 3510 2201 3557 niet
2225 3505 2427 3554 staende,
2451 3501 2653 3549 waeruijt
2675 3493 2853 3544 blijckt
2878 3493 2908 3539 —

891 3658 972 3709 hoe
995 3643 1330 3701 ontsaghlijcke
1354 3639 1433 3688 der
1457 3633 1638 3683 Comp.:s
1662 3623 2022 3679 aensienelijcke
2046 3620 2176 3668 macht
2202 3618 2305 3665 voor
2329 3616 2459 3662 deed:
2483 3607 2767 3660 bloohartige
2791 3603 2946 3651 natie,

889 3771 980 3821 als
1007 3765 1098 3814 het
1125 3756 1275 3808 ernst
1304 3752 1422 3799 was,
1449 3744 1600 3797 wesen
1627 3733 1777 3787 soude

777 3927 881 3977 Tot
908 3903 1217 3967 Bellesoor
1250 3899 1352 3946 was
1383 3887 1758 3943 g'arriveert
1791 3887 1893 3933 een
1926 3884 2096 3931 schip
2130 3881 2468 3928 behoorende
2502 3881 2603 3926 den
2636 3874 2842 3926 Prince

877 4007 1092 4069 sagjade
1119 3991 1331 4050 Comende
1361 3989 1451 4035 van
1480 3985 1840 4033 Jaffanapatam
1870 3984 1960 4030 met
1989 3983 2020 4029 8
2049 3982 2140 4029 str
2169 3980 2499 4027 Eliphanten,
2528 3979 2649 4025 ende
2678 3972 2859 4024 eenige

896 4105 1081 4158 andere
1111 4089 1572 4149 Coopmanschappen
1602 4086 1695 4133 van
1723 4082 1941 4130 weynich
1970 4079 2310 4127 Importantie
2339 4079 2463 4124 noch
2494 4079 2586 4125 een
2616 4080 2834 4127 moorsch

865 4213 1100 4269 scheepen
1127 4209 1216 4256 van
1242 4200 1566 4253 Masulipatam
1595 4194 1799 4244 geladen
1826 4191 1916 4239 met
1944 4189 2178 4236 toebacq,
2206 4185 2324 4234 Item
2353 4185 2469 4230 noch
2499 4185 2587 4230 een
2615 4186 2907 4233 Vaertuijch

883 4323 992 4375 van
1025 4313 1414 4366 Palleacatta
1448 4310 1555 4358 met
1591 4305 1837 4354 partije
1873 4304 1943 4350 s'
1977 4301 2190 4347 Jancos
2225 4294 2472 4346 veveren
2506 4292 2613 4339 wen
2648 4288 2865 4337 Caneel

118 765 188 811 oocht.

148 865 222 918 ekent

118 662 199 711 oor

0 3134 34 3180 re
