<?xml version="1.0" encoding="UTF-8"?>
<PcGts xmlns="http://schema.primaresearch.org/PAGE/gts/pagecontent/2013-07-15">
  <Metadata externalRef="bc4e21bd-ae32-4649-87cc-faa92264f211">
    <Creator>Laypa</Creator>
    <Created>2023-09-08T02:23:02</Created>
    <LastChange>2023-09-08T03:38:16</LastChange>
    <Comment>license: CC0</Comment>
    <MetadataItem type="processingStep" name="layout-analysis" value="laypa">
      <Labels>
        <Label value="228a7d24385cff0e51687c00d0e65a2c2a9703d5" type="githash"/>
        <Label value="61334eb4-edff-4af5-b036-b5927f35bbcf" type="uuid"/>
        <Label value="https://hdl.handle.net/10622/VMSCBR" type="laypamodelremote"/>
      </Labels>
    </MetadataItem>
    <MetadataItem type="processingStep" name="region-analysis" value="laypa">
      <Labels>
        <Label value="0a3442b4-835c-44bc-9115-3fd08263a5dc" type="uuid"/>
        <Label value="https://hdl.handle.net/10622/DMAS2T" type="laypamodelremote"/>
      </Labels>
    </MetadataItem>
    <MetadataItem type="processingStep" name="htr" value="loghi-htr">
      <Labels>
        <Label value="9efb3e0ff4338dc6e07d110ac4d435f27f5b0e16&#10;" type="githash"/>
        <Label value="3a9bdaa3-493c-483e-bbb2-f51961b8e5a0" type="uuid"/>
        <Label value="64" type="batch_size"/>
        <Label value="https://hdl.handle.net/10622/X2JZYY" type="loghihtrmodelremote"/>
      </Labels>
    </MetadataItem>
    <MetadataItem type="processingStep" name="word-splitting" value="loghi-htr-tooling"/>
    <MetadataItem type="other" name="dataset" value="https://hdl.handle.net/10622/LVXSBW">
      <Labels>
        <Label value="VOC transcriptions v2 - GLOBALISE" type="name"/>
        <Label value="Dataset in pagexml and txt format, including data card." type="description"/>
        <Label value="https://globalise.huygens.knaw.nl/" type="creator"/>
        <Label value="https://hdl.handle.net/10622/LVXSBW" type="url"/>
      </Labels>
    </MetadataItem>
  </Metadata>
  <Page imageFilename="NL-HaNA_1.04.02_1161_0555.jpg" imageWidth="3567" imageHeight="4801">
    <ReadingOrder>
      <OrderedGroup id="orderedgroup_b70b3f1b-43a2-4793-8913-36f2a64f3589">
        <RegionRefIndexed index="0" regionRef="region_0eb4f0a2-68c6-4794-a49f-8c0dd2438c3c_10"/>
        <RegionRefIndexed index="1" regionRef="region_4910a18c-cf10-4248-b201-73a746642861_12"/>
        <RegionRefIndexed index="2" regionRef="region_db1051f3-6440-40d4-90c6-3366227a2c81_11"/>
        <RegionRefIndexed index="3" regionRef="region_7f86fe16-c6b5-4dfe-981e-2a14131e34c2_3"/>
        <RegionRefIndexed index="4" regionRef="region_cd13e413-3c80-4578-8a5c-413943865a18_2"/>
        <RegionRefIndexed index="5" regionRef="region_cacca2ca-d9bf-43e3-b429-2561f29ebf00_1"/>
        <RegionRefIndexed index="6" regionRef="region_518264e2-fd87-4d60-95da-80a38dbb7234_8"/>
        <RegionRefIndexed index="7" regionRef="region_aacfab3a-5e98-4685-bab3-e24144ceea97_7"/>
        <RegionRefIndexed index="8" regionRef="region_94b906c9-1a1c-409e-acca-2663edb11e40_6"/>
        <RegionRefIndexed index="9" regionRef="region_ac4dd648-9419-443e-bc82-4b38988079b3_5"/>
        <RegionRefIndexed index="10" regionRef="region_e0a86ad9-5c81-4555-a5fa-af4652fc18a9_4"/>
        <RegionRefIndexed index="11" regionRef="region_4694b6f7-a04d-4746-9757-ec190abedbae_9"/>
      </OrderedGroup>
    </ReadingOrder>
    <TextRegion id="region_0eb4f0a2-68c6-4794-a49f-8c0dd2438c3c_10" custom="structure {type:page-number;}">
      <Coords points="2679,498 2679,519 2675,523 2675,540 2679,544 2679,547 2682,550 2682,554 2686,557 2686,561 2689,564 2689,568 2693,571 2693,575 2703,585 2703,589 2724,610 2728,610 2731,613 2738,613 2741,617 2752,617 2755,620 2769,620 2773,624 2853,624 2856,620 2863,620 2867,617 2870,617 2877,610 2881,610 2898,592 2898,589 2902,585 2902,575 2905,571 2905,561 2902,557 2902,554 2898,550 2898,547 2895,544 2895,533 2891,530 2891,526 2888,523 2888,519 2874,505 2870,505 2867,502 2863,502 2860,498 2856,498 2853,495 2839,495 2835,491 2818,491 2815,488 2790,488 2787,484 2776,484 2773,481 2759,481 2755,477 2738,477 2734,474 2707,474 2703,477 2700,477 2696,481 2693,481 2682,491 2682,495"/>
      <TextLine id="c2aa3e17-e8df-470f-955b-242af54a2e09">
        <Coords points="2670,505 2816,505 2828,514 2904,513 2917,519 2917,598 2832,598 2804,617 2670,617"/>
        <Baseline points="2709,572 2759,576 2809,577 2859,580 2879,579"/>
        <Word id="word_20d457c2-ff29-43ea-b4a5-f7a4d8515794">
          <Coords points="2712,537 2762,541 2810,542 2861,545 2877,544 2879,589 2858,590 2809,587 2758,586 2708,582"/>
          <TextEquiv>
            <Unicode>857</Unicode>
          </TextEquiv>
        </Word>
        <TextEquiv conf="0.9913093971198141">
          <Unicode>857</Unicode>
        </TextEquiv>
        <TextStyle xHeight="51"/>
      </TextLine>
    </TextRegion>
    <TextRegion id="region_4910a18c-cf10-4248-b201-73a746642861_12" custom="structure {type:marginalia;}">
      <Coords points="676,787 669,787 662,794 644,794 641,791 613,791 610,794 592,794 589,798 564,798 561,801 554,801 550,805 533,805 529,808 526,808 523,812 516,812 512,815 509,815 505,819 502,819 498,822 491,822 484,829 481,829 477,833 474,833 467,840 463,840 460,843 456,843 446,854 446,857 442,861 442,864 439,868 439,874 435,878 435,899 439,902 442,902 446,906 449,906 453,909 477,909 481,913 495,913 498,909 516,909 519,906 526,906 529,902 536,902 540,899 547,899 550,895 561,895 564,892 571,892 575,888 578,888 596,871 599,871 606,864 610,864 613,861 617,861 644,833 648,833 655,826 655,822 665,812 665,808 676,798"/>
    </TextRegion>
    <TextRegion id="region_db1051f3-6440-40d4-90c6-3366227a2c81_11" custom="structure {type:marginalia;}">
      <Coords points="603,2070 603,2122 606,2125 606,2129 617,2139 624,2139 627,2143 665,2143 669,2146 697,2146 700,2143 714,2143 718,2139 745,2139 749,2136 766,2136 766,2132 770,2129 770,2108 766,2104 766,2097 756,2087 756,2083 752,2080 756,2076 756,2070 766,2059 766,2056 752,2056 749,2052 738,2052 735,2049 725,2049 721,2045 714,2045 711,2042 700,2042 697,2038 693,2038 690,2035 676,2035 672,2031 658,2031 655,2035 630,2035 624,2042 620,2042 617,2045 617,2049 610,2056 610,2059 606,2063 606,2066"/>
    </TextRegion>
    <TextRegion id="region_7f86fe16-c6b5-4dfe-981e-2a14131e34c2_3" custom="structure {type:paragraph;}">
      <Coords points="732,770 735,777 752,784 794,777 826,780 833,787 829,829 819,850 819,885 826,895 857,1125 857,1258 850,1369 857,1463 853,1613 860,1676 839,1718 839,1739 860,1763 860,1822 899,1847 954,1857 1014,1857 1122,1847 1264,1843 1313,1833 1595,1836 1696,1829 1742,1822 1811,1801 1850,1777 1853,1742 1864,1728 1898,1714 1979,1697 2170,1686 2512,1690 2703,1669 2811,1669 2856,1679 2926,1679 2971,1672 3006,1658 3017,1644 3020,1624 3010,1550 2992,1502 2996,1446 2989,1418 2989,1373 2978,1334 2978,1286 2964,1237 2975,1073 2985,1031 2985,1000 2971,948 2947,930 2919,927 2905,934 2860,934 2832,909 2801,895 2693,878 2640,878 2588,864 2525,857 2494,843 2487,833 2494,801 2491,766 2505,749 2539,739 2606,735 2721,700 2738,690 2741,676 2728,662 2703,655 2571,652 2512,638 2121,641 2055,648 2010,641 1874,641 1811,634 1519,648 1334,648 1258,655 1076,655 1028,648 923,645 895,655 885,669 801,728 745,753"/>
      <TextLine id="line_79f2378a-475a-4b1b-819a-ad3034c41b34">
        <Coords points="861,711 899,692 943,699 989,655 1031,683 1075,649 1152,647 1231,571 1351,567 1431,643 1443,640 1487,596 1523,591 1915,600 2021,596 2039,583 2047,591 2107,591 2123,604 2247,599 2259,611 2335,611 2371,644 2411,620 2439,619 2868,627 2868,706 2651,706 2603,746 2547,750 2486,745 2439,754 2299,754 2263,729 1651,726 1628,718 1539,718 1523,726 1387,730 1345,770 1239,761 1059,770 1043,782 1019,782 983,749 875,745 861,738"/>
        <Baseline points="900,707 950,709 1000,709 1050,710 1100,708 1150,709 1200,709 1250,709 1300,708 1350,707 1400,707 1450,705 1500,703 1550,704 1600,703 1650,702 1700,701 1750,699 1800,698 1850,697 1900,695 1950,694 2000,693 2050,693 2100,693 2150,693 2200,693 2250,694 2300,691 2350,691 2400,691 2450,691 2500,691 2550,691 2600,689 2650,686 2700,685 2750,686 2800,687 2830,687"/>
        <Word id="word_7d908df2-fea4-477b-813e-1c516542fe3b">
          <Coords points="901,672 951,674 1000,674 1051,675 1099,673 1151,674 1200,674 1250,674 1299,673 1349,672 1383,672 1383,717 1350,717 1300,718 1250,719 1200,719 1150,719 1100,718 1050,720 1000,719 950,719 900,717"/>
          <TextEquiv>
            <Unicode>Hendrick</Unicode>
          </TextEquiv>
        </Word>
        <Word id="word_6b00b8db-7177-4133-8c9f-e78d561d18ea">
          <Coords points="1433,673 1441,671 1499,668 1551,669 1599,668 1649,667 1683,666 1684,711 1650,712 1600,713 1550,714 1500,713 1453,715 1446,717"/>
          <TextEquiv>
            <Unicode>salo</Unicode>
          </TextEquiv>
        </Word>
        <Word id="word_5e548306-1115-4a82-9570-9b932a87fb33">
          <Coords points="1738,666 1743,665 1799,663 1849,662 1899,660 1924,660 1925,704 1900,705 1850,707 1800,708 1752,709 1746,710"/>
          <TextEquiv>
            <Unicode>van</Unicode>
          </TextEquiv>
        </Word>
        <Word id="word_98b331a4-f4a0-4643-b144-888986334627">
          <Coords points="1985,658 1999,658 2050,658 2100,658 2150,658 2200,658 2251,659 2298,656 2350,656 2400,656 2450,656 2500,656 2550,656 2599,654 2647,651 2649,696 2600,699 2550,701 2500,701 2450,701 2400,701 2350,701 2301,701 2250,704 2200,703 2150,703 2100,703 2050,703 2000,703 1986,703"/>
          <TextEquiv>
            <Unicode>middelburgh</Unicode>
          </TextEquiv>
        </Word>
        <Word id="word_d7df6d38-c573-4e83-ae46-1357af62f28d">
          <Coords points="2712,648 2753,651 2801,652 2829,652 2829,697 2800,697 2749,696 2708,692"/>
          <TextEquiv>
            <Unicode>in</Unicode>
          </TextEquiv>
        </Word>
        <TextEquiv conf="0.962237677486669">
          <Unicode>Hendrick salo van middelburgh in</Unicode>
        </TextEquiv>
        <TextStyle xHeight="45"/>
      </TextLine>
      <TextLine id="a19de602-4eb1-45bb-9cef-38630bcf5385">
        <Coords points="825,748 871,739 983,747 999,763 1271,759 1283,768 1346,768 1387,732 1519,728 1543,715 1623,715 1647,724 2258,727 2294,756 2543,754 2543,833 2502,833 2474,860 2446,864 2354,863 2334,843 2312,844 2285,852 2272,865 2263,863 2250,876 2194,875 2134,843 1878,843 1859,824 1403,832 1379,844 825,836"/>
        <Baseline points="864,829 914,826 964,823 1014,820 1064,818 1114,817 1164,816 1214,814 1264,812 1314,811 1364,810 1414,808 1464,807 1514,806 1564,804 1614,803 1664,804 1714,802 1764,802 1814,803 1864,803 1914,803 1964,803 2014,804 2064,803 2114,803 2164,802 2214,803 2264,805 2314,804 2364,807 2414,811 2464,811 2505,814"/>
        <Word id="word_b7109148-5fbc-49bc-80e2-effd8843988b">
          <Coords points="862,794 912,791 962,788 1012,785 1063,783 1113,782 1163,781 1178,780 1180,825 1164,826 1114,827 1064,828 1015,830 965,833 915,836 865,839"/>
          <TextEquiv>
            <Unicode>jndia</Unicode>
          </TextEquiv>
        </Word>
        <Word id="word_e2ac2f69-e52b-42e7-b549-d9d314eaaf7d">
          <Coords points="1241,778 1263,777 1313,776 1363,775 1413,773 1463,772 1513,771 1563,769 1613,768 1665,769 1683,768 1685,813 1664,814 1614,813 1564,814 1514,816 1464,817 1414,818 1364,820 1314,821 1264,822 1243,823"/>
          <TextEquiv>
            <Unicode>gecomen</Unicode>
          </TextEquiv>
        </Word>
        <Word id="word_5df0577d-0e9b-45a1-b0fe-ca8be61b0f27">
          <Coords points="1750,766 1767,767 1815,768 1864,768 1874,768 1874,813 1864,813 1814,813 1763,812 1747,811"/>
          <TextEquiv>
            <Unicode>ao</Unicode>
          </TextEquiv>
        </Word>
        <Word id="word_ed7bfd08-df92-4816-880d-776797a7bc0b">
          <Coords points="1937,768 1964,768 2015,769 2063,768 2114,768 2126,768 2127,813 2114,813 2064,813 2014,814 1964,813 1937,813"/>
          <TextEquiv>
            <Unicode>met</Unicode>
          </TextEquiv>
        </Word>
        <Word id="word_f306528a-d7b8-43b2-b5f0-fd73f55957a8">
          <Coords points="2192,767 2216,768 2265,770 2313,769 2366,772 2417,776 2464,776 2507,779 2504,824 2464,821 2413,821 2363,817 2314,814 2264,815 2213,813 2189,811"/>
          <TextEquiv>
            <Unicode>schip</Unicode>
          </TextEquiv>
        </Word>
        <TextEquiv conf="0.8372517311222532">
          <Unicode>jndia gecomen ao met schip</Unicode>
        </TextEquiv>
        <TextStyle xHeight="40"/>
      </TextLine>
      <TextLine id="line_16dd5c84-8ea7-4166-9a28-12755c0095d7">
        <Coords points="803,836 873,836 881,843 889,836 1177,836 1197,824 1229,820 1553,816 1617,823 1856,823 1876,843 2132,843 2196,872 2273,864 2285,852 2315,843 2336,843 2360,867 2869,865 2869,944 2436,946 2396,978 2348,978 2304,973 2272,950 2244,950 2217,939 2072,943 2005,1006 1968,1010 1912,981 1721,982 1713,990 1629,998 1557,997 1545,985 1193,981 1125,1045 1073,1049 1064,1057 1001,1052 968,1021 845,1021 803,1057"/>
        <Baseline points="842,954 892,953 942,951 992,948 1042,946 1092,942 1142,937 1192,933 1242,931 1292,928 1342,926 1392,925 1442,925 1492,926 1542,924 1592,925 1642,924 1692,923 1742,923 1792,922 1842,922 1892,921 1942,921 1992,920 2042,920 2092,920 2142,919 2192,919 2242,918 2292,917 2342,919 2392,920 2442,920 2492,922 2542,924 2592,923 2642,922 2692,922 2742,921 2792,921 2831,925"/>
        <Word id="word_d723003c-9cfb-4ad5-b5f6-8643fb38edd3">
          <Coords points="841,919 891,918 941,916 990,913 1041,911 1043,911 1047,956 1042,956 993,958 942,961 892,963 842,964"/>
          <TextEquiv>
            <Unicode>voor</Unicode>
          </TextEquiv>
        </Word>
        <Word id="word_3af0ed98-3ed4-403a-b2bb-e996b78bc499">
          <Coords points="1093,907 1138,902 1189,898 1241,896 1290,893 1341,891 1391,890 1402,890 1402,935 1392,935 1342,936 1293,938 1242,941 1193,943 1143,947 1098,952"/>
          <TextEquiv>
            <Unicode>jongen</Unicode>
          </TextEquiv>
        </Word>
        <Word id="word_c15c1124-81f4-42e6-8aad-a441fe5440a6">
          <Coords points="1454,890 1493,891 1503,891 1505,935 1492,936 1453,935"/>
          <TextEquiv>
            <Unicode>a</Unicode>
          </TextEquiv>
        </Word>
        <Word id="word_ac0cb167-ef63-478f-9b70-0c9792fd6224">
          <Coords points="1557,888 1593,890 1606,890 1607,935 1592,935 1555,933"/>
          <TextEquiv>
            <Unicode>ƒ</Unicode>
          </TextEquiv>
        </Word>
        <Word id="word_d6b3a92a-29a2-4cd5-b749-ad060fdba0b1">
          <Coords points="1657,889 1691,888 1709,888 1709,933 1692,933 1658,934"/>
          <TextEquiv>
            <Unicode>4</Unicode>
          </TextEquiv>
        </Word>
        <Word id="word_0bc9be4d-0aca-47d8-825e-80f06734f508">
          <Coords points="1759,888 1791,887 1842,887 1891,886 1913,886 1913,931 1892,931 1842,932 1792,932 1760,933"/>
          <TextEquiv>
            <Unicode>ter</Unicode>
          </TextEquiv>
        </Word>
        <Word id="word_e2ecf14c-768d-4175-a838-030df130ae9a">
          <Coords points="1962,886 1991,885 2042,885 2092,885 2141,884 2192,884 2241,883 2269,882 2270,927 2242,928 2192,929 2142,929 2092,930 2042,930 1992,930 1964,931"/>
          <TextEquiv>
            <Unicode>maendt</Unicode>
          </TextEquiv>
        </Word>
        <Word id="word_2856be47-e91d-4938-a1bd-fd33d506a680">
          <Coords points="2325,882 2346,884 2393,885 2442,885 2493,887 2543,889 2591,888 2626,887 2627,932 2592,933 2542,934 2492,932 2442,930 2392,930 2341,929 2320,926"/>
          <TextEquiv>
            <Unicode>sijnde</Unicode>
          </TextEquiv>
        </Word>
        <Word id="word_280ebe4d-acd7-468d-9582-3ad7eb3f44aa">
          <Coords points="2680,886 2694,887 2741,886 2792,886 2834,890 2830,935 2792,931 2742,931 2691,932 2677,931"/>
          <TextEquiv>
            <Unicode>een</Unicode>
          </TextEquiv>
        </Word>
        <TextEquiv conf="0.8913529219720671">
          <Unicode>voor jongen a ƒ 4 ter maendt sijnde een</Unicode>
        </TextEquiv>
        <TextStyle xHeight="48"/>
      </TextLine>
      <TextLine id="line_343ae418-d11c-42a6-8671-93f30a7cdfe8">
        <Coords points="809,1049 843,1020 969,1020 1007,1056 1063,1057 1075,1049 1126,1045 1190,981 1374,985 1418,965 1722,981 1913,980 1965,1009 2005,1005 2081,938 2129,934 2205,933 2241,949 2269,949 2309,976 2397,977 2417,961 2485,961 2493,969 2813,969 2828,984 3005,979 3005,1058 2860,1058 2787,1127 2716,1126 2680,1095 2501,1095 2449,1139 2421,1126 2385,1126 2369,1111 2277,1111 2234,1096 1993,1095 1894,1100 1886,1108 1834,1112 1490,1111 1458,1139 1442,1147 1410,1147 1402,1155 1342,1154 1299,1119 1127,1119 1066,1175 983,1175 967,1162 903,1162 895,1154 809,1154"/>
        <Baseline points="848,1083 898,1087 948,1083 998,1081 1048,1078 1098,1075 1148,1074 1198,1072 1248,1071 1298,1070 1348,1069 1398,1070 1448,1069 1498,1070 1548,1070 1598,1072 1648,1073 1698,1071 1748,1070 1798,1068 1848,1068 1898,1067 1948,1066 1998,1065 2048,1063 2098,1062 2148,1059 2198,1057 2248,1055 2298,1052 2348,1053 2398,1053 2448,1052 2498,1052 2548,1053 2598,1053 2648,1053 2698,1053 2748,1051 2798,1049 2848,1048 2898,1047 2948,1042 2967,1039"/>
        <Word id="word_253fa2ad-42aa-459f-8d06-3c2856879cf1">
          <Coords points="851,1048 901,1052 945,1048 997,1046 1046,1043 1096,1040 1147,1039 1197,1037 1247,1036 1271,1036 1272,1081 1248,1081 1198,1082 1148,1084 1099,1085 1049,1088 998,1091 949,1093 897,1097 847,1093"/>
          <TextEquiv>
            <Unicode>geruijmen</Unicode>
          </TextEquiv>
        </Word>
        <Word id="word_5c7cbd5c-f880-4279-b9b8-98c306fd3f54">
          <Coords points="1318,1035 1347,1034 1399,1035 1447,1034 1499,1035 1507,1035 1507,1080 1498,1080 1448,1079 1398,1080 1348,1079 1319,1080"/>
          <TextEquiv>
            <Unicode>tijt</Unicode>
          </TextEquiv>
        </Word>
        <Word id="word_2fd55b08-e2ec-413c-9b6d-d0d81f04dbc6">
          <Coords points="1556,1035 1600,1037 1649,1038 1697,1036 1747,1035 1797,1033 1848,1033 1897,1032 1930,1031 1931,1076 1898,1077 1848,1078 1798,1078 1748,1080 1698,1081 1648,1083 1598,1082 1554,1080"/>
          <TextEquiv>
            <Unicode>omtrendt</Unicode>
          </TextEquiv>
        </Word>
        <Word id="word_1ea5df07-c7cc-4c48-9cd7-6de502e9eec6">
          <Coords points="1978,1030 1997,1030 2047,1028 2072,1028 2073,1073 2048,1073 1998,1075 1978,1075"/>
          <TextEquiv>
            <Unicode>d'</Unicode>
          </TextEquiv>
        </Word>
        <Word id="word_4806055a-c0cc-4939-81c0-b4ca5bb6a4e2">
          <Coords points="2116,1027 2145,1024 2197,1022 2247,1020 2296,1017 2349,1018 2398,1018 2447,1017 2496,1017 2496,1062 2448,1062 2398,1063 2348,1063 2299,1062 2248,1065 2198,1067 2149,1069 2120,1072"/>
          <TextEquiv>
            <Unicode>Combuijs</Unicode>
          </TextEquiv>
        </Word>
        <Word id="word_db88ec13-35e7-49d6-a172-8ddb9026ea97">
          <Coords points="2551,1018 2555,1019 2598,1018 2648,1018 2698,1018 2747,1016 2797,1014 2847,1013 2897,1012 2945,1007 2961,1004 2968,1049 2949,1052 2898,1057 2848,1058 2798,1059 2748,1061 2698,1063 2648,1063 2598,1063 2546,1063 2541,1062"/>
          <TextEquiv>
            <Unicode>gebruijct</Unicode>
          </TextEquiv>
        </Word>
        <TextEquiv conf="0.9193221091432073">
          <Unicode>geruijmen tijt omtrendt d' Combuijs gebruijct</Unicode>
        </TextEquiv>
        <TextStyle xHeight="44"/>
      </TextLine>
      <TextLine id="bc3c38e0-853c-400a-a5dd-401f3096dee3">
        <Coords points="824,1156 966,1160 982,1176 1065,1177 1130,1117 1293,1117 1309,1121 1329,1141 1445,1145 1489,1113 2088,1113 2100,1122 2372,1113 2384,1121 2416,1121 2449,1141 2500,1093 2679,1093 2719,1129 2783,1129 2819,1098 2940,1092 2940,1171 2823,1171 2775,1186 2643,1194 2368,1189 2332,1222 2268,1222 2260,1230 1757,1226 1557,1298 1497,1293 1477,1281 1245,1285 1210,1261 918,1262 886,1294 824,1298"/>
        <Baseline points="863,1209 913,1211 963,1208 1013,1207 1063,1206 1113,1205 1163,1202 1213,1199 1263,1198 1313,1200 1363,1199 1413,1197 1463,1196 1513,1196 1563,1196 1613,1194 1663,1191 1713,1189 1763,1188 1813,1187 1863,1185 1913,1182 1963,1180 2013,1178 2063,1176 2113,1174 2163,1174 2213,1172 2263,1169 2313,1164 2363,1161 2413,1158 2463,1158 2513,1159 2563,1158 2613,1157 2663,1157 2713,1156 2763,1157 2813,1157 2863,1155 2902,1152"/>
        <Word id="word_1d4c23bd-aa29-4577-9174-25103d02b28b">
          <Coords points="864,1174 914,1176 961,1173 1012,1172 1062,1171 1112,1170 1161,1167 1209,1164 1212,1209 1164,1212 1113,1215 1063,1216 1013,1217 964,1218 913,1221 863,1219"/>
          <TextEquiv>
            <Unicode>geweest</Unicode>
          </TextEquiv>
        </Word>
        <Word id="word_cecfa5ba-f39b-4d93-8e43-a4c7ca262461">
          <Coords points="1283,1169 1285,1171 1314,1165 1362,1164 1412,1162 1458,1161 1459,1206 1413,1207 1363,1209 1313,1210 1257,1206 1254,1204"/>
          <TextEquiv>
            <Unicode>wert</Unicode>
          </TextEquiv>
        </Word>
        <Word id="word_6649ee49-88da-47dc-bea7-71c47b801811">
          <Coords points="1516,1161 1521,1162 1563,1161 1612,1159 1656,1156 1659,1201 1613,1204 1563,1206 1511,1206 1507,1205"/>
          <TextEquiv>
            <Unicode>der</Unicode>
          </TextEquiv>
        </Word>
        <Word id="word_28d0d5f4-b8af-47db-9dbc-c881fcb7dbee">
          <Coords points="1712,1154 1717,1154 1762,1153 1812,1152 1862,1150 1911,1147 1962,1145 2005,1143 2006,1188 1963,1190 1914,1192 1863,1195 1813,1197 1763,1198 1712,1199 1706,1198"/>
          <TextEquiv>
            <Unicode>halven</Unicode>
          </TextEquiv>
        </Word>
        <Word id="word_38368c2c-afc3-40f3-beb5-b2bf1cb80cab">
          <Coords points="2054,1141 2062,1141 2112,1139 2155,1139 2155,1184 2113,1184 2063,1186 2056,1186"/>
          <TextEquiv>
            <Unicode>op</Unicode>
          </TextEquiv>
        </Word>
        <Word id="word_fab07117-4c65-4d64-a071-0a712399f57b">
          <Coords points="2197,1140 2205,1138 2261,1134 2310,1129 2361,1126 2401,1124 2404,1169 2364,1171 2314,1174 2264,1179 2215,1182 2207,1184"/>
          <TextEquiv>
            <Unicode>sijn</Unicode>
          </TextEquiv>
        </Word>
        <Word id="word_31ed771d-b8de-4b69-af95-9e84b022a8f6">
          <Coords points="2461,1122 2471,1124 2514,1124 2562,1123 2612,1122 2663,1122 2712,1121 2764,1122 2813,1122 2862,1120 2898,1117 2901,1162 2863,1165 2813,1167 2763,1167 2713,1166 2663,1167 2613,1167 2563,1168 2513,1169 2461,1168 2451,1165"/>
          <TextEquiv>
            <Unicode>vertoogh,</Unicode>
          </TextEquiv>
        </Word>
        <TextEquiv conf="0.9402509938673523">
          <Unicode>geweest wert der halven op sijn vertoogh,</Unicode>
        </TextEquiv>
        <TextStyle xHeight="39"/>
      </TextLine>
      <TextLine id="b3efd7c4-2a3a-4252-960e-cf0e8ef7ad25">
        <Coords points="801,1299 843,1299 915,1267 1215,1267 1267,1287 1474,1282 1486,1294 1554,1299 1750,1228 1878,1223 2262,1228 2362,1219 2813,1227 2825,1236 3001,1236 3010,1226 3010,1305 3002,1296 2953,1296 2925,1324 2805,1340 2194,1339 1970,1344 1958,1356 1839,1359 1542,1355 1438,1388 1422,1400 1155,1395 1131,1371 801,1371"/>
        <Baseline points="840,1345 890,1343 940,1340 990,1338 1040,1337 1090,1337 1140,1336 1190,1333 1240,1331 1290,1329 1340,1326 1390,1325 1440,1323 1490,1322 1540,1321 1590,1321 1640,1319 1690,1316 1740,1317 1790,1316 1840,1315 1890,1314 1940,1313 1990,1310 2040,1309 2090,1306 2140,1304 2190,1300 2240,1301 2290,1301 2340,1300 2390,1299 2440,1298 2490,1297 2540,1296 2590,1296 2640,1294 2690,1292 2740,1290 2790,1288 2840,1288 2890,1289 2940,1287 2972,1286"/>
        <Word id="word_09268748-f890-4d0d-b8f5-62936e91df2b">
          <Coords points="839,1310 889,1308 938,1305 989,1303 1039,1302 1043,1302 1043,1347 1040,1347 990,1348 941,1350 890,1353 840,1355"/>
          <TextEquiv>
            <Unicode>ende</Unicode>
          </TextEquiv>
        </Word>
        <Word id="word_92afbae5-795e-4ae2-822b-28c343091725">
          <Coords points="1093,1302 1139,1301 1188,1298 1239,1296 1289,1294 1338,1291 1389,1290 1439,1288 1489,1287 1539,1286 1590,1286 1639,1284 1688,1281 1704,1281 1703,1326 1691,1326 1640,1329 1590,1331 1540,1331 1490,1332 1440,1333 1390,1335 1341,1336 1290,1339 1240,1341 1191,1343 1140,1346 1094,1347"/>
          <TextEquiv>
            <Unicode>Bequaemheijt</Unicode>
          </TextEquiv>
        </Word>
        <Word id="word_ac58340d-9615-4619-9bf3-cbe09c79f849">
          <Coords points="1752,1282 1789,1281 1839,1280 1889,1279 1905,1279 1906,1324 1890,1324 1840,1325 1790,1326 1754,1327"/>
          <TextEquiv>
            <Unicode>Bij</Unicode>
          </TextEquiv>
        </Word>
        <Word id="word_b702ed34-6c7e-4c44-8707-295e331750e0">
          <Coords points="1954,1278 1987,1275 2039,1274 2088,1271 2139,1269 2187,1265 2211,1265 2210,1310 2191,1310 2140,1314 2091,1316 2040,1319 1991,1320 1958,1323"/>
          <TextEquiv>
            <Unicode>desen</Unicode>
          </TextEquiv>
        </Word>
        <Word id="word_d67ec418-12ba-4519-988f-94095b89974a">
          <Coords points="2261,1266 2289,1266 2339,1265 2389,1264 2413,1264 2414,1309 2390,1309 2340,1310 2290,1311 2261,1311"/>
          <TextEquiv>
            <Unicode>een</Unicode>
          </TextEquiv>
        </Word>
        <Word id="word_27bf9500-2ddc-4efc-b06a-777724ff2b36">
          <Coords points="2464,1263 2489,1262 2539,1261 2590,1261 2639,1259 2689,1257 2739,1255 2789,1253 2840,1253 2891,1254 2939,1252 2971,1251 2972,1296 2940,1297 2890,1299 2840,1298 2790,1298 2740,1300 2690,1302 2640,1304 2590,1306 2540,1306 2490,1307 2464,1308"/>
          <TextEquiv>
            <Unicode>belooningh</Unicode>
          </TextEquiv>
        </Word>
        <TextEquiv conf="0.9089343325080576">
          <Unicode>ende Bequaemheijt Bij desen een belooningh</Unicode>
        </TextEquiv>
        <TextStyle xHeight="37"/>
      </TextLine>
      <TextLine id="line_61abba21-2c34-4af2-b4cf-93b8fbf82296">
        <Coords points="813,1372 1131,1372 1155,1396 1418,1401 1458,1381 1542,1356 1957,1357 1997,1321 2017,1321 2025,1329 2140,1329 2197,1337 2900,1337 2924,1352 2961,1352 2961,1431 2744,1428 2676,1480 2421,1479 2405,1463 2381,1455 1478,1448 1406,1452 1343,1495 813,1487"/>
        <Baseline points="852,1459 902,1459 952,1457 1002,1453 1052,1450 1102,1448 1152,1446 1202,1444 1252,1443 1302,1442 1352,1442 1402,1443 1452,1442 1502,1441 1552,1441 1602,1440 1652,1439 1702,1439 1752,1440 1802,1439 1852,1438 1902,1438 1952,1438 2002,1436 2052,1434 2102,1432 2152,1430 2202,1430 2252,1430 2302,1428 2352,1428 2402,1426 2452,1424 2502,1424 2552,1422 2602,1421 2652,1420 2702,1419 2752,1418 2802,1416 2852,1414 2902,1411 2923,1412"/>
        <Word id="word_2e4575d0-a53a-4701-b485-ded4ac81a366">
          <Coords points="852,1424 902,1424 951,1422 999,1418 1005,1418 1008,1463 1003,1463 952,1467 902,1469 852,1469"/>
          <TextEquiv>
            <Unicode>van</Unicode>
          </TextEquiv>
        </Word>
        <Word id="word_6eb940ee-d75e-45fd-8076-b36bf4c31354">
          <Coords points="1058,1415 1101,1413 1151,1411 1201,1409 1251,1408 1301,1407 1318,1407 1318,1452 1302,1452 1252,1453 1202,1454 1152,1456 1102,1458 1059,1460"/>
          <TextEquiv>
            <Unicode>seven</Unicode>
          </TextEquiv>
        </Word>
        <Word id="word_2b29b8ce-000b-4ae0-8c2f-a3283baa5a0a">
          <Coords points="1371,1407 1403,1408 1451,1407 1501,1406 1552,1406 1601,1405 1651,1404 1702,1404 1733,1405 1732,1450 1702,1449 1652,1449 1602,1450 1552,1451 1502,1451 1452,1452 1402,1453 1369,1452"/>
          <TextEquiv>
            <Unicode>guldens</Unicode>
          </TextEquiv>
        </Word>
        <Word id="word_fb1f6d10-8e38-405d-9a91-048a44bc6939">
          <Coords points="1781,1406 1799,1404 1851,1403 1902,1403 1939,1403 1939,1448 1902,1448 1852,1448 1803,1449 1785,1451"/>
          <TextEquiv>
            <Unicode>ter</Unicode>
          </TextEquiv>
        </Word>
        <Word id="word_56853bd2-b5d3-4e86-a5c0-6b1b8a26824f">
          <Coords points="1985,1404 1996,1402 2051,1399 2101,1397 2151,1395 2202,1395 2252,1395 2300,1393 2302,1438 2252,1440 2202,1440 2152,1440 2102,1442 2052,1444 2004,1446 1993,1448"/>
          <TextEquiv>
            <Unicode>maendt</Unicode>
          </TextEquiv>
        </Word>
        <Word id="word_776e6e0b-dad5-4c01-9c8d-928e01cf598a">
          <Coords points="2353,1391 2402,1391 2451,1389 2502,1389 2551,1387 2601,1386 2651,1385 2701,1384 2751,1383 2801,1381 2851,1379 2900,1376 2924,1377 2922,1422 2903,1421 2852,1424 2802,1426 2752,1428 2702,1429 2652,1430 2602,1431 2552,1432 2502,1434 2452,1434 2402,1436 2353,1436"/>
          <TextEquiv>
            <Unicode>toegeleijdt</Unicode>
          </TextEquiv>
        </Word>
        <TextEquiv conf="0.96075764304805">
          <Unicode>van seven guldens ter maendt toegeleijdt</Unicode>
        </TextEquiv>
        <TextStyle xHeight="36"/>
      </TextLine>
      <TextLine id="line_2bdbcc67-51f3-4523-a1f1-c395d0855a94">
        <Coords points="819,1487 1340,1496 1372,1480 1396,1456 1428,1449 2383,1455 2423,1479 2900,1478 2900,1557 2851,1557 2839,1568 2000,1560 1912,1564 1863,1612 1009,1612 1001,1620 819,1615"/>
        <Baseline points="858,1584 908,1585 958,1581 1008,1580 1058,1579 1108,1577 1158,1576 1208,1576 1258,1574 1308,1572 1358,1570 1408,1566 1458,1564 1508,1562 1558,1561 1608,1558 1658,1555 1708,1555 1758,1556 1808,1557 1858,1558 1908,1556 1958,1555 2008,1553 2058,1551 2108,1549 2158,1547 2208,1547 2258,1546 2308,1546 2358,1549 2408,1550 2458,1550 2508,1549 2558,1548 2608,1548 2658,1546 2708,1544 2758,1542 2808,1539 2858,1539 2862,1538"/>
        <Word id="word_412311bf-edb2-45a2-9923-726be45764de">
          <Coords points="859,1549 909,1550 955,1546 1007,1545 1057,1544 1095,1542 1097,1587 1058,1589 1008,1590 959,1591 908,1595 858,1594"/>
          <TextEquiv>
            <Unicode>midts</Unicode>
          </TextEquiv>
        </Word>
        <Word id="word_bd7eac88-41a6-4b5e-b9ee-e06b1fd81cef">
          <Coords points="1145,1541 1159,1541 1208,1541 1257,1539 1286,1538 1288,1583 1258,1584 1208,1586 1158,1586 1144,1586"/>
          <TextEquiv>
            <Unicode>dat</Unicode>
          </TextEquiv>
        </Word>
        <Word id="word_8b4555aa-527b-4aeb-ac06-b91367838538">
          <Coords points="1334,1536 1357,1535 1405,1531 1457,1529 1507,1527 1525,1527 1526,1572 1508,1572 1458,1574 1409,1576 1358,1580 1336,1581"/>
          <TextEquiv>
            <Unicode>door</Unicode>
          </TextEquiv>
        </Word>
        <Word id="word_509a3bcf-44ee-43a8-bc46-07420ebf4a91">
          <Coords points="1571,1526 1605,1523 1656,1520 1708,1520 1759,1521 1765,1521 1764,1566 1758,1566 1708,1565 1659,1565 1609,1568 1574,1571"/>
          <TextEquiv>
            <Unicode>voor</Unicode>
          </TextEquiv>
        </Word>
        <Word id="word_2aacfbce-cbac-4450-bb65-dca43c6f8ecf">
          <Coords points="1813,1522 1859,1523 1907,1521 1957,1520 2002,1518 2003,1563 1958,1565 1908,1566 1858,1568 1812,1567"/>
          <TextEquiv>
            <Unicode>sijn</Unicode>
          </TextEquiv>
        </Word>
        <Word id="word_ecc3d06c-eb1c-4c1d-9c1f-cfa81adcdf8a">
          <Coords points="2049,1516 2057,1516 2107,1514 2157,1512 2208,1512 2257,1511 2308,1511 2339,1513 2337,1558 2308,1556 2258,1556 2208,1557 2158,1557 2108,1559 2058,1561 2051,1561"/>
          <TextEquiv>
            <Unicode>dienst</Unicode>
          </TextEquiv>
        </Word>
        <Word id="word_afb7dca1-6392-4133-83ec-9099c82c750e">
          <Coords points="2384,1516 2407,1515 2458,1515 2507,1514 2527,1514 2528,1559 2508,1559 2458,1560 2408,1560 2385,1561"/>
          <TextEquiv>
            <Unicode>als</Unicode>
          </TextEquiv>
        </Word>
        <Word id="word_db84ff7c-f5d2-4150-9b7a-ee1077c50b64">
          <Coords points="2576,1513 2608,1513 2657,1511 2707,1509 2757,1507 2806,1504 2853,1504 2858,1504 2864,1548 2858,1549 2809,1549 2758,1552 2708,1554 2658,1556 2608,1558 2576,1558"/>
          <TextEquiv>
            <Unicode>vooren</Unicode>
          </TextEquiv>
        </Word>
        <TextEquiv conf="0.9718950851710395">
          <Unicode>midts dat door voor sijn dienst als vooren</Unicode>
        </TextEquiv>
        <TextStyle xHeight="40"/>
      </TextLine>
      <TextLine id="line_1d3ff560-948c-413b-8fa1-0e90d2ed0ec7">
        <Coords points="784,1633 1166,1637 1218,1633 1226,1625 1310,1625 1318,1617 1861,1609 1909,1565 1973,1561 3008,1569 3034,1553 3065,1577 3060,1663 3033,1648 3015,1663 2944,1664 2932,1676 2832,1676 2720,1659 2540,1668 2349,1747 1589,1743 1573,1731 1409,1731 1345,1723 1078,1724 784,1740"/>
        <Baseline points="823,1732 873,1727 923,1723 973,1719 1023,1714 1073,1712 1123,1710 1173,1706 1223,1703 1273,1699 1323,1696 1373,1694 1423,1691 1473,1688 1523,1685 1573,1682 1623,1679 1673,1675 1723,1673 1773,1673 1823,1670 1873,1670 1923,1668 1973,1666 2023,1664 2073,1663 2123,1663 2173,1662 2223,1661 2273,1659 2323,1657 2373,1656 2423,1653 2473,1654 2523,1658 2573,1658 2623,1656 2673,1652 2723,1648 2773,1648 2823,1648 2873,1648 2923,1647 2973,1645 3023,1638 3027,1638"/>
        <Word id="word_fcecaede-f0c8-4bd9-a16b-87177efdd857">
          <Coords points="820,1697 870,1692 920,1688 970,1684 1020,1679 1072,1677 1122,1675 1170,1671 1221,1668 1270,1664 1304,1662 1307,1707 1274,1709 1224,1713 1174,1716 1123,1720 1073,1722 1024,1724 974,1729 924,1733 874,1737 824,1742"/>
          <TextEquiv>
            <Unicode>waernemen</Unicode>
          </TextEquiv>
        </Word>
        <Word id="word_964ccc8d-10df-45e6-9b27-ea9fd1e1cffc">
          <Coords points="1361,1659 1374,1659 1421,1656 1471,1653 1521,1650 1571,1647 1573,1647 1576,1692 1574,1692 1524,1695 1474,1698 1424,1701 1373,1704 1360,1704"/>
          <TextEquiv>
            <Unicode>zal,</Unicode>
          </TextEquiv>
        </Word>
        <Word id="word_72f2cd13-9ae2-430e-be79-f3e72cb460c2">
          <Coords points="1626,1644 1670,1640 1722,1638 1773,1638 1821,1635 1873,1635 1922,1633 1972,1631 2022,1629 2072,1628 2123,1628 2166,1627 2167,1672 2123,1673 2073,1673 2023,1674 1973,1676 1923,1678 1873,1680 1824,1680 1773,1683 1723,1683 1674,1685 1630,1689"/>
          <TextEquiv>
            <Unicode>innegaende</Unicode>
          </TextEquiv>
        </Word>
        <Word id="word_850767d5-7bdc-41b5-8d1f-1030dfdcc544">
          <Coords points="2220,1626 2222,1626 2272,1624 2322,1622 2327,1622 2328,1667 2323,1667 2273,1669 2223,1671 2221,1671"/>
          <TextEquiv>
            <Unicode>d'</Unicode>
          </TextEquiv>
        </Word>
        <Word id="word_a0f2dff1-e3a4-4540-9501-7b607d141168">
          <Coords points="2380,1621 2421,1618 2474,1619 2526,1623 2573,1623 2622,1621 2670,1617 2720,1613 2773,1613 2823,1613 2873,1613 2922,1612 2972,1610 3018,1603 3027,1603 3027,1648 3024,1648 2973,1655 2923,1657 2873,1658 2823,1658 2773,1658 2724,1658 2674,1662 2623,1666 2573,1668 2522,1668 2473,1664 2424,1663 2383,1666"/>
          <TextEquiv>
            <Unicode>verbeteringe</Unicode>
          </TextEquiv>
        </Word>
        <TextEquiv conf="0.85696689410205">
          <Unicode>waernemen zal, innegaende d' verbeteringe</Unicode>
        </TextEquiv>
        <TextStyle xHeight="42"/>
      </TextLine>
      <TextLine id="a3255406-e708-4537-95dc-262bb52546a4">
        <Coords points="820,1741 882,1733 1262,1729 1326,1720 1402,1724 1410,1732 1578,1732 1598,1749 1781,1745 1810,1737 2007,1737 2023,1730 2023,1809 1882,1807 1798,1812 1790,1820 1538,1832 1242,1832 1226,1844 1122,1844 1098,1860 870,1864 844,1852 820,1864"/>
        <Baseline points="859,1848 909,1847 959,1844 1009,1841 1059,1838 1109,1835 1159,1830 1209,1828 1259,1824 1309,1823 1359,1821 1409,1820 1459,1817 1509,1815 1559,1814 1609,1813 1659,1810 1709,1808 1759,1805 1809,1801 1859,1797 1909,1793 1959,1792 1985,1790"/>
        <Word id="word_634f204f-50e4-48ec-a44e-2c7b15449d92">
          <Coords points="858,1813 908,1812 957,1809 1007,1806 1011,1806 1013,1851 1010,1851 960,1854 909,1857 859,1858"/>
          <TextEquiv>
            <Unicode>van</Unicode>
          </TextEquiv>
        </Word>
        <Word id="word_089fd30b-ab7a-4e9d-afe7-69c4b6dc8678">
          <Coords points="1062,1803 1107,1800 1156,1795 1208,1793 1256,1789 1308,1788 1318,1788 1320,1833 1309,1833 1260,1834 1209,1838 1160,1840 1110,1845 1064,1848"/>
          <TextEquiv>
            <Unicode>gagie</Unicode>
          </TextEquiv>
        </Word>
        <Word id="word_bbcfdf74-742b-4dd4-a816-a69e50df5378">
          <Coords points="1370,1786 1409,1785 1457,1782 1508,1780 1558,1779 1575,1779 1576,1824 1559,1824 1509,1825 1460,1827 1409,1830 1371,1831"/>
          <TextEquiv>
            <Unicode>dato</Unicode>
          </TextEquiv>
        </Word>
        <Word id="word_99bed9d9-a19b-4961-9abc-edf507d7d7c4">
          <Coords points="1624,1778 1656,1775 1708,1773 1757,1770 1806,1766 1856,1762 1880,1760 1883,1805 1860,1807 1810,1811 1760,1815 1709,1818 1660,1820 1628,1823"/>
          <TextEquiv>
            <Unicode>deses</Unicode>
          </TextEquiv>
        </Word>
        <Word id="word_019e44f8-82df-4888-92cb-86971444ca23">
          <Coords points="1935,1756 1960,1757 1982,1755 1986,1800 1959,1802 1933,1801"/>
          <TextEquiv>
            <Unicode>—</Unicode>
          </TextEquiv>
        </Word>
        <TextEquiv conf="0.9067602682808722">
          <Unicode>van gagie dato deses —</Unicode>
        </TextEquiv>
        <TextStyle xHeight="35"/>
      </TextLine>
    </TextRegion>
    <TextRegion id="region_cd13e413-3c80-4578-8a5c-413943865a18_2" custom="structure {type:paragraph;}">
      <Coords points="2975,2035 2961,2021 2898,2003 2755,2017 2686,2007 2564,2010 2442,1993 2334,2014 1818,2049 1264,2052 1104,2038 1024,2049 895,2038 770,2056 756,2080 773,2108 770,2136 801,2136 853,2181 853,2205 815,2275 815,2320 846,2376 843,2446 860,2495 853,2665 860,3278 874,3460 867,3543 895,3606 860,3637 651,3738 662,3752 718,3766 766,3798 763,3832 707,3892 725,3920 777,3940 815,3972 975,3933 1219,3927 1432,3906 1540,3906 1581,3916 1599,3933 1606,3965 1644,3989 1665,3965 1804,3954 1822,3975 1818,3993 1857,4031 1822,4048 1822,4059 1871,4090 1885,4083 1898,4101 1940,4104 1999,4139 2013,4163 2003,4209 1986,4226 1999,4278 1982,4306 1916,4292 1898,4247 1794,4313 1784,4341 1801,4404 1829,4414 1944,4400 1982,4383 2198,4365 2167,4341 2188,4327 2170,4313 2017,4271 1996,4244 2104,4219 2125,4205 2135,4212 2219,4177 2323,4205 2344,4223 2362,4285 2334,4317 2299,4324 2330,4341 2306,4355 2508,4334 2581,4296 2686,4271 2780,4271 2818,4296 2881,4268 2902,4216 2923,4031 2909,4007 2829,3975 2762,3933 2773,3825 2752,3798 2783,3773 2909,3780 2947,3766 2968,3745 2996,3637 2961,3585 2832,3575 2613,3578 2505,3599 1679,3599 1547,3589 1365,3606 1341,3596 1268,3596 1247,3578 1264,3568 1428,3557 1554,3564 1634,3536 2383,3491 2491,3446 2501,3393 2532,3376 2825,3376 2947,3331 2957,3320 2961,3247 2940,3055 2947,2982 2975,2923 2968,2752 2982,2641 2978,2373 2999,2320"/>
      <TextLine id="line_11ee8680-97f8-4c4b-8c56-aa7a7329dac9">
        <Coords points="754,1861 838,1862 851,1853 908,1898 1541,1901 1588,1948 1752,1952 1800,2000 1944,2000 1972,2024 2282,2024 2428,1883 2652,1883 2659,1876 2832,2027 2989,2024 2989,2103 2432,2106 2328,2110 2320,2118 2140,2118 2128,2130 1968,2129 1937,2149 1920,2140 1797,2193 1777,2184 1660,2180 1508,2181 1432,2193 1405,2176 1324,2169 1290,2138 1148,2142 1120,2166 1084,2181 1052,2181 1032,2165 1004,2165 908,2174 892,2189 754,2184"/>
        <Baseline points="793,2150 843,2145 893,2140 943,2136 993,2133 1043,2132 1093,2132 1143,2132 1193,2131 1243,2128 1293,2126 1343,2126 1393,2127 1443,2125 1493,2124 1543,2124 1593,2122 1643,2120 1693,2120 1743,2119 1793,2117 1843,2116 1893,2114 1943,2112 1993,2113 2043,2112 2093,2109 2143,2108 2193,2106 2243,2105 2293,2103 2343,2102 2393,2101 2443,2099 2493,2098 2543,2097 2593,2094 2643,2093 2693,2092 2743,2092 2793,2092 2843,2091 2893,2088 2943,2086 2951,2084"/>
        <Word id="word_0b4c055e-31a1-4c89-b619-ccf8373c2c26">
          <Coords points="790,2115 840,2110 890,2105 940,2101 991,2098 1042,2097 1093,2097 1143,2097 1192,2096 1241,2093 1292,2091 1343,2091 1361,2091 1360,2136 1343,2136 1293,2136 1244,2138 1193,2141 1143,2142 1093,2142 1043,2142 994,2143 944,2146 894,2150 844,2155 794,2160"/>
          <TextEquiv>
            <Unicode>Allexander</Unicode>
          </TextEquiv>
        </Word>
        <Word id="word_c5276365-e6c9-45b0-88f1-c0d4e0396ebc">
          <Coords points="1414,2093 1440,2090 1492,2089 1543,2089 1592,2087 1642,2085 1693,2085 1742,2084 1792,2082 1842,2081 1892,2079 1942,2077 1986,2078 1985,2123 1943,2122 1893,2124 1843,2126 1793,2127 1743,2129 1693,2130 1643,2130 1593,2132 1543,2134 1493,2134 1444,2135 1418,2137"/>
          <TextEquiv>
            <Unicode>geboortich</Unicode>
          </TextEquiv>
        </Word>
        <Word id="word_5417ffb7-5abc-409e-82fa-a15f3ab52bba">
          <Coords points="2010,2101 2010,2099 2091,2074 2142,2073 2192,2071 2211,2071 2211,2116 2193,2116 2143,2118 2094,2119 2052,2116 2052,2118"/>
          <TextEquiv>
            <Unicode>van</Unicode>
          </TextEquiv>
        </Word>
        <Word id="word_aca43b04-7cd3-40dd-96d4-45f05ec9d7e4">
          <Coords points="2266,2070 2291,2068 2342,2067 2392,2066 2442,2064 2492,2063 2542,2062 2591,2059 2642,2058 2692,2057 2743,2057 2793,2057 2842,2056 2891,2053 2894,2098 2843,2101 2793,2102 2743,2102 2693,2102 2643,2103 2594,2104 2543,2107 2493,2108 2443,2109 2393,2111 2343,2112 2294,2113 2269,2114"/>
          <TextEquiv>
            <Unicode>Pattiacabta</Unicode>
          </TextEquiv>
        </Word>
        <TextEquiv conf="0.8066999041898772">
          <Unicode>Allexander  geboortich van Pattiacabta</Unicode>
        </TextEquiv>
        <TextStyle xHeight="57"/>
      </TextLine>
      <TextLine id="line_4bffddfd-cb97-4cd6-a035-dbbb8a9b3493">
        <Coords points="2419,2118 2663,2118 2663,2197 2615,2214 2579,2214 2561,2201 2504,2201 2493,2190 2419,2186"/>
        <Baseline points="2458,2182 2508,2180 2558,2178 2608,2176 2625,2178"/>
        <Word id="word_08ca325c-16dc-4c55-a443-e442f0d5cbb1">
          <Coords points="2457,2147 2507,2145 2557,2143 2607,2141 2629,2143 2624,2188 2608,2186 2558,2188 2508,2190 2458,2192"/>
          <TextEquiv>
            <Unicode>e</Unicode>
          </TextEquiv>
        </Word>
        <TextEquiv conf="0.07775324583053589">
          <Unicode>e</Unicode>
        </TextEquiv>
        <TextStyle xHeight="35"/>
      </TextLine>
      <TextLine id="c0073c64-e4a9-46f7-8d30-8a355ac084cb">
        <Coords points="763,2184 893,2189 909,2173 1005,2164 1029,2164 1045,2180 1085,2181 1109,2173 1144,2141 1301,2133 1340,2172 1407,2176 1434,2193 1508,2181 1660,2180 1778,2184 1791,2194 1886,2153 1900,2161 1918,2157 1967,2129 2067,2128 2402,2140 2451,2189 2623,2185 2631,2192 2651,2172 2658,2178 2730,2112 2934,2112 2990,2164 3003,2164 3003,2243 2918,2243 2898,2252 2678,2251 2650,2268 2367,2268 2307,2280 2271,2280 2259,2271 2155,2271 2130,2248 1788,2256 1719,2319 1664,2271 1640,2272 1611,2296 1604,2289 1468,2289 1460,2283 1416,2283 1404,2275 917,2284 817,2331 805,2343 763,2355"/>
        <Baseline points="802,2280 852,2277 902,2271 952,2262 1002,2258 1052,2256 1102,2255 1152,2252 1202,2250 1252,2249 1302,2248 1352,2249 1402,2250 1452,2250 1502,2250 1552,2249 1602,2245 1652,2243 1702,2242 1752,2240 1802,2238 1852,2238 1902,2237 1952,2235 2002,2232 2052,2230 2102,2227 2152,2226 2202,2223 2252,2222 2302,2221 2352,2218 2402,2220 2452,2229 2502,2228 2552,2227 2602,2228 2652,2225 2702,2224 2752,2224 2802,2222 2852,2221 2902,2223 2952,2226 2965,2224"/>
        <Word id="word_a78dc911-301c-4436-a650-f02c9b4ac6b4">
          <Coords points="800,2245 850,2242 898,2236 946,2228 999,2223 1051,2221 1101,2220 1150,2217 1201,2215 1203,2215 1204,2260 1202,2260 1153,2262 1102,2265 1052,2266 1003,2268 954,2272 903,2281 853,2287 803,2290"/>
          <TextEquiv>
            <Unicode>hebbende</Unicode>
          </TextEquiv>
        </Word>
        <Word id="word_e998a9e7-a036-42ff-a56f-b710c5314000">
          <Coords points="1253,2214 1301,2213 1305,2213 1304,2258 1302,2258 1254,2259"/>
          <TextEquiv>
            <Unicode>t</Unicode>
          </TextEquiv>
        </Word>
        <Word id="word_46930db7-35f3-4a9e-ac10-827d9078b622">
          <Coords points="1355,2214 1403,2215 1452,2215 1502,2215 1551,2214 1553,2214 1557,2259 1552,2259 1502,2260 1452,2260 1402,2260 1354,2259"/>
          <TextEquiv>
            <Unicode>Cocx</Unicode>
          </TextEquiv>
        </Word>
        <Word id="word_9f5cba89-db2d-4508-9280-19e20646bfb8">
          <Coords points="1605,2210 1651,2208 1701,2207 1751,2205 1801,2203 1808,2203 1808,2248 1802,2248 1752,2250 1702,2252 1652,2253 1607,2255"/>
          <TextEquiv>
            <Unicode>ampt</Unicode>
          </TextEquiv>
        </Word>
        <Word id="word_c1859fdb-e3af-4b7c-95b3-af0e8abce480">
          <Coords points="1857,2203 1901,2202 1951,2200 2000,2197 2051,2195 2100,2192 2151,2191 2200,2188 2210,2188 2211,2233 2203,2233 2152,2236 2103,2237 2052,2240 2003,2242 1952,2245 1902,2247 1858,2248"/>
          <TextEquiv>
            <Unicode>tsedert</Unicode>
          </TextEquiv>
        </Word>
        <Word id="word_936c2389-bcac-4530-a1b1-b40cfbe522b7">
          <Coords points="2260,2187 2301,2186 2350,2183 2403,2185 2458,2195 2461,2194 2462,2239 2450,2239 2402,2230 2353,2228 2302,2231 2261,2232"/>
          <TextEquiv>
            <Unicode>p=mo</Unicode>
          </TextEquiv>
        </Word>
        <Word id="word_216ca9c8-208a-452b-b7ed-f27819b83ce3">
          <Coords points="2511,2193 2551,2192 2603,2193 2650,2190 2701,2189 2752,2189 2801,2187 2851,2186 2903,2188 2954,2191 2960,2189 2967,2234 2951,2236 2902,2233 2852,2231 2802,2232 2752,2234 2702,2234 2653,2235 2602,2238 2552,2237 2512,2238"/>
          <TextEquiv>
            <Unicode>septereeb</Unicode>
          </TextEquiv>
        </Word>
        <TextEquiv conf="0.8112465619650701">
          <Unicode>hebbende t Cocx ampt tsedert p=mo septereeb</Unicode>
        </TextEquiv>
        <TextStyle xHeight="45"/>
      </TextLine>
      <TextLine id="f7e8c3f1-b75e-44c1-940d-90334cdbaba1">
        <Coords points="814,2318 864,2294 908,2294 920,2282 1613,2278 1648,2250 1768,2246 2140,2245 2168,2273 2260,2273 2284,2297 2880,2293 2912,2297 2924,2309 2984,2314 3004,2298 3027,2301 3057,2279 3061,2283 3061,2363 3035,2379 1944,2384 1888,2376 1788,2376 1769,2384 1468,2384 1460,2392 1412,2388 1380,2412 1360,2405 1332,2416 1236,2416 1200,2452 1156,2451 1136,2431 868,2431 814,2460"/>
        <Baseline points="853,2392 903,2389 953,2387 1003,2382 1053,2379 1103,2377 1153,2374 1203,2370 1253,2367 1303,2365 1353,2364 1403,2362 1453,2362 1503,2361 1553,2361 1603,2361 1653,2359 1703,2356 1753,2354 1803,2353 1853,2352 1903,2350 1953,2349 2003,2350 2053,2349 2103,2349 2153,2349 2203,2350 2253,2350 2303,2349 2353,2348 2403,2347 2453,2345 2503,2342 2553,2341 2603,2340 2653,2341 2703,2340 2753,2341 2803,2339 2853,2339 2903,2340 2953,2339 3003,2341 3023,2344"/>
        <Word id="word_d7613c6b-5875-4c25-94ed-483b58533b72">
          <Coords points="851,2357 901,2354 952,2352 991,2348 995,2393 953,2397 904,2399 854,2402"/>
          <TextEquiv>
            <Unicode>opt</Unicode>
          </TextEquiv>
        </Word>
        <Word id="word_41a52614-cea2-45dc-8619-682601d1ed67">
          <Coords points="1044,2343 1055,2344 1102,2342 1151,2339 1200,2335 1251,2332 1276,2331 1277,2376 1254,2377 1204,2380 1154,2384 1103,2387 1052,2389 1041,2388"/>
          <TextEquiv>
            <Unicode>fuijt</Unicode>
          </TextEquiv>
        </Word>
        <Word id="word_17200ffc-deb0-4339-9e17-1ccfddaa53c6">
          <Coords points="1324,2329 1353,2329 1402,2327 1453,2327 1502,2326 1553,2326 1560,2326 1560,2371 1553,2371 1503,2371 1453,2372 1403,2372 1353,2374 1324,2374"/>
          <TextEquiv>
            <Unicode>schip</Unicode>
          </TextEquiv>
        </Word>
        <Word id="word_00168e2a-38cb-4983-b190-cb81f96252c6">
          <Coords points="1606,2326 1651,2324 1701,2321 1752,2319 1802,2318 1852,2317 1902,2315 1952,2314 2004,2315 2031,2314 2032,2359 2003,2360 1953,2359 1903,2360 1853,2362 1803,2363 1753,2364 1704,2366 1653,2369 1608,2371"/>
          <TextEquiv>
            <Unicode>Heemstede</Unicode>
          </TextEquiv>
        </Word>
        <Word id="word_328ad2ff-1dff-482d-be27-64f88ff39e79">
          <Coords points="2080,2313 2104,2314 2153,2314 2204,2315 2221,2315 2221,2360 2203,2360 2153,2359 2103,2359 2079,2358"/>
          <TextEquiv>
            <Unicode>tot</Unicode>
          </TextEquiv>
        </Word>
        <Word id="word_d27b16c0-1847-4f75-af20-eccf4efe037c">
          <Coords points="2267,2315 2302,2314 2352,2313 2402,2312 2452,2310 2455,2310 2457,2355 2453,2355 2403,2357 2353,2358 2303,2359 2268,2360"/>
          <TextEquiv>
            <Unicode>goet</Unicode>
          </TextEquiv>
        </Word>
        <Word id="word_f1f7d4d4-fae9-48e5-a34b-aca3c12a6517">
          <Coords points="2503,2307 2552,2306 2602,2305 2654,2306 2702,2305 2754,2306 2802,2304 2853,2304 2904,2305 2952,2304 3004,2306 3028,2309 3021,2354 3003,2351 2953,2349 2903,2350 2853,2349 2803,2349 2753,2351 2703,2350 2653,2351 2603,2350 2553,2351 2504,2352"/>
          <TextEquiv>
            <Unicode>contentent„</Unicode>
          </TextEquiv>
        </Word>
        <TextEquiv conf="0.8421433327987851">
          <Unicode>opt fuijt schip Heemstede tot goet contentent„</Unicode>
        </TextEquiv>
        <TextStyle xHeight="45"/>
      </TextLine>
      <TextLine id="line_69aa1fd5-45be-4211-b418-260440ec6628">
        <Coords points="820,2456 866,2432 1138,2432 1158,2451 1202,2452 1242,2413 1342,2413 1370,2401 1390,2405 1434,2377 1482,2381 1530,2373 1770,2372 1941,2384 2954,2384 2954,2463 2829,2463 2802,2488 2771,2472 2702,2536 2692,2528 2685,2535 2649,2535 2639,2528 2349,2533 2321,2508 1754,2505 1638,2509 1594,2549 1557,2520 1482,2520 1458,2533 1418,2518 1154,2521 1090,2581 820,2581"/>
        <Baseline points="859,2518 909,2517 959,2514 1009,2509 1059,2505 1109,2502 1159,2498 1209,2496 1259,2495 1309,2492 1359,2490 1409,2489 1459,2486 1509,2484 1559,2481 1609,2480 1659,2481 1709,2479 1759,2479 1809,2480 1859,2478 1909,2476 1959,2473 2009,2472 2059,2471 2109,2470 2159,2470 2209,2469 2259,2467 2309,2465 2359,2462 2409,2459 2459,2457 2509,2453 2559,2452 2609,2451 2659,2449 2709,2449 2759,2446 2809,2444 2859,2443 2909,2444 2916,2444"/>
        <Word id="word_b4bf3980-6fda-4156-9bc0-969eca3f76da">
          <Coords points="858,2483 908,2482 957,2479 1002,2474 1007,2519 960,2524 909,2527 859,2528"/>
          <TextEquiv>
            <Unicode>van</Unicode>
          </TextEquiv>
        </Word>
        <Word id="word_7584126c-b54a-4749-b0a5-036e1e78d06f">
          <Coords points="1059,2470 1063,2470 1107,2467 1156,2463 1208,2461 1250,2460 1251,2505 1209,2506 1160,2508 1110,2512 1058,2515 1053,2514"/>
          <TextEquiv>
            <Unicode>sijn</Unicode>
          </TextEquiv>
        </Word>
        <Word id="word_c665734a-1cd1-484f-b022-af55100aa559">
          <Coords points="1292,2460 1301,2458 1358,2455 1408,2454 1457,2451 1508,2449 1557,2446 1608,2445 1660,2446 1708,2444 1759,2444 1810,2445 1837,2444 1838,2489 1809,2490 1759,2489 1709,2489 1659,2491 1609,2490 1560,2491 1509,2494 1460,2496 1409,2499 1359,2500 1311,2502 1302,2504"/>
          <TextEquiv>
            <Unicode>overicheijt</Unicode>
          </TextEquiv>
        </Word>
        <Word id="word_6ba2e179-07d0-46a4-96d5-fcdcd0c40688">
          <Coords points="1886,2442 1908,2441 1957,2438 2008,2437 2058,2436 2108,2435 2159,2435 2208,2434 2258,2432 2278,2431 2279,2476 2259,2477 2209,2479 2159,2480 2109,2480 2059,2481 2009,2482 1960,2483 1909,2486 1887,2487"/>
          <TextEquiv>
            <Unicode>Bedient,</Unicode>
          </TextEquiv>
        </Word>
        <Word id="word_af71598c-8974-45d0-98be-ccb5698628b9">
          <Coords points="2325,2429 2356,2427 2407,2424 2458,2422 2506,2418 2523,2418 2524,2463 2510,2463 2459,2467 2410,2469 2360,2472 2329,2474"/>
          <TextEquiv>
            <Unicode>ende</Unicode>
          </TextEquiv>
        </Word>
        <Word id="word_5154d2f9-5964-4f12-a33d-ab140dc2671d">
          <Coords points="2572,2417 2608,2416 2658,2414 2709,2414 2757,2411 2808,2409 2858,2408 2910,2409 2916,2409 2916,2454 2909,2454 2859,2453 2809,2454 2760,2456 2709,2459 2659,2459 2609,2461 2573,2462"/>
          <TextEquiv>
            <Unicode>genegen</Unicode>
          </TextEquiv>
        </Word>
        <TextEquiv conf="0.9305204656518473">
          <Unicode>van sijn overicheijt Bedient, ende genegen</Unicode>
        </TextEquiv>
        <TextStyle xHeight="43"/>
      </TextLine>
      <TextLine id="b1db693c-94ec-47f0-b083-70a9661e6b91">
        <Coords points="809,2583 1087,2584 1155,2523 1326,2523 1390,2528 1398,2536 1415,2535 1425,2525 1441,2536 1482,2517 1555,2520 1585,2548 1598,2548 1638,2509 1754,2505 2321,2508 2349,2532 2473,2527 2505,2548 2644,2548 2705,2539 2772,2472 2812,2488 2852,2526 2965,2526 2965,2605 2541,2603 2514,2619 2241,2619 2233,2627 2197,2631 1470,2635 1454,2647 1226,2654 1194,2682 1163,2656 959,2659 895,2722 809,2718"/>
        <Baseline points="848,2654 898,2649 948,2647 998,2646 1048,2645 1098,2642 1148,2641 1198,2642 1248,2640 1298,2637 1348,2634 1398,2630 1448,2626 1498,2624 1548,2620 1598,2617 1648,2615 1698,2613 1748,2610 1798,2610 1848,2609 1898,2607 1948,2605 1998,2604 2048,2603 2098,2602 2148,2603 2198,2603 2248,2601 2298,2599 2348,2597 2398,2596 2448,2595 2498,2594 2548,2593 2598,2591 2648,2591 2698,2590 2748,2590 2798,2590 2848,2589 2898,2588 2927,2586"/>
        <Word id="word_7e4cac3c-222f-4c3e-958d-8f83f9fd3ca0">
          <Coords points="845,2619 895,2614 947,2612 997,2611 1047,2610 1096,2607 1144,2606 1145,2651 1099,2652 1048,2655 998,2656 948,2657 899,2659 849,2664"/>
          <TextEquiv>
            <Unicode>sijnde</Unicode>
          </TextEquiv>
        </Word>
        <Word id="word_1a911c47-96be-4dfb-a270-e61521605199">
          <Coords points="1211,2609 1214,2611 1247,2605 1296,2602 1346,2599 1395,2595 1438,2592 1442,2637 1399,2640 1349,2644 1299,2647 1248,2650 1193,2651 1190,2649"/>
          <TextEquiv>
            <Unicode>jnden</Unicode>
          </TextEquiv>
        </Word>
        <Word id="word_b27725f5-181c-4a82-bd4c-5fd996dcaa62">
          <Coords points="1497,2588 1504,2590 1545,2585 1596,2582 1647,2580 1697,2578 1746,2575 1787,2575 1787,2620 1749,2620 1698,2623 1648,2625 1599,2627 1549,2630 1496,2634 1489,2632"/>
          <TextEquiv>
            <Unicode>selven</Unicode>
          </TextEquiv>
        </Word>
        <Word id="word_b59f4679-ee0c-438a-a25e-8bee464f3a31">
          <Coords points="1834,2575 1845,2574 1897,2572 1947,2570 1997,2569 2047,2568 2097,2567 2149,2568 2183,2568 2183,2613 2148,2613 2098,2612 2048,2613 1998,2614 1948,2615 1898,2617 1849,2619 1838,2620"/>
          <TextEquiv>
            <Unicode>dienst,</Unicode>
          </TextEquiv>
        </Word>
        <Word id="word_abde20e6-c216-4b28-ae5e-69e72a97f21d">
          <Coords points="2228,2568 2243,2566 2297,2564 2347,2562 2397,2561 2447,2560 2480,2559 2481,2604 2448,2605 2398,2606 2348,2607 2298,2609 2249,2611 2234,2613"/>
          <TextEquiv>
            <Unicode>midts</Unicode>
          </TextEquiv>
        </Word>
        <Word id="word_8e93fe52-1caf-4d2a-8835-c272c97dea11">
          <Coords points="2529,2558 2547,2558 2597,2556 2648,2556 2697,2555 2748,2555 2798,2555 2847,2554 2897,2553 2924,2551 2927,2596 2898,2598 2848,2599 2798,2600 2748,2600 2698,2600 2648,2601 2598,2601 2548,2603 2530,2603"/>
          <TextEquiv>
            <Unicode>genieten</Unicode>
          </TextEquiv>
        </Word>
        <TextEquiv conf="0.9349079046270647">
          <Unicode>sijnde jnden selven dienst, midts genieten</Unicode>
        </TextEquiv>
        <TextStyle xHeight="39"/>
      </TextLine>
      <TextLine id="line_6fb30b2f-63c3-4b50-9579-ad3a693b715b">
        <Coords points="830,2717 916,2717 972,2662 1160,2659 1193,2681 1224,2650 1431,2634 2782,2629 2794,2638 2947,2640 2947,2719 2502,2718 2442,2722 2414,2742 2335,2742 2319,2750 1919,2750 1859,2741 1739,2742 1627,2746 1615,2758 1048,2766 1032,2774 988,2774 932,2830 830,2825"/>
        <Baseline points="869,2771 919,2765 969,2760 1019,2757 1069,2756 1119,2754 1169,2751 1219,2749 1269,2746 1319,2744 1369,2742 1419,2740 1469,2739 1519,2737 1569,2734 1619,2733 1669,2732 1719,2730 1769,2728 1819,2727 1869,2725 1919,2723 1969,2721 2019,2721 2069,2719 2119,2717 2169,2715 2219,2714 2269,2713 2319,2711 2369,2710 2419,2711 2469,2711 2519,2710 2569,2709 2619,2709 2669,2708 2719,2707 2769,2706 2819,2706 2869,2704 2909,2700"/>
        <Word id="word_33e5a7fa-edca-4a05-8df4-b1b6808d52ce">
          <Coords points="865,2736 915,2730 966,2725 1017,2722 1068,2721 1088,2720 1089,2765 1069,2766 1020,2767 970,2770 920,2775 870,2781"/>
          <TextEquiv>
            <Unicode>sijn</Unicode>
          </TextEquiv>
        </Word>
        <Word id="word_8ad66f2a-9bda-4b19-b33a-e30e6ad3f2d6">
          <Coords points="1141,2718 1166,2716 1218,2714 1267,2711 1318,2709 1368,2707 1418,2705 1468,2704 1518,2702 1567,2699 1618,2698 1668,2697 1718,2695 1749,2694 1751,2739 1719,2740 1669,2742 1619,2743 1570,2744 1519,2747 1469,2749 1419,2750 1369,2752 1319,2754 1270,2756 1219,2759 1170,2761 1145,2763"/>
          <TextEquiv>
            <Unicode>tractemendt</Unicode>
          </TextEquiv>
        </Word>
        <Word id="word_8ab98624-0fea-422c-bcc4-0ea54e8f96d2">
          <Coords points="1807,2692 1820,2692 1868,2690 1915,2688 1917,2733 1869,2735 1819,2737 1805,2737"/>
          <TextEquiv>
            <Unicode>te</Unicode>
          </TextEquiv>
        </Word>
        <Word id="word_dbcaec05-d842-45f4-854f-85a0292b7fbd">
          <Coords points="1971,2686 2019,2686 2068,2684 2118,2682 2168,2680 2218,2679 2268,2678 2318,2676 2368,2675 2420,2676 2469,2676 2518,2675 2568,2674 2578,2674 2578,2719 2569,2719 2519,2720 2469,2721 2419,2721 2369,2720 2319,2721 2269,2723 2219,2724 2169,2725 2119,2727 2069,2729 2019,2731 1971,2731"/>
          <TextEquiv>
            <Unicode>continueren</Unicode>
          </TextEquiv>
        </Word>
        <Word id="word_fcadf1ff-55b1-479e-b8b3-277ae2705719">
          <Coords points="2632,2674 2668,2673 2718,2672 2768,2671 2819,2671 2868,2669 2905,2665 2910,2710 2869,2714 2819,2716 2769,2716 2719,2717 2669,2718 2634,2719"/>
          <TextEquiv>
            <Unicode>werdt</Unicode>
          </TextEquiv>
        </Word>
        <TextEquiv conf="0.9481815748182192">
          <Unicode>sijn tractemendt te continueren werdt</Unicode>
        </TextEquiv>
        <TextStyle xHeight="41"/>
      </TextLine>
      <TextLine id="f363e014-99bd-456b-9d6f-5173d58b58b5">
        <Coords points="823,2825 933,2830 997,2766 1532,2743 1860,2738 1919,2747 2055,2750 2666,2754 2976,2754 2995,2748 2994,2829 2690,2829 2650,2861 2183,2865 2083,2889 2055,2888 2019,2872 1568,2873 1500,2897 1400,2905 1113,2900 1052,2956 823,2956"/>
        <Baseline points="862,2904 912,2896 962,2891 1012,2885 1062,2880 1112,2877 1162,2873 1212,2871 1262,2868 1312,2865 1362,2863 1412,2862 1462,2861 1512,2860 1562,2858 1612,2855 1662,2852 1712,2851 1762,2848 1812,2844 1862,2840 1912,2835 1962,2832 2012,2830 2062,2827 2112,2825 2162,2823 2212,2823 2262,2823 2312,2824 2362,2823 2412,2823 2462,2822 2512,2819 2562,2819 2612,2818 2662,2815 2712,2813 2762,2813 2812,2811 2862,2810 2912,2809 2957,2808"/>
        <Word id="word_74f6dc70-1893-4ba6-ac0a-3be4bc65c612">
          <Coords points="856,2869 906,2861 953,2857 958,2901 914,2906 864,2914"/>
          <TextEquiv>
            <Unicode>op</Unicode>
          </TextEquiv>
        </Word>
        <Word id="word_51229e10-3004-4597-80a1-af8caa9fc9c7">
          <Coords points="996,2853 1004,2851 1059,2845 1110,2842 1159,2838 1193,2837 1194,2882 1163,2883 1113,2887 1063,2890 1014,2895 1006,2897"/>
          <TextEquiv>
            <Unicode>sijn</Unicode>
          </TextEquiv>
        </Word>
        <Word id="word_67de2d8b-b5f4-4a57-ada9-bd49168ddf12">
          <Coords points="1239,2835 1259,2833 1310,2830 1361,2828 1411,2827 1461,2826 1511,2825 1561,2823 1610,2820 1621,2819 1623,2864 1613,2865 1562,2868 1512,2870 1462,2871 1412,2872 1362,2873 1313,2875 1263,2878 1243,2880"/>
          <TextEquiv>
            <Unicode>vertoogh</Unicode>
          </TextEquiv>
        </Word>
        <Word id="word_9fd5e241-7517-48b1-9de0-9d49bc6c46eb">
          <Coords points="1670,2816 1712,2816 1760,2813 1809,2809 1858,2805 1862,2850 1813,2854 1763,2858 1712,2861 1671,2861"/>
          <TextEquiv>
            <Unicode>ende</Unicode>
          </TextEquiv>
        </Word>
        <Word id="word_d04f1345-a29b-4f78-9725-edadd7d417f3">
          <Coords points="1897,2803 1900,2802 1960,2797 2011,2795 2060,2792 2111,2790 2161,2788 2212,2788 2262,2788 2313,2789 2361,2788 2412,2788 2461,2787 2478,2786 2481,2831 2462,2832 2412,2833 2362,2833 2312,2834 2262,2833 2212,2833 2162,2833 2112,2835 2063,2837 2012,2840 1963,2842 1915,2844 1912,2846"/>
          <TextEquiv>
            <Unicode>bequaemheijt</Unicode>
          </TextEquiv>
        </Word>
        <Word id="word_dc9ba382-fa35-4f91-84bb-190a1d3239ac">
          <Coords points="2529,2783 2563,2784 2611,2783 2660,2780 2669,2780 2671,2825 2663,2825 2612,2828 2562,2829 2527,2828"/>
          <TextEquiv>
            <Unicode>Bij</Unicode>
          </TextEquiv>
        </Word>
        <Word id="word_71711abe-ccae-45c7-9cd2-c52ada05cdcd">
          <Coords points="2719,2778 2762,2778 2811,2776 2861,2775 2911,2774 2956,2773 2957,2818 2912,2819 2862,2820 2812,2821 2762,2823 2718,2823"/>
          <TextEquiv>
            <Unicode>desen</Unicode>
          </TextEquiv>
        </Word>
        <TextEquiv conf="0.9521902703903027">
          <Unicode>op sijn vertoogh ende bequaemheijt Bij desen</Unicode>
        </TextEquiv>
        <TextStyle xHeight="48"/>
      </TextLine>
      <TextLine id="line_992e1d3a-6ca4-4ba4-ab28-1e9f5631852e">
        <Coords points="827,2961 1045,2957 1113,2900 1460,2901 1536,2889 1576,2869 1993,2869 2060,2889 2160,2872 2735,2872 2743,2880 3002,2881 3014,2893 3036,2871 3032,2955 3003,2949 2963,2957 2887,2957 2880,2964 2228,2968 2216,2980 2200,2980 2176,3004 2152,3008 1796,3008 1516,2995 1456,3000 1448,3008 1352,3007 1258,3098 1222,3113 1206,3101 1181,3101 1142,3066 827,3062"/>
        <Baseline points="866,3015 916,3009 966,3008 1016,3005 1066,3001 1116,2998 1166,2995 1216,2992 1266,2992 1316,2991 1366,2990 1416,2987 1466,2984 1516,2980 1566,2976 1616,2973 1666,2971 1716,2969 1766,2968 1816,2966 1866,2963 1916,2960 1966,2958 2016,2955 2066,2953 2116,2951 2166,2948 2216,2946 2266,2942 2316,2940 2366,2936 2416,2935 2466,2936 2516,2938 2566,2936 2616,2935 2666,2935 2716,2933 2766,2932 2816,2932 2866,2931 2916,2931 2966,2931 2998,2931"/>
        <Word id="word_690871a7-2f0f-4d83-9381-054b5bfdfe74">
          <Coords points="862,2980 912,2974 965,2973 1014,2970 1033,2968 1037,3013 1017,3015 966,3018 917,3019 867,3025"/>
          <TextEquiv>
            <Unicode>voor</Unicode>
          </TextEquiv>
        </Word>
        <Word id="word_34f5e70c-5696-4cbb-9a23-cd09d060eddb">
          <Coords points="1077,2965 1114,2963 1164,2960 1214,2957 1249,2957 1249,3002 1217,3002 1167,3005 1117,3008 1079,3010"/>
          <TextEquiv>
            <Unicode>drij</Unicode>
          </TextEquiv>
        </Word>
        <Word id="word_c9d20be6-0a92-4012-bac0-d98832e9f9db">
          <Coords points="1291,2957 1315,2956 1365,2955 1414,2952 1464,2949 1513,2945 1545,2943 1549,2987 1517,2990 1467,2994 1417,2997 1366,3000 1316,3001 1292,3002"/>
          <TextEquiv>
            <Unicode>achter</Unicode>
          </TextEquiv>
        </Word>
        <Word id="word_4db7b7aa-716b-4153-a1f7-6f229c0cac16">
          <Coords points="1589,2939 1615,2938 1665,2936 1715,2934 1718,2934 1718,2979 1716,2979 1666,2981 1616,2983 1591,2984"/>
          <TextEquiv>
            <Unicode>een</Unicode>
          </TextEquiv>
        </Word>
        <Word id="word_d301e2eb-3625-4e92-8b2d-e7f6b6158391">
          <Coords points="1760,2933 1765,2933 1815,2931 1864,2928 1914,2925 1965,2923 2014,2920 2065,2918 2101,2917 2102,2962 2066,2963 2017,2965 1966,2968 1917,2970 1867,2973 1816,2976 1766,2978 1761,2978"/>
          <TextEquiv>
            <Unicode>volgende</Unicode>
          </TextEquiv>
        </Word>
        <Word id="word_50baeb86-c70e-4409-a58a-0a650ddbf251">
          <Coords points="2142,2915 2163,2913 2215,2911 2263,2907 2315,2905 2363,2901 2400,2900 2401,2945 2367,2946 2316,2950 2267,2952 2216,2956 2167,2958 2146,2960"/>
          <TextEquiv>
            <Unicode>jaeren</Unicode>
          </TextEquiv>
        </Word>
        <Word id="word_985ffa2f-c1ba-4dec-b0dd-11b404162e9e">
          <Coords points="2445,2900 2468,2901 2517,2903 2527,2903 2529,2947 2516,2948 2465,2946 2442,2944"/>
          <TextEquiv>
            <Unicode>in</Unicode>
          </TextEquiv>
        </Word>
        <Word id="word_a7193615-c0b9-41d1-8677-a017b33a24fc">
          <Coords points="2570,2901 2615,2900 2666,2900 2715,2898 2765,2897 2816,2897 2865,2896 2916,2896 2966,2896 2998,2896 2998,2941 2966,2941 2916,2941 2866,2941 2816,2942 2766,2942 2716,2943 2666,2945 2616,2945 2571,2946"/>
          <TextEquiv>
            <Unicode>qualiteijt</Unicode>
          </TextEquiv>
        </Word>
        <TextEquiv conf="0.964492809832232">
          <Unicode>voor drij achter een volgende jaeren in qualiteijt</Unicode>
        </TextEquiv>
        <TextStyle xHeight="40"/>
      </TextLine>
      <TextLine id="c2126bed-1e3a-4b40-a9e1-03be645408f1">
        <Coords points="824,3058 954,3058 966,3067 1125,3062 1155,3075 1182,3102 1205,3102 1219,3114 1259,3098 1350,3007 1450,3008 1458,3000 1510,2995 1798,3008 2153,3008 2193,2980 2229,2975 2241,2987 2297,3007 2918,3011 2918,3090 2837,3091 2813,3103 2765,3110 2757,3118 2249,3130 1726,3130 1570,3138 1542,3146 1174,3158 1142,3178 824,3185"/>
        <Baseline points="863,3173 913,3173 963,3168 1013,3162 1063,3159 1113,3155 1163,3149 1213,3144 1263,3141 1313,3137 1363,3133 1413,3128 1463,3124 1513,3121 1563,3117 1613,3115 1663,3112 1713,3108 1763,3106 1813,3103 1863,3100 1913,3099 1963,3097 2013,3094 2063,3094 2113,3092 2163,3091 2213,3089 2263,3088 2313,3087 2363,3085 2413,3082 2463,3079 2513,3077 2563,3076 2613,3073 2663,3072 2713,3071 2763,3071 2813,3072 2863,3069 2880,3071"/>
        <Word id="word_a8e5f1fb-75d7-44d7-a80e-bc1a0aed0137">
          <Coords points="863,3138 913,3138 960,3133 1009,3127 1016,3127 1018,3172 1014,3172 964,3178 913,3183 863,3183"/>
          <TextEquiv>
            <Unicode>van</Unicode>
          </TextEquiv>
        </Word>
        <Word id="word_d84518a8-4734-4011-bcde-967e42a73327">
          <Coords points="1067,3124 1110,3120 1159,3114 1210,3109 1261,3106 1273,3105 1277,3150 1264,3151 1214,3154 1164,3159 1114,3165 1070,3169"/>
          <TextEquiv>
            <Unicode>Cock</Unicode>
          </TextEquiv>
        </Word>
        <Word id="word_d413d458-a717-43a8-a72b-828af8336f79">
          <Coords points="1325,3101 1360,3098 1410,3093 1460,3089 1511,3086 1560,3082 1612,3080 1661,3077 1710,3073 1762,3071 1811,3068 1842,3066 1845,3111 1814,3113 1763,3116 1714,3118 1664,3122 1613,3125 1564,3127 1514,3131 1464,3134 1414,3138 1364,3143 1328,3146"/>
          <TextEquiv>
            <Unicode>aengenomen</Unicode>
          </TextEquiv>
        </Word>
        <Word id="word_1f466b1f-027c-49c4-9ae7-bfd510747ac7">
          <Coords points="1898,3063 1915,3064 1962,3062 2011,3059 2063,3059 2102,3057 2104,3102 2063,3104 2014,3104 1963,3107 1912,3109 1896,3108"/>
          <TextEquiv>
            <Unicode>ende</Unicode>
          </TextEquiv>
        </Word>
        <Word id="word_167acf72-257f-421b-b76d-b0fd0f9a4fcb">
          <Coords points="2158,3055 2166,3056 2212,3054 2262,3053 2310,3052 2311,3097 2263,3098 2213,3099 2162,3101 2154,3100"/>
          <TextEquiv>
            <Unicode>een</Unicode>
          </TextEquiv>
        </Word>
        <Word id="word_fb0c7e6c-896f-46ff-a413-5e9b6c45f5d9">
          <Coords points="2334,3066 2335,3065 2411,3047 2461,3044 2512,3042 2562,3041 2611,3038 2662,3037 2712,3036 2763,3036 2814,3037 2861,3034 2883,3036 2878,3081 2864,3079 2813,3082 2763,3081 2713,3081 2663,3082 2614,3083 2563,3086 2513,3087 2464,3089 2414,3092 2371,3091 2370,3092"/>
          <TextEquiv>
            <Unicode>Belooningh</Unicode>
          </TextEquiv>
        </Word>
        <TextEquiv conf="0.9688696643009131">
          <Unicode>van Cock aengenomen ende een Belooningh</Unicode>
        </TextEquiv>
        <TextStyle xHeight="44"/>
      </TextLine>
      <TextLine id="line_44e0e823-ccff-458f-9940-3f5ebaa27d86">
        <Coords points="826,3184 1148,3176 1172,3156 1308,3144 1540,3148 1556,3132 1936,3132 1948,3120 2760,3116 2788,3104 2864,3103 2884,3111 2908,3135 2929,3135 2929,3214 2636,3215 2592,3255 2464,3259 2440,3283 1812,3279 1744,3343 1708,3317 1557,3267 1541,3267 1533,3275 1188,3283 969,3306 826,3306"/>
        <Baseline points="865,3298 915,3299 965,3297 1015,3291 1065,3287 1115,3282 1165,3278 1215,3274 1265,3270 1315,3266 1365,3262 1415,3259 1465,3256 1515,3251 1565,3249 1615,3247 1665,3244 1715,3240 1765,3236 1815,3234 1865,3231 1915,3229 1965,3228 2015,3224 2065,3222 2115,3219 2165,3219 2215,3216 2265,3216 2315,3214 2365,3212 2415,3210 2465,3206 2515,3205 2565,3204 2615,3204 2665,3202 2715,3200 2765,3198 2815,3196 2865,3193 2891,3195"/>
        <Word id="word_d4279966-cf5d-4b94-8278-a2737140e2eb">
          <Coords points="866,3263 916,3264 964,3262 1011,3256 1018,3256 1022,3301 1016,3301 965,3307 915,3309 865,3308"/>
          <TextEquiv>
            <Unicode>van</Unicode>
          </TextEquiv>
        </Word>
        <Word id="word_964cfb96-2a57-45fd-9e04-ea1eaa2a5f28">
          <Coords points="1069,3252 1111,3247 1162,3243 1212,3239 1262,3235 1277,3234 1281,3279 1266,3280 1216,3284 1166,3288 1116,3292 1074,3296"/>
          <TextEquiv>
            <Unicode>Eff.</Unicode>
          </TextEquiv>
        </Word>
        <Word id="word_a2def177-be48-4ecc-80e2-c626a6dd0be1">
          <Coords points="1329,3230 1362,3227 1413,3224 1463,3221 1484,3219 1489,3264 1466,3266 1416,3269 1366,3272 1333,3275"/>
          <TextEquiv>
            <Unicode>gls</Unicode>
          </TextEquiv>
        </Word>
        <Word id="word_24472427-a7d0-4c23-a180-918b64eb977a">
          <Coords points="1540,3214 1566,3214 1614,3212 1663,3209 1693,3207 1696,3252 1666,3254 1615,3257 1565,3259 1539,3259"/>
          <TextEquiv>
            <Unicode>ter</Unicode>
          </TextEquiv>
        </Word>
        <Word id="word_5d4e0a68-7d82-481e-9d3c-78410695e0d8">
          <Coords points="1744,3203 1762,3201 1814,3199 1863,3196 1914,3194 1964,3193 2012,3189 2058,3187 2059,3232 2016,3234 1965,3238 1915,3239 1866,3241 1815,3244 1766,3246 1748,3247"/>
          <TextEquiv>
            <Unicode>maendt</Unicode>
          </TextEquiv>
        </Word>
        <Word id="word_7613cc2a-5d1a-4048-8cbe-6678b6b86811">
          <Coords points="2101,3187 2105,3185 2165,3184 2213,3181 2265,3181 2314,3179 2364,3177 2414,3175 2462,3171 2514,3170 2564,3169 2615,3169 2629,3168 2631,3213 2615,3214 2565,3214 2515,3215 2466,3216 2415,3220 2365,3222 2315,3224 2265,3226 2216,3226 2165,3229 2118,3229 2114,3230"/>
          <TextEquiv>
            <Unicode>toegeleijt</Unicode>
          </TextEquiv>
        </Word>
        <Word id="word_77698615-393f-4779-812f-7a757b7b0666">
          <Coords points="2681,3166 2714,3165 2764,3163 2814,3161 2863,3158 2893,3160 2890,3205 2866,3203 2815,3206 2765,3208 2715,3210 2683,3211"/>
          <TextEquiv>
            <Unicode>jnne</Unicode>
          </TextEquiv>
        </Word>
        <TextEquiv conf="0.8758323395540465">
          <Unicode>van Eff. gls ter maendt toegeleijt jnne</Unicode>
        </TextEquiv>
        <TextStyle xHeight="49"/>
      </TextLine>
      <TextLine id="f3fc8390-2c64-4d88-b6be-3e32b047e5d4">
        <Coords points="831,3308 985,3305 1261,3277 1397,3277 1425,3265 1523,3265 1538,3257 1597,3281 2441,3281 2461,3264 2533,3264 2581,3268 2621,3301 2813,3300 2837,3320 2866,3320 2922,3266 2922,3345 2797,3345 2753,3388 2005,3388 1993,3379 1905,3380 1625,3396 1612,3408 1321,3412 1109,3424 1101,3432 1025,3428 994,3439 831,3455"/>
        <Baseline points="870,3436 920,3435 970,3427 1020,3419 1070,3414 1120,3410 1170,3406 1220,3403 1270,3399 1320,3393 1370,3390 1420,3390 1470,3389 1520,3386 1570,3384 1620,3381 1670,3379 1720,3377 1770,3373 1820,3368 1870,3365 1920,3361 1970,3359 2020,3357 2070,3355 2120,3353 2170,3352 2220,3351 2270,3349 2320,3348 2370,3347 2420,3345 2470,3342 2520,3341 2570,3341 2620,3339 2670,3337 2720,3335 2770,3334 2820,3331 2870,3329 2884,3326"/>
        <Word id="word_91a064fe-d755-46cd-bf3f-2867d2921ba8">
          <Coords points="869,3401 919,3400 964,3392 1014,3384 1067,3379 1117,3375 1167,3371 1193,3370 1196,3414 1171,3416 1121,3420 1071,3424 1022,3429 972,3437 920,3445 870,3446"/>
          <TextEquiv>
            <Unicode>Gaende</Unicode>
          </TextEquiv>
        </Word>
        <Word id="word_0c2146ae-2645-41b3-accd-8a249ca01f0d">
          <Coords points="1246,3366 1266,3364 1300,3360 1305,3405 1271,3409 1251,3411"/>
          <TextEquiv>
            <Unicode>t</Unicode>
          </TextEquiv>
        </Word>
        <Word id="word_a1660b36-e4f3-4b31-9ee4-cea7537d3e34">
          <Coords points="1363,3354 1375,3355 1420,3355 1469,3354 1518,3351 1569,3349 1618,3346 1669,3344 1719,3342 1767,3338 1790,3336 1795,3381 1771,3383 1720,3387 1670,3389 1621,3391 1570,3394 1521,3396 1470,3399 1420,3400 1369,3400 1357,3398"/>
          <TextEquiv>
            <Unicode>verbandt</Unicode>
          </TextEquiv>
        </Word>
        <Word id="word_8e317dc2-5a40-4c53-a9e9-3c2be256072b">
          <Coords points="1848,3330 1870,3330 1917,3326 1969,3324 2019,3322 2065,3320 2067,3365 2020,3367 1970,3369 1921,3371 1870,3375 1848,3375"/>
          <TextEquiv>
            <Unicode>ende</Unicode>
          </TextEquiv>
        </Word>
        <Word id="word_8a925e6e-e789-490f-8d86-f73cd95e3dec">
          <Coords points="2120,3318 2169,3317 2219,3316 2269,3314 2319,3313 2369,3312 2419,3310 2468,3307 2519,3306 2570,3306 2619,3304 2669,3302 2719,3300 2769,3299 2818,3296 2869,3294 2876,3292 2886,3336 2870,3339 2821,3341 2770,3344 2720,3345 2670,3347 2620,3349 2570,3351 2520,3351 2471,3352 2420,3355 2370,3357 2320,3358 2270,3359 2220,3361 2170,3362 2121,3363"/>
          <TextEquiv>
            <Unicode>d'verbeteringe</Unicode>
          </TextEquiv>
        </Word>
        <TextEquiv conf="0.8893406773832058">
          <Unicode>Gaende t verbandt ende d'verbeteringe</Unicode>
        </TextEquiv>
        <TextStyle xHeight="37"/>
      </TextLine>
      <TextLine id="b0b6bb4b-7209-455e-a0ca-69c8e303b960">
        <Coords points="830,3454 912,3450 1056,3422 1263,3410 1331,3399 1479,3399 1854,3378 1990,3378 2002,3390 2170,3394 2714,3392 2714,3471 2505,3471 2382,3482 2362,3486 2334,3513 1838,3513 1826,3521 1711,3521 1635,3557 1584,3564 1219,3560 1203,3544 1191,3544 1159,3572 830,3575"/>
        <Baseline points="869,3560 919,3556 969,3552 1019,3547 1069,3542 1119,3538 1169,3532 1219,3528 1269,3524 1319,3519 1369,3514 1419,3513 1469,3516 1519,3502 1569,3499 1619,3501 1669,3498 1719,3497 1769,3497 1819,3496 1869,3493 1919,3490 1969,3489 2019,3488 2069,3488 2119,3486 2169,3485 2219,3483 2269,3479 2319,3478 2369,3476 2419,3473 2469,3467 2519,3462 2569,3459 2619,3457 2669,3455 2676,3452"/>
        <Word id="word_a895208f-096c-4cab-aa62-96885d2194b7">
          <Coords points="866,3525 916,3521 966,3517 1016,3512 1030,3511 1034,3556 1020,3557 970,3562 920,3566 870,3570"/>
          <TextEquiv>
            <Unicode>van</Unicode>
          </TextEquiv>
        </Word>
        <Word id="word_80947530-9e3c-4acb-a874-a149e33c8d6a">
          <Coords points="1086,3505 1117,3503 1165,3497 1216,3493 1266,3489 1316,3484 1358,3480 1362,3525 1320,3529 1270,3534 1220,3538 1170,3542 1120,3548 1089,3550"/>
          <TextEquiv>
            <Unicode>gagie</Unicode>
          </TextEquiv>
        </Word>
        <Word id="word_919b898d-0b84-4074-afb6-9b0abaf287a3">
          <Coords points="1444,3488 1447,3492 1471,3481 1510,3468 1567,3464 1620,3466 1630,3465 1633,3510 1619,3511 1570,3509 1522,3512 1468,3526 1411,3519 1408,3515"/>
          <TextEquiv>
            <Unicode>v=mo</Unicode>
          </TextEquiv>
        </Word>
        <Word id="word_2fb0259d-8bbf-4c68-9584-ffe657b5888a">
          <Coords points="1687,3462 1719,3462 1769,3462 1818,3461 1867,3458 1917,3455 1968,3454 2018,3453 2069,3453 2070,3453 2072,3498 2069,3498 2019,3498 1969,3499 1920,3500 1870,3503 1819,3506 1769,3507 1719,3507 1687,3507"/>
          <TextEquiv>
            <Unicode>septemb</Unicode>
          </TextEquiv>
        </Word>
        <Word id="word_2d5e8b1a-1433-463d-98f0-a625acf6f970">
          <Coords points="2126,3451 2168,3450 2218,3448 2233,3447 2237,3492 2219,3493 2169,3495 2126,3496"/>
          <TextEquiv>
            <Unicode>ao</Unicode>
          </TextEquiv>
        </Word>
        <Word id="word_82145948-5ce6-46e6-ae53-15aeb50465fc">
          <Coords points="2292,3442 2320,3443 2368,3441 2417,3438 2465,3432 2516,3427 2563,3424 2565,3469 2520,3472 2470,3477 2420,3483 2369,3486 2319,3488 2290,3487"/>
          <TextEquiv>
            <Unicode>16.45</Unicode>
          </TextEquiv>
        </Word>
        <Word id="word_4d01e99a-4df8-424a-8b93-4c7e2d261112">
          <Coords points="2619,3421 2660,3421 2668,3420 2678,3462 2669,3465 2620,3466"/>
          <TextEquiv>
            <Unicode>—</Unicode>
          </TextEquiv>
        </Word>
        <TextEquiv conf="0.8055408634924013">
          <Unicode>van gagie v=mo septemb ao 16.45 —</Unicode>
        </TextEquiv>
        <TextStyle xHeight="40"/>
      </TextLine>
      <TextLine id="line_6bcda086-acf3-4d21-acf3-8246c1877cfd">
        <Coords points="753,3569 843,3578 1155,3574 1191,3543 1203,3542 1219,3558 1599,3563 1639,3551 1695,3550 1803,3563 2090,3558 2106,3570 2226,3573 2238,3585 2362,3585 2465,3597 2662,3589 2678,3605 2743,3605 2752,3614 2781,3610 2789,3602 2798,3606 2842,3578 2874,3581 2886,3593 2958,3593 2970,3602 3035,3595 3035,3673 3030,3667 3017,3678 2998,3669 2826,3666 2778,3712 2418,3705 2386,3678 2230,3682 2213,3698 1819,3698 1785,3730 1715,3729 1679,3701 1607,3701 1567,3734 1491,3758 1403,3758 1387,3745 1335,3745 1307,3725 1207,3725 1147,3746 1083,3754 919,3754 895,3745 835,3802 753,3797"/>
        <Baseline points="792,3711 842,3707 892,3705 942,3703 992,3703 1042,3703 1092,3702 1142,3700 1192,3698 1242,3696 1292,3694 1342,3692 1392,3692 1442,3691 1492,3690 1542,3689 1592,3689 1642,3689 1692,3688 1742,3687 1792,3684 1842,3681 1892,3680 1942,3678 1992,3676 2042,3675 2092,3672 2142,3673 2192,3672 2242,3671 2292,3671 2342,3669 2392,3668 2442,3666 2492,3663 2542,3662 2592,3660 2642,3658 2692,3657 2742,3658 2792,3657 2842,3656 2892,3656 2942,3655 2992,3652 2997,3654"/>
        <Word id="word_f73c8a58-6805-4839-aabe-75b1213911d2">
          <Coords points="789,3676 839,3672 891,3670 941,3668 992,3668 1042,3668 1054,3668 1055,3713 1042,3713 992,3713 942,3713 892,3715 843,3717 793,3721"/>
          <TextEquiv>
            <Unicode>Aldus</Unicode>
          </TextEquiv>
        </Word>
        <Word id="word_99e2e689-f507-46f1-a200-bf0ef876b42d">
          <Coords points="1105,3667 1140,3665 1191,3663 1241,3661 1291,3659 1341,3657 1392,3657 1421,3656 1422,3701 1392,3702 1342,3702 1292,3704 1242,3706 1192,3708 1142,3710 1107,3712"/>
          <TextEquiv>
            <Unicode>gedaen</Unicode>
          </TextEquiv>
        </Word>
        <Word id="word_12a85b70-02d6-4552-bc68-a2430dde4cf8">
          <Coords points="1474,3655 1491,3655 1541,3654 1592,3654 1642,3654 1691,3653 1741,3652 1790,3649 1840,3646 1891,3645 1941,3643 1991,3641 2041,3640 2090,3637 2143,3638 2156,3638 2157,3683 2142,3683 2093,3682 2042,3685 1992,3686 1942,3688 1892,3690 1843,3691 1793,3694 1742,3697 1692,3698 1642,3699 1592,3699 1542,3699 1492,3700 1475,3700"/>
          <TextEquiv>
            <Unicode>geresolveert,</Unicode>
          </TextEquiv>
        </Word>
        <Word id="word_8da09514-0025-4017-a0bc-f1013eed507d">
          <Coords points="2209,3637 2241,3636 2292,3636 2313,3635 2315,3680 2292,3681 2242,3681 2210,3682"/>
          <TextEquiv>
            <Unicode>en</Unicode>
          </TextEquiv>
        </Word>
        <Word id="word_64f7e8ad-d0dc-4168-898f-625604e1aa49">
          <Coords points="2367,3633 2392,3633 2441,3631 2490,3628 2541,3627 2591,3625 2641,3623 2691,3622 2743,3623 2791,3622 2841,3621 2892,3621 2941,3620 2990,3617 3010,3621 2993,3663 2993,3662 2942,3665 2892,3666 2842,3666 2792,3667 2742,3668 2692,3667 2642,3668 2592,3670 2542,3672 2493,3673 2442,3676 2392,3678 2367,3678"/>
          <TextEquiv>
            <Unicode>g'arresteert</Unicode>
          </TextEquiv>
        </Word>
        <TextEquiv conf="0.9296608735184334">
          <Unicode>Aldus gedaen geresolveert, en g'arresteert</Unicode>
        </TextEquiv>
        <TextStyle xHeight="53"/>
      </TextLine>
      <TextLine id="f379698f-cfa5-48fd-8d8b-4c29d6fb93aa">
        <Coords points="825,3814 899,3745 919,3754 1083,3754 1147,3746 1203,3726 1311,3726 1335,3745 1387,3745 1403,3758 1491,3758 1563,3735 1607,3702 1683,3702 1715,3727 1787,3727 1823,3691 1871,3687 2023,3683 2211,3690 2222,3679 2389,3675 2418,3702 2442,3706 2526,3706 2534,3713 2778,3713 2814,3679 2987,3680 2987,3759 2894,3759 2886,3766 2834,3770 2466,3770 2402,3774 2359,3789 2345,3789 2325,3773 2286,3773 2279,3766 1934,3778 1887,3813 1840,3836 1571,3837 1543,3812 1483,3804 1127,3805 1039,3817 1031,3825 935,3825 891,3869 879,3859 825,3859"/>
        <Baseline points="864,3813 914,3807 964,3804 1014,3801 1064,3797 1114,3795 1164,3792 1214,3790 1264,3788 1314,3786 1364,3785 1414,3785 1464,3786 1514,3786 1564,3783 1614,3778 1664,3776 1714,3774 1764,3773 1814,3771 1864,3769 1914,3767 1964,3766 2014,3763 2064,3761 2114,3757 2164,3753 2214,3751 2264,3750 2314,3748 2364,3747 2414,3749 2464,3746 2514,3747 2564,3747 2614,3744 2664,3745 2714,3744 2764,3743 2814,3743 2864,3741 2914,3740 2949,3740"/>
        <Word id="word_310f7dc7-b83b-46d6-8f4a-b2e689b83cae">
          <Coords points="860,3778 910,3772 962,3769 1010,3766 1013,3811 965,3814 915,3817 865,3823"/>
          <TextEquiv>
            <Unicode>jnt</Unicode>
          </TextEquiv>
        </Word>
        <Word id="word_e42268a4-8c5e-4cb3-a797-4724495ed22e">
          <Coords points="1044,3768 1046,3767 1113,3760 1162,3757 1213,3755 1263,3753 1313,3751 1363,3750 1410,3750 1410,3795 1364,3795 1314,3796 1264,3798 1214,3800 1165,3802 1114,3805 1069,3806 1067,3807"/>
          <TextEquiv>
            <Unicode>casteel</Unicode>
          </TextEquiv>
        </Word>
        <Word id="word_f00b6334-d21e-498b-8715-37195aba7fc8">
          <Coords points="1466,3751 1471,3752 1514,3751 1562,3748 1611,3743 1663,3741 1713,3739 1763,3738 1805,3736 1807,3781 1764,3783 1714,3784 1664,3786 1615,3788 1565,3793 1514,3796 1462,3796 1457,3795"/>
          <TextEquiv>
            <Unicode>Geldria</Unicode>
          </TextEquiv>
        </Word>
        <Word id="word_2e65b1c7-caa8-4ca1-b600-71f77a04ee6b">
          <Coords points="1855,3734 1863,3734 1913,3732 1955,3731 1956,3776 1914,3777 1864,3779 1857,3779"/>
          <TextEquiv>
            <Unicode>op</Unicode>
          </TextEquiv>
        </Word>
        <Word id="word_9f2519ae-95f4-4b7d-a85c-44b180c99571">
          <Coords points="1997,3731 2006,3729 2063,3726 2111,3722 2161,3718 2213,3716 2263,3715 2301,3713 2303,3758 2264,3760 2214,3761 2165,3763 2115,3767 2064,3771 2016,3773 2008,3775"/>
          <TextEquiv>
            <Unicode>d'cust</Unicode>
          </TextEquiv>
        </Word>
        <Word id="word_544eb6bf-8c13-4329-92bb-5587f2d18bb3">
          <Coords points="2354,3712 2366,3712 2415,3714 2462,3711 2515,3712 2564,3712 2612,3709 2665,3710 2713,3709 2763,3708 2814,3708 2863,3706 2913,3705 2948,3705 2948,3750 2914,3750 2864,3751 2814,3753 2764,3753 2714,3754 2664,3755 2615,3754 2564,3757 2514,3757 2465,3756 2414,3759 2364,3757 2352,3756"/>
          <TextEquiv>
            <Unicode>Choromandele</Unicode>
          </TextEquiv>
        </Word>
        <TextEquiv conf="0.9003571936768913">
          <Unicode>jnt casteel Geldria op d'cust Choromandele</Unicode>
        </TextEquiv>
        <TextStyle xHeight="35"/>
      </TextLine>
      <TextLine id="line_0674da5e-4473-4ce2-bcb9-fb7a28be48f0">
        <Coords points="807,3889 837,3862 881,3862 893,3869 937,3825 1028,3825 1036,3817 1112,3805 1483,3804 1546,3814 1659,3814 1659,3893 1263,3900 945,3916 873,3987 807,3987"/>
        <Baseline points="846,3912 896,3912 946,3909 996,3908 1046,3905 1096,3902 1146,3899 1196,3896 1246,3894 1296,3892 1346,3889 1396,3886 1446,3884 1496,3881 1546,3876 1596,3874 1621,3874"/>
        <Word id="word_4ec5a6d9-b357-4c43-bc52-d75422e3832a">
          <Coords points="846,3877 896,3877 944,3874 995,3873 1044,3870 1065,3869 1068,3914 1047,3915 996,3918 947,3919 896,3922 846,3922"/>
          <TextEquiv>
            <Unicode>dato</Unicode>
          </TextEquiv>
        </Word>
        <Word id="word_3de0b2a2-8d65-4532-80b1-b9347ef0b330">
          <Coords points="1121,3865 1144,3864 1194,3861 1245,3859 1288,3857 1289,3902 1246,3904 1197,3906 1147,3909 1123,3910"/>
          <TextEquiv>
            <Unicode>als</Unicode>
          </TextEquiv>
        </Word>
        <Word id="word_528f3af7-bffe-4bb2-b460-544a1ccaab7b">
          <Coords points="1325,3861 1327,3860 1394,3851 1445,3849 1494,3846 1543,3841 1595,3839 1621,3839 1621,3884 1596,3884 1547,3886 1497,3891 1446,3894 1397,3896 1351,3897 1350,3898"/>
          <TextEquiv>
            <Unicode>Boven</Unicode>
          </TextEquiv>
        </Word>
        <TextEquiv conf="0.9222466065264634">
          <Unicode>dato als Boven</Unicode>
        </TextEquiv>
        <TextStyle xHeight="35"/>
      </TextLine>
      <TextLine id="eeaa550d-b9ef-4d35-93da-64cf8c587a64">
        <Coords points="1700,3837 1838,3837 1926,3786 2281,3777 2328,3777 2369,3801 2473,3801 2489,3814 2645,3813 2661,3829 2806,3835 2806,3914 2509,3913 2496,3925 2150,3936 2099,3987 2077,3999 2042,3983 1966,3983 1943,3960 1926,3975 1918,3969 1824,3967 1700,3972"/>
        <Baseline points="1739,3963 1789,3948 1839,3945 1889,3937 1939,3931 1989,3927 2039,3924 2089,3920 2139,3917 2189,3914 2239,3912 2289,3910 2339,3908 2389,3907 2439,3905 2489,3902 2539,3901 2589,3901 2639,3897 2689,3896 2739,3896 2768,3895"/>
        <Word id="word_cb3188a7-d559-4166-b528-047301ae6269">
          <Coords points="1729,3929 1779,3914 1837,3910 1883,3902 1935,3896 1954,3895 1958,3940 1940,3941 1891,3947 1840,3955 1792,3958 1742,3973"/>
          <TextEquiv>
            <Unicode>Was</Unicode>
          </TextEquiv>
        </Word>
        <Word id="word_8a0f4103-fb6b-4f3d-8c8b-c7d0ea1742c0">
          <Coords points="2032,3889 2040,3889 2086,3885 2137,3882 2187,3879 2238,3877 2288,3875 2338,3873 2388,3872 2438,3870 2487,3867 2538,3866 2589,3866 2636,3862 2688,3861 2739,3861 2767,3860 2768,3905 2739,3906 2689,3906 2640,3907 2589,3911 2539,3911 2490,3912 2439,3915 2389,3917 2339,3918 2289,3920 2239,3922 2190,3924 2140,3927 2090,3930 2039,3934 2030,3934"/>
          <TextEquiv>
            <Unicode>geteeckent</Unicode>
          </TextEquiv>
        </Word>
        <TextEquiv conf="0.937997475098973">
          <Unicode>Was geteeckent</Unicode>
        </TextEquiv>
        <TextStyle xHeight="61"/>
      </TextLine>
      <TextLine id="b5977192-7807-40eb-b9ee-49e154b44ef5">
        <Coords points="1772,3961 1953,3940 1993,3980 2045,3980 2086,3996 2153,3933 2352,3933 2360,3925 2495,3925 2504,3916 2747,3916 2795,3962 2928,3962 2926,4044 2879,4051 2849,4075 2823,4075 2793,4103 2718,4103 2700,4107 2684,4123 2596,4114 2472,4115 2440,4086 2289,4082 2254,4056 2221,4056 2194,4067 1906,4075 1818,4087 1786,4082 1772,4090"/>
        <Baseline points="1811,4075 1861,4072 1911,4068 1961,4067 2011,4064 2061,4060 2111,4056 2161,4053 2211,4050 2261,4047 2311,4046 2361,4045 2411,4043 2461,4039 2511,4036 2561,4032 2611,4031 2661,4031 2711,4029 2761,4027 2811,4023 2861,4023 2890,4022"/>
        <Word id="word_3be85fda-15f3-44e4-8eff-23f616b4d6a0">
          <Coords points="1809,4040 1859,4037 1908,4033 1960,4032 2009,4029 2058,4025 2108,4021 2159,4018 2209,4015 2259,4012 2273,4012 2273,4057 2262,4057 2212,4060 2162,4063 2112,4066 2062,4070 2012,4074 1961,4077 1912,4078 1862,4082 1812,4085"/>
          <TextEquiv>
            <Unicode>Arnold</Unicode>
          </TextEquiv>
        </Word>
        <Word id="word_e4a6786a-2dd6-4ebf-816f-81fc37f108b0">
          <Coords points="2350,4010 2360,4010 2410,4008 2458,4004 2509,4001 2558,3997 2610,3996 2661,3996 2710,3994 2760,3992 2808,3988 2861,3988 2889,3987 2890,4032 2861,4033 2812,4033 2761,4037 2711,4039 2661,4041 2611,4041 2562,4042 2512,4046 2462,4049 2411,4053 2361,4055 2351,4055"/>
          <TextEquiv>
            <Unicode>ceussen</Unicode>
          </TextEquiv>
        </Word>
        <TextEquiv conf="0.8003961059542446">
          <Unicode>Arnold ceussen</Unicode>
        </TextEquiv>
        <TextStyle xHeight="60"/>
      </TextLine>
      <TextLine id="ed9d7269-3ed6-47ac-9df2-dbaff2ad26e3">
        <Coords points="1833,4082 2059,4067 2186,4067 2199,4059 2252,4055 2295,4085 2438,4085 2474,4118 2595,4114 2682,4122 2698,4106 2782,4110 2801,4094 2852,4089 2927,4104 2927,4183 2910,4183 2874,4210 2837,4222 2754,4226 2746,4234 2566,4234 2530,4258 2502,4257 2482,4241 2255,4234 2175,4221 2059,4221 2019,4217 1991,4205 1955,4206 1940,4217 1930,4210 1833,4210"/>
        <Baseline points="1872,4203 1922,4202 1972,4196 2022,4194 2072,4191 2122,4188 2172,4186 2222,4185 2272,4183 2322,4180 2372,4178 2422,4177 2472,4174 2522,4173 2572,4174 2622,4171 2672,4170 2722,4167 2772,4164 2822,4165 2872,4167 2889,4164"/>
        <Word id="word_56f201df-1a1a-40e7-b05f-2fb2210caab3">
          <Coords points="1871,4168 1921,4167 1968,4161 2021,4159 2070,4156 2120,4153 2171,4151 2221,4150 2271,4148 2320,4145 2371,4143 2421,4142 2470,4139 2497,4138 2498,4183 2473,4184 2422,4187 2372,4188 2323,4190 2272,4193 2222,4195 2172,4196 2123,4198 2073,4201 2022,4204 1973,4206 1922,4212 1872,4213"/>
          <TextEquiv>
            <Unicode>Lauwrens</Unicode>
          </TextEquiv>
        </Word>
        <Word id="word_f4525f6e-206d-4e68-9c97-6d3c6a5507ec">
          <Coords points="2576,4137 2621,4136 2671,4135 2720,4132 2770,4129 2823,4130 2873,4132 2883,4130 2891,4174 2872,4177 2822,4175 2773,4174 2723,4177 2672,4180 2622,4181 2576,4182"/>
          <TextEquiv>
            <Unicode>pitt</Unicode>
          </TextEquiv>
        </Word>
        <TextEquiv conf="0.9291475284955493">
          <Unicode>Lauwrens pitt</Unicode>
        </TextEquiv>
        <TextStyle xHeight="55"/>
      </TextLine>
      <TextLine id="line_22f2eb68-f277-4a2c-a7bd-eb288e154fb0">
        <Coords points="1738,4350 1876,4212 1918,4212 1930,4224 2179,4223 2251,4235 2478,4239 2502,4256 2534,4256 2554,4241 2782,4241 2782,4320 2741,4320 2652,4343 2631,4330 2554,4330 2434,4339 2421,4351 2243,4351 2135,4458 2095,4490 2054,4510 2038,4510 2029,4501 1931,4501 1910,4510 1738,4510"/>
        <Baseline points="1777,4395 1827,4389 1877,4382 1927,4375 1977,4369 2027,4364 2077,4359 2127,4353 2177,4348 2227,4343 2277,4340 2327,4337 2377,4334 2427,4330 2477,4326 2527,4323 2577,4318 2627,4311 2677,4304 2727,4303 2744,4301"/>
        <Word id="word_5a31f7ef-8e6d-4536-a2c7-a2be9f950fdc">
          <Coords points="1773,4360 1823,4354 1872,4347 1922,4340 1973,4334 2024,4329 2074,4324 2123,4318 2174,4313 2176,4313 2180,4358 2178,4358 2128,4363 2078,4369 2028,4374 1978,4379 1928,4385 1878,4392 1828,4399 1778,4405"/>
          <TextEquiv>
            <Unicode>Jacob</Unicode>
          </TextEquiv>
        </Word>
        <Word id="word_2a2faad2-7082-485b-8964-b807c4f5b5c6">
          <Coords points="2260,4305 2278,4305 2325,4302 2375,4299 2424,4295 2474,4291 2525,4288 2574,4283 2622,4276 2672,4269 2726,4268 2740,4266 2745,4311 2727,4313 2678,4314 2628,4321 2578,4328 2528,4333 2478,4336 2428,4340 2378,4344 2328,4347 2277,4350 2260,4350"/>
          <TextEquiv>
            <Unicode>junius</Unicode>
          </TextEquiv>
        </Word>
        <TextEquiv conf="0.939413791952247">
          <Unicode>Jacob junius</Unicode>
        </TextEquiv>
        <TextStyle xHeight="70"/>
      </TextLine>
    </TextRegion>
    <TextRegion id="region_cacca2ca-d9bf-43e3-b429-2561f29ebf00_1" custom="structure {type:paragraph;}">
      <Coords points="1811,4052 1811,4059 1815,4059 1811,4055"/>
    </TextRegion>
    <TextRegion id="region_518264e2-fd87-4d60-95da-80a38dbb7234_8" custom="structure {type:signature-mark;}">
      <Coords points="1735,3961 1738,3961 1742,3965 1742,3968 1752,3979 1756,3979 1759,3982 1766,3982 1770,3986 1773,3986 1777,3989 1777,4003 1780,4007 1780,4010 1787,4017 1787,4024 1790,4028 1790,4031 1801,4041 1804,4041 1808,4045 1808,4048 1811,4048 1815,4052 1815,4055 1818,4059 1815,4062 1815,4069 1818,4073 1818,4083 1822,4087 1822,4101 1825,4104 1825,4111 1829,4115 1829,4118 1839,4129 1804,4163 1804,4167 1801,4170 1801,4174 1797,4177 1797,4205 1801,4209 1801,4216 1804,4219 1808,4219 1811,4223 1815,4223 1822,4230 1818,4233 1818,4244 1822,4244 1836,4257 1836,4264 1832,4268 1832,4271 1836,4275 1846,4275 1850,4271 1857,4271 1864,4264 1864,4261 1871,4254 1888,4254 1898,4244 1902,4244 1905,4247 1905,4251 1909,4254 1909,4261 1905,4264 1905,4271 1909,4275 1909,4278 1912,4282 1912,4285 1916,4289 1923,4289 1926,4292 1933,4292 1937,4296 1940,4296 1944,4299 1951,4299 1954,4303 1982,4303 1989,4296 1989,4289 1993,4285 1993,4282 1996,4278 1996,4264 1986,4254 1986,4251 1989,4247 1989,4240 1986,4237 1986,4233 1982,4230 1982,4226 1986,4223 1989,4223 1996,4216 1996,4212 1999,4209 1999,4198 2003,4195 2003,4184 2006,4181 2006,4174 2010,4170 2010,4163 2006,4160 2006,4153 2003,4149 2003,4146 1999,4143 1986,4143 1972,4129 1968,4129 1965,4125 1961,4125 1958,4122 1954,4122 1940,4108 1926,4108 1919,4101 1909,4101 1905,4104 1898,4104 1891,4097 1891,4094 1885,4087 1881,4087 1874,4094 1871,4094 1857,4080 1853,4080 1843,4069 1839,4069 1836,4066 1832,4066 1829,4062 1822,4062 1818,4059 1818,4048 1822,4045 1832,4045 1836,4041 1839,4041 1843,4038 1846,4038 1850,4035 1853,4035 1853,4031 1850,4031 1832,4014 1832,4010 1815,3993 1815,3986 1818,3982 1818,3975 1811,3968 1811,3965 1804,3958 1797,3958 1794,3954 1780,3954 1777,3958 1766,3958 1763,3961"/>
    </TextRegion>
    <TextRegion id="region_aacfab3a-5e98-4685-bab3-e24144ceea97_7" custom="structure {type:signature-mark;}">
      <Coords points="2076,4282 2080,4282 2083,4285 2087,4285 2094,4292 2097,4292 2100,4296 2104,4296 2107,4299 2125,4299 2128,4296 2142,4296 2146,4299 2149,4299 2153,4303 2156,4303 2160,4306 2163,4306 2167,4310 2170,4310 2177,4317 2181,4317 2191,4327 2188,4331 2184,4331 2177,4338 2174,4338 2170,4341 2177,4348 2181,4348 2188,4355 2191,4355 2205,4369 2226,4369 2229,4365 2236,4365 2240,4362 2243,4362 2247,4359 2268,4359 2271,4355 2303,4355 2306,4352 2309,4352 2313,4348 2316,4348 2320,4345 2323,4345 2327,4341 2320,4334 2313,4334 2309,4331 2299,4331 2296,4327 2296,4324 2299,4320 2306,4320 2309,4317 2313,4317 2316,4313 2334,4313 2341,4306 2344,4306 2351,4299 2351,4296 2355,4292 2355,4289 2358,4285 2358,4275 2362,4271 2355,4264 2355,4261 2348,4254 2348,4251 2341,4244 2341,4223 2337,4219 2337,4216 2334,4216 2330,4212 2327,4212 2323,4209 2313,4209 2309,4205 2299,4205 2296,4202 2292,4202 2289,4198 2285,4198 2282,4195 2278,4195 2275,4191 2268,4191 2264,4188 2257,4188 2254,4184 2229,4184 2226,4181 2219,4181 2215,4184 2208,4184 2202,4191 2198,4191 2191,4198 2181,4198 2177,4202 2163,4202 2160,4205 2153,4205 2149,4209 2146,4209 2142,4212 2139,4212 2135,4216 2132,4212 2128,4212 2125,4209 2121,4212 2118,4212 2114,4216 2118,4216 2121,4219 2125,4219 2128,4216 2156,4216 2160,4219 2177,4219 2181,4223 2195,4223 2202,4230 2202,4240 2195,4247 2191,4247 2188,4251 2177,4251 2174,4254 2170,4254 2167,4257 2160,4257 2156,4261 2153,4261 2149,4264 2146,4264 2142,4268 2128,4268 2125,4264 2118,4264 2114,4268 2107,4268 2104,4271 2100,4271 2097,4275 2094,4275 2090,4278 2083,4278 2080,4282"/>
    </TextRegion>
    <TextRegion id="region_94b906c9-1a1c-409e-acca-2663edb11e40_6" custom="structure {type:signature-mark;}">
      <Coords points="2449,4345 2445,4341 2442,4341 2438,4345 2428,4345"/>
    </TextRegion>
    <TextRegion id="region_ac4dd648-9419-443e-bc82-4b38988079b3_5" custom="structure {type:signature-mark;}">
      <Coords points="2790,4352 2790,4355 2801,4355 2801,4352"/>
    </TextRegion>
    <TextRegion id="region_e0a86ad9-5c81-4555-a5fa-af4652fc18a9_4" custom="structure {type:signature-mark;}">
      <Coords points="2811,4355 2825,4355 2825,4352 2815,4352"/>
    </TextRegion>
    <TextRegion id="region_4694b6f7-a04d-4746-9757-ec190abedbae_9" custom="structure {type:catch-word;}">
      <Coords points="2846,4334 2842,4331 2842,4324 2839,4320 2839,4317 2822,4299 2818,4299 2815,4296 2808,4296 2804,4292 2801,4292 2797,4289 2790,4289 2787,4285 2780,4285 2776,4282 2773,4282 2769,4278 2752,4278 2748,4275 2686,4275 2682,4278 2675,4278 2668,4285 2644,4285 2640,4289 2630,4289 2626,4292 2613,4292 2609,4296 2602,4296 2599,4299 2581,4299 2574,4306 2571,4306 2567,4310 2560,4310 2557,4313 2546,4313 2543,4317 2539,4317 2529,4327 2525,4327 2518,4334 2515,4334 2525,4334 2529,4338 2536,4338 2539,4341 2546,4341 2550,4345 2560,4345 2564,4348 2571,4348 2574,4352 2574,4359 2571,4362 2571,4365 2564,4372 2557,4372 2550,4379 2546,4379 2539,4386 2539,4390 2536,4393 2536,4397 2532,4400 2532,4404 2525,4411 2525,4421 2532,4421 2536,4425 2560,4425 2564,4421 2592,4421 2595,4418 2623,4418 2626,4414 2672,4414 2675,4411 2721,4411 2724,4407 2731,4407 2734,4404 2741,4404 2745,4400 2773,4400 2776,4397 2783,4397 2787,4400 2790,4400 2794,4397 2797,4397 2801,4393 2804,4393 2811,4386 2815,4386 2818,4383 2822,4383 2839,4365 2839,4352 2842,4348 2842,4345 2846,4341"/>
    </TextRegion>
  </Page>
</PcGts>
