3703 4828
1145 546 1361 607 July
1413 541 1625 594 1646

1358 735 1422 782 En
1452 736 1733 785 Compagnia
1763 741 1858 787 van
1887 742 2230 790 Voorscheven
2261 737 2791 790 sachtvalckenburch
2821 735 2915 780 was
2945 730 3009 779 d'
3039 726 3164 774 Pauw
3193 720 3326 769 Mede

1395 853 1702 900 uijtgeloopen
1727 851 1829 897 ende
1854 848 2008 896 voorts
2033 847 2136 893 naer
2161 848 2315 894 gamron
2341 845 2647 894 genavigeert,
2672 838 2877 889 Costende
2902 836 2954 882 't
2978 831 3056 880 een
3080 828 3133 875 en
3157 824 3210 871 't
3232 820 3368 868 ander

1380 961 1760 1015 daerinevens
1792 957 2069 1004 gesonden
2101 957 2138 1004 ƒ
2172 950 2519 1002 13803„6„6„

1307 1112 1525 1163 Daerdat
1553 1110 1618 1155 't
1647 1107 1803 1153 Jacht
1833 1101 2021 1152 Bergen
2050 1099 2113 1145 op
2144 1095 2238 1144 den
2267 1090 2393 1139 soom
2423 1088 2517 1133 den
2548 1086 2672 1134 3.en
2703 1082 2982 1131 februarij
3012 1078 3106 1126 van
3133 1074 3263 1122 daer

1373 1216 1481 1263 naer
1508 1214 1724 1261 wingurla
1751 1210 2048 1259 genavigeert
2074 1208 2182 1254 ende
2209 1208 2290 1254 den
2317 1207 2371 1253 9.
2398 1207 2425 1252 .
2451 1206 2479 1251 o
2506 1202 2668 1251 aldaer
2694 1196 2991 1247 gearriveert
3017 1193 3126 1240 was,
3152 1188 3208 1237 Is
3232 1175 3369 1231 drije

1374 1315 1524 1363 daegen
1548 1310 1748 1360 daernaer
1772 1307 1872 1354 oocq
1896 1305 2170 1352 aengelanght
2195 1306 2245 1351 't
2270 1306 2394 1351 schip
2419 1302 2643 1351 schredam,
2667 1299 2767 1346 uijt
2791 1298 2842 1344 't
2866 1296 3016 1342 welcke
3040 1289 3314 1341 overgenomen
3338 1286 3465 1333 heeft

1381 1425 1408 1471 t
1431 1418 1537 1469 gene
1561 1413 1665 1462 voor
1690 1410 1871 1458 tjamron
1896 1409 2051 1455 daerin
2076 1408 2308 1454 gescheept
2334 1409 2386 1454 so
2411 1406 2618 1453 geweest,
2642 1395 2875 1451 waermeden
2898 1391 2978 1440 den
3003 1390 3055 1436 15
3079 1388 3132 1434 d.
3157 1387 3184 1433 o
3208 1386 3288 1434 van

1371 1524 1477 1577 daer
1502 1519 1631 1568 weder
1656 1514 1940 1563 vertrocken,
1965 1509 2068 1558 ende
2094 1508 2171 1554 den
2196 1509 2248 1555 2.
2273 1508 2325 1554 en
2351 1508 2531 1553 passado
2556 1506 2686 1552 salvo
2710 1500 2866 1550 aldaer
2891 1495 3174 1545 g'arriveert
3199 1494 3309 1548 was—

1367 1661 1478 1709 den
1512 1653 1769 1704 Nieuwen
1805 1648 2207 1698 Vicereijdon
2242 1645 2535 1693 Philippo
2570 1645 2644 1691 d'
2680 1636 3045 1691 Malscarius
3082 1635 3265 1681 heeft

1374 1755 1503 1804 aende
1528 1751 1733 1800 moorsche
1758 1750 1937 1796 schepen
1962 1749 2039 1795 soo
2064 1747 2141 1793 als
2165 1745 2243 1791 Int
2268 1745 2396 1790 laden
2421 1745 2574 1791 twaren
2600 1746 2651 1791 om
2676 1745 2778 1792 naer
2803 1744 2957 1791 gamron
2981 1743 3033 1789 te
3058 1739 3289 1787 navigeren

1375 1853 1448 1899 (d'
1471 1849 1569 1897 onse
1593 1848 1690 1893 niet
1714 1845 1861 1892 Cunnen
1883 1845 2078 1892 vernemen
2101 1844 2151 1889 om
2175 1844 2248 1889 wat
2272 1844 2394 1889 reden
2417 1845 2442 1890 )
2466 1845 2611 1891 passen
2636 1843 2902 1891 geweijgert,
2926 1838 3121 1888 waerdoor
3144 1835 3292 1882 eenige

1365 1950 1576 1999 ontladen,
1599 1949 1693 1994 ende
1716 1948 1857 1994 andere
1879 1948 1973 1994 sich
1996 1947 2206 1993 verstondt
2228 1945 2369 1992 hebben
2392 1942 2533 1989 sonder
2555 1941 2720 1986 d'selve
2742 1942 2790 1987 't
2812 1942 2929 1988 seijl
2952 1941 3000 1987 te
3022 1939 3140 1985 gaen,
3161 1935 3256 1983 door
3277 1932 3351 1980 sit

1360 2055 1600 2112 accidendt
1624 2052 1783 2100 hadden
1809 2050 1862 2097 d'
1886 2043 2177 2094 Coopluijden
2201 2040 2307 2086 ende
2333 2036 2517 2085 reeders
2543 2033 2806 2082 derschepen
2831 2032 2963 2078 grote
2989 2030 3172 2078 schaede
3198 2027 3357 2075 gedaen
3381 2030 3412 2078 —

1369 2162 1481 2212 doch
1506 2158 1562 2206 en
1588 2153 1752 2202 Contra
1779 2150 1916 2198 heeft
1942 2148 2024 2194 het
2050 2147 2105 2192 d'
2131 2144 2187 2192 E.
2213 2138 2459 2188 Compagnie
2485 2138 2595 2184 veel
2621 2133 3002 2186 geproffiteert,
3028 2126 3247 2178 hebbende
3273 2124 3357 2171 dit

1365 2255 1563 2305 mousson
1591 2253 1676 2299 met
1705 2252 1875 2298 Vraght
1902 2247 2129 2296 goederen
2157 2247 2271 2292 naer
2299 2248 2469 2294 gamron
2497 2250 2554 2296 te
2582 2247 2752 2297 voeren
2779 2244 2808 2290 ƒ
2836 2238 3091 2290 57056„18„
3118 2234 3177 2282 10
3201 2225 3404 2277 suijver

1358 2354 1754 2417 g'advanceert

1345 2492 1410 2537 d'
1441 2481 1731 2536 Engelsche
1763 2479 1860 2526 Hin
1891 2478 1957 2523 en
1989 2475 2182 2523 zehors
2214 2475 2311 2521 was
2342 2474 2440 2520 met
2471 2473 2665 2520 vracht
2695 2468 2955 2517 goederen
2986 2467 3116 2512 naer
3147 2463 3341 2513 gamron

1353 2582 1578 2635 geseyldt,
1603 2580 1703 2627 ende
1727 2580 1827 2625 ult.
1851 2579 1876 2624 o
1900 2578 2025 2623 meert
2050 2577 2125 2623 den
2149 2577 2324 2622 grooten
2348 2578 2398 2623 en
2421 2576 2621 2623 Cleijnen
2646 2574 2771 2622 valcq
2793 2571 2870 2618 met
2894 2568 2944 2615 d'
2967 2563 3118 2612 Willem
3142 2561 3217 2607 soo
3240 2558 3322 2605 met

1348 2687 1460 2736 haer
1486 2683 1651 2731 eijgen
1678 2681 1761 2727 als
1787 2676 2007 2725 moorsche
2034 2674 2254 2720 goederen
2280 2673 2500 2719 gelaeden
2527 2673 2637 2719 naer
2664 2673 2801 2719 mocha
2828 2672 2910 2718 van
2938 2666 3130 2717 waerden
3155 2661 3323 2710 groten

1354 2794 1500 2841 valcq
1529 2793 1647 2839 naer
1675 2786 1997 2838 madrespatam
2026 2784 2085 2831 te
2113 2780 2261 2829 keren
2289 2778 2436 2826 staet
2464 2776 2523 2822 d'
2553 2773 2787 2822 Indevere
2816 2772 2904 2818 was
2930 2770 3021 2816 den
3049 2769 3109 2814 9.
3136 2767 3167 2813 '
3194 2763 3342 2810 april

1350 2906 1461 2953 naer
1489 2903 1682 2951 Bassora
1709 2899 2012 2948 vertrocken,
2039 2895 2205 2943 waerd'
2231 2891 2343 2939 Hdin
2370 2891 2426 2937 en
2452 2886 2619 2936 zehors
2644 2875 2949 2930 Imploijeren
2975 2871 3169 2919 sullen,
3195 2860 3392 2915 wanneer

1325 3017 1406 3066 van
1431 3013 1589 3062 ganron
1614 3007 1903 3057 hetourneren
1929 3005 2087 3052 konden
2112 3003 2165 3049 d'
2191 3003 2296 3049 onse
2321 3002 2427 3047 niet
2452 2999 2663 3046 vernemen
2686 2998 2716 3045 ,
2739 2993 2794 3041 d'
2818 2988 2977 3037 Enplij
3003 2986 3082 3032 was
3108 2984 3213 3032 uijt
3236 2980 3291 3027 de

1347 3127 1598 3177 Manillas
1630 3125 1756 3172 noch
1787 3123 1913 3171 niet
1944 3115 2261 3168 verschenen

1336 3258 1481 3314 uijt
1516 3254 1696 3302 nader
1731 3251 2018 3298 aevijsen
2053 3245 2269 3296 vanden
2303 3241 2376 3288 E.
2410 3227 2734 3284 directeur
2769 3224 2948 3271 Arent
2983 3216 3307 3268 Barentsen

1335 3360 1561 3414 Voorwent
1587 3355 1673 3404 aen
1701 3353 1814 3400 haer
1841 3352 1926 3398 Ed.
1953 3352 2011 3401 ts
2037 3353 2123 3401 tot
2151 3351 2348 3397 Batavia
2375 3349 2658 3396 gecarteere
2685 3341 2939 3393 vernemen,
2967 3339 3052 3386 hoe
3077 3336 3136 3382 d'
3163 3331 3418 3382 Engelsche

1333 3469 1519 3518 fluijt
1549 3466 1610 3512 d'
1639 3461 1733 3511 Hin
1762 3456 1856 3505 den
1886 3455 1948 3501 4.
1978 3454 2010 3500 e
2039 3448 2193 3497 Meije
2224 3446 2316 3493 van
2347 3445 2470 3491 daer
2500 3445 2623 3491 naer
2653 3439 2992 3490 maerespatam
3022 3435 3146 3483 ende
3175 3434 3301 3482 haer

1328 3581 1468 3634 Jacht
1495 3577 1552 3624 d'
1577 3566 1774 3621 Zeehers
1800 3562 1885 3611 den
1913 3562 1997 3608 12.
2024 3563 2052 3609 e
2078 3560 2136 3607 d.
2162 3558 2191 3604 o
2218 3556 2331 3602 naer
2358 3556 2526 3602 atchin
2552 3554 2860 3602 genavigeert
2886 3551 2999 3599 over
3025 3545 3221 3595 welcken
3248 3542 3417 3590 Wechde

1326 3694 1500 3749 suplij
1528 3692 1614 3738 van
1642 3686 1842 3737 manilje
1871 3684 1956 3731 den
1984 3683 2042 3729 5.
2070 3681 2128 3727 en
2154 3674 2328 3725 stantj
2356 3672 2413 3718 in
2441 3672 2642 3717 Bambaij
2669 3671 2755 3718 ten
2782 3666 2955 3716 ancker
2983 3662 3183 3710 gecomen
3211 3663 3241 3709 —

3289 3661 3321 3707 -

1334 3820 1393 3868 Is
1416 3812 1504 3861 van
1529 3810 1588 3855 d.
1615 3809 1644 3854 o
1670 3801 1868 3853 ladinge
1895 3799 2008 3845 ende
2035 3797 2232 3844 hoedese
2258 3793 2484 3844 voijagin
2511 3787 2848 3839 gesuccedeert
2875 3787 2988 3834 sij,
3015 3778 3184 3833 hebben
3210 3774 3268 3821 d'
3295 3766 3409 3818 onse

1339 3919 1509 3971 niet
1549 3912 1803 3963 Cunnen
1844 3910 2182 3958 vernemen

1326 4047 1425 4097 den
1454 4030 1783 4087 gouverneur
1815 4027 2044 4074 Michsia
2076 4020 2305 4071 Amnijna
2337 4019 2436 4065 een
2469 4010 2926 4064 gecommitteerde
2959 4008 3090 4055 naer
3121 4003 3253 4052 goo.
3284 4003 3321 4051 —

1329 4144 1417 4197 aen
1444 4135 1640 4187 Viceren
1667 4128 1891 4179 gesonden
1918 4123 2170 4172 (hebbende
2197 4122 2254 4168 om
2281 4120 2449 4166 passen
2476 4117 2589 4164 voor
2617 4116 2673 4163 d'
2700 4112 2924 4161 moorsche
2951 4103 3148 4157 schepen
3172 4097 3259 4146 van
3286 4096 3399 4143 daer

1329 4242 1565 4297 vaerende
1592 4238 1652 4286 te
1681 4230 2002 4282 versoecken,
2030 4227 2118 4274 was
2146 4226 2206 4272 d'
2235 4223 2380 4270 selve
2409 4215 2817 4268 geretourneert,
2844 4210 2963 4260 mede
2991 4202 3196 4255 brengen
3223 4201 3312 4247 een

2973 4297 3304 4359 Brief.

2278 3111 2311 3157 -
