3573 4958
2765 299 3004 366 722

447 308 698 369 Majus
726 295 947 349 ano.
994 286 1196 337 1646

964 475 1317 530 genootsaert
1348 475 1413 523 is
1443 479 1698 536 geworden
1728 492 1949 540 wederom
1979 493 2234 541 tekeren,
2265 496 2393 545 ende
2423 501 2488 551 in
2518 507 2772 560 voors.:.
2802 516 2993 567 giangh
3022 516 3088 564 te

975 600 1209 648 landen,
1242 601 1343 646 met
1374 601 1645 654 Jntentie
1675 612 1808 658 sine
1842 613 2109 661 goederen
2142 616 2343 663 aldaer
2375 619 2676 670 teventen:
2709 625 3048 682 mitsgaders

957 718 1086 768 daer
1117 719 1243 765 voor
1274 717 1495 766 vandese
1526 721 1684 770 lands
1714 726 1872 773 waren
1902 726 1966 772 te
1998 725 2407 778 troncqueren/.

662 851 787 898 adij
818 845 944 895 19:'
973 840 1069 888 d:o
1100 840 1258 887 waren
1288 842 1476 889 besigh
1508 844 1602 891 met
1633 846 1759 895 190:
1789 850 1978 896 packen
2009 850 2197 896 sijden
2228 851 2292 898 te
2322 854 2480 903 laten
2510 859 2730 906 cuijpen
2761 862 2824 907 en
2855 863 3044 913 packen

612 979 755 1033 adij
789 977 927 1024 20:e
960 973 1065 1020 d:o
1098 974 1237 1020 Vinx
1269 971 1547 1018 terdagh.
1581 973 1753 1019 comen
1788 972 1926 1018 voor
1959 970 2099 1016 meer
2132 972 2477 1025 aengetogen
2511 979 2546 1026 2
2580 977 2855 1025 Joncquen
2889 980 2997 1031 van

948 1086 1094 1133 quam
1130 1083 1311 1131 (uijt
1348 1082 1529 1128 China
1565 1080 1892 1127 adrontima
1925 1080 2073 1127 hier
2108 1081 2544 1129 g'arriveert)
2579 1082 2725 1131 voor
2760 1086 2908 1140 dese
2941 1099 3124 1146 Stadt

853 1188 1212 1246 Cassiouw
1257 1193 1679 1242 tenancker

681 1307 774 1356 adn
801 1303 926 1352 22:'
954 1306 1045 1353 d:o
1075 1308 1257 1356 lieten
1286 1312 1528 1362 voorgem:
1557 1317 2010 1370 affgepactesijde
2039 1323 2312 1373 beneffens
2341 1328 2554 1379 partyje
2583 1335 2887 1389 sonmongij,
2914 1346 3126 1392 hock:„s

954 1415 1080 1466 ende
1109 1411 1357 1459 Sittours
1387 1411 1696 1460 affschepen
1726 1415 1818 1462 int
1849 1417 2157 1469 Fluytschip
2187 1425 2281 1471 den
2310 1427 2495 1476 swarts
2525 1431 2649 1481 beer

829 1541 899 1596 Op
929 1537 1060 1584 dato
1091 1536 1156 1582 is
1188 1533 1317 1580 nogh
1349 1533 1447 1580 een
1478 1536 1704 1585 matroos
1736 1540 1897 1586 vande
1929 1541 2122 1588 fluijt
2154 1542 2895 1608 Hillegersberghoverleden
2927 1563 3153 1612 genaemt

961 1633 1130 1684 Claes
1164 1639 1502 1687 Reyndertsz
1534 1643 1636 1688 van
1668 1642 1972 1691 amsterdam
2006 1646 2309 1696 overleden
2342 1651 2444 1700 dat
2477 1655 2781 1708 aldeseste
2814 1663 3050 1710 eenlijk

960 1731 1147 1781 vandat
1177 1736 1333 1785 schip
1363 1741 1458 1789 is,
1486 1744 1580 1790 god
1610 1743 1704 1789 wil
1734 1743 1829 1791 ons
1858 1747 1982 1793 voor
2013 1748 2447 1801 meerdersterfte
2477 1756 2664 1804 ondert
2694 1758 2850 1805 volcq
2880 1760 3130 1809 behoeden

684 1857 820 1907 adij
853 1857 954 1903 23'
985 1853 1087 1900 d:o
1119 1852 1387 1898 smorgens
1421 1853 1621 1900 lieten
1654 1855 1888 1907 dereste
1922 1862 2023 1909 der
2054 1865 2557 1921 affgepactewaren
2589 1876 2790 1923 voorts
2823 1876 3094 1932 scheepen

975 1952 1132 1998 mede
1170 1951 1366 2001 inden
1404 1957 1600 2006 heere
1637 1962 1715 2009 /.

682 2087 817 2136 adij
850 2081 985 2131 26:'
1017 2076 1119 2125 d:o
1152 2074 1422 2120 smorgens
1455 2074 1691 2125 quamden
1724 2080 1927 2130 Capado
1959 2086 2196 2138 ongaton
2228 2094 2364 2142 seer
2396 2097 2734 2145 stillekens
2767 2100 3108 2150 sonderveel

966 2182 1213 2232 gewaght
1247 2184 1490 2231 thuijs,
1524 2185 1700 2231 synde
1733 2186 1838 2232 met
1872 2187 1977 2236 den
2012 2191 2255 2240 Coningh
2290 2195 2603 2244 inquestie
2637 2197 2881 2245 geweest
2915 2200 3091 2249 waer„

955 2296 1088 2345 omme
1120 2295 1352 2341 oorloff
1384 2291 1716 2340 omvooruijt
1749 2291 1948 2338 tegaen
1980 2293 2145 2341 hadde
2178 2295 2477 2349 gekregen,
2507 2302 2608 2350 ten
2640 2301 2872 2348 aensien
2905 2301 3070 2347 voor„

912 2405 1085 2456 „gaff
1116 2411 1454 2460 (sooseijt)
1487 2408 1624 2455 niet
1657 2408 1759 2454 wel
1791 2408 2097 2456 tepaswas,
2131 2411 2402 2462 sullende
2435 2417 2537 2464 den
2571 2419 2808 2466 Coningh
2842 2419 3049 2471 binnen

962 2526 1137 2572 corte
1171 2524 1590 2571 dagenvolgen.
1625 2526 1730 2572 wat
1764 2525 1974 2571 verder
2008 2524 2184 2570 vande
2218 2525 2358 2573 sake
2393 2528 2499 2575 bij
2532 2532 2708 2583 staen
2741 2535 3029 2584 apparent

968 2638 1161 2687 haest
1195 2641 1465 2688 naerder
1503 2641 1581 2687 te
1617 2637 1930 2687 vernemen

723 2800 861 2850 adij
894 2792 1031 2843 25:'
1064 2787 1168 2835 d:o
1201 2784 1578 2833 mietsonders
1611 2784 2020 2834 voorgevallen
2055 2788 2158 2834 dan
2190 2788 2294 2834 dat
2327 2788 2533 2834 eenige
2565 2784 2839 2832 Soldaten
2874 2784 3013 2833 uijt

956 2891 1172 2937 'tleger
1203 2890 1357 2937 thuys
1388 2890 1574 2936 quamen
1604 2891 1697 2937 met
1728 2891 1883 2938 veele
1913 2893 2130 2942 buffels
2160 2898 2222 2944 en
2252 2899 2562 2946 koebeeste;
2592 2897 2685 2943 als
2716 2897 3025 2945 andersints
3054 2898 3089 2946 —

962 3002 1061 3050 die
1092 3004 1192 3051 tot
1225 3004 1390 3050 buijt
1422 3003 1653 3050 bekomen
1685 3004 1916 3054 hadden,
1948 3008 2049 3054 soo
2079 3010 2310 3058 wierden
2343 3013 2476 3058 oocq
2508 3012 2705 3061 eenige
2738 3010 3002 3060 Chinesen

963 3114 1250 3161 gevangen
1286 3114 1500 3160 binnen
1535 3114 1821 3163 gebracht
1857 3118 1965 3163 tot
2000 3119 2107 3164 den
2142 3119 2359 3169 Capado
2391 3123 2643 3170 Ougaton
2678 3121 2786 3168 als
2820 3116 2969 3168 mede

946 3234 1199 3283 tydinge
1231 3230 1557 3279 verhaelde
1592 3235 1700 3280 van
1736 3232 2238 3280 'tjouconquengh
2273 3233 2417 3280 niet
2453 3231 2847 3280 waerachtigh
2882 3229 2990 3275 was
3023 3225 3063 3274 —

958 3343 1128 3393 stand
1161 3341 1263 3387 met
1295 3343 1396 3388 den
1427 3341 1664 3388 Coningh
1698 3343 2067 3391 tegenmorgen
2101 3345 2236 3392 mede
2268 3348 2639 3396 overtekomen
2671 3351 2739 3399 /.

716 3463 811 3513 ady
841 3466 968 3512 29:'
997 3463 1092 3510 d:o
1124 3463 1343 3511 quamden
1374 3466 1593 3514 Coningh
1624 3468 1718 3514 met
1750 3469 1876 3516 sijn
1906 3472 2189 3521 gantschen
2219 3477 2407 3524 treijn
2438 3476 2783 3525 uijt'tleger
2814 3476 3034 3523 wederom

957 3571 1197 3620 binnen,
1229 3577 1332 3622 met
1365 3578 1670 3627 hembrende
1704 3581 2009 3632 beneffens
2043 3587 2212 3634 veele
2246 3589 2586 3639 gevangenen
2619 3593 2721 3639 den
2755 3593 3032 3644 Chinesen

879 3683 1201 3731 mandbrijn,
1232 3687 1329 3733 die
1361 3688 1490 3735 syne
1522 3690 1715 3738 doapen
1746 3692 1908 3741 aende
1939 3696 2166 3749 grensen
2197 3704 2295 3752 van
2325 3708 2486 3755 China
2519 3710 2712 3757 gelege
2743 3711 3099 3763 geturbeert,

960 3787 1171 3840 hadde,
1204 3797 1482 3844 hebbende
1517 3796 1657 3844 alle
1690 3800 1830 3850 hare
1864 3806 2177 3858 huijsenen
2211 3814 2386 3862 hoven
2419 3817 2802 3868 geruijneert
2835 3820 2975 3869 ende
3010 3824 3045 3869 —

961 3901 1176 3949 wyders
1211 3905 1426 3954 anders
1461 3909 1854 3961 sonderlinge
1889 3917 2033 3964 niet
2068 3920 2426 3974 uytgerecht
2460 3930 2568 3977 als
2604 3932 2711 3978 dat
2746 3930 2818 3977 de
2853 3931 3034 3979 weder

2665 4048 2728 4101 2
2789 4054 2915 4101 om

10 460 283 533 handel

806 1560 828 1606 ƒ
