3642 4883
1079 3894 1118 3942 V

1231 749 1549 827 Vander
1599 735 2125 791 adriaensen
2171 730 2593 783 dromondt
2645 729 2854 778 Voen
2906 722 3431 775 paliacatta

1311 878 1409 927 ao
1445 863 1650 922 1640
1694 850 1889 904 inde
1936 843 2225 892 maendt
2273 843 2706 890 februarij
2753 843 2803 890 a
2848 846 2946 893 54
2992 846 3139 893 ter
3186 843 3429 891 maent

1316 983 1504 1039 voor
1547 968 1825 1025 jongen
1869 963 1962 1011 jn
2006 961 2283 1009 dienst
2329 961 2559 1008 vand'
2601 958 2696 1005 E.
2741 957 3018 1007 comp„e
3062 954 3433 1003 aengenom

1336 1095 1518 1143 ende
1562 1090 1654 1138 nu
1699 1079 2109 1134 geruijmen
2154 1077 2337 1124 tijt
2381 1078 2518 1125 Bij
2562 1074 2655 1122 d'
2699 1070 2836 1116 pen
2874 1065 3336 1115 gebruijckt

1309 1207 1663 1267 geworden
1705 1201 1971 1251 sijnde
2013 1203 2233 1251 werdt
2276 1205 2365 1251 op
2409 1204 2453 1250 t
2493 1192 2936 1248 voordragen
2978 1185 3111 1234 van
3154 1181 3330 1229 zijn

1326 1337 1643 1393 meerder
1687 1331 1867 1381 mits
1912 1319 2316 1376 expiratie
2360 1311 2630 1362 sijnes
2674 1301 3078 1356 verbandts
3122 1298 3213 1346 de
3257 1295 3438 1343 novo

1318 1464 1497 1515 voor
1539 1456 1764 1507 drije
1808 1452 2031 1500 naest
2075 1439 2433 1496 volgende
2475 1429 2744 1483 jaeren
2787 1424 2878 1474 in
2922 1409 3369 1468 qualiteijt

1315 1583 1470 1637 van
1519 1573 1775 1626 jongh
1825 1557 2283 1615 adsistent
2331 1548 2892 1601 aengenomen,
2942 1541 3146 1592 ende
3195 1536 3349 1584 een

1274 1696 1795 1767 Belooningh
1843 1684 2002 1736 van
2053 1673 2417 1726 twaelff
2468 1663 2831 1717 guldens
2882 1658 3039 1708 ter
3090 1648 3402 1700 maendt

1316 1813 1821 1880 mitsgaders
1869 1800 2072 1855 twee
2121 1792 2423 1843 rialen
2472 1786 2624 1835 tot
2673 1778 2875 1830 cost
2922 1768 3176 1821 gelds
3225 1759 3381 1811 toe

1312 1936 1754 1994 geleijdt,
1802 1924 1999 1980 jnne
2046 1915 2342 1967 gaende
2391 1910 2783 1960 'tnieuwe
2831 1903 3225 1955 verbandt
3272 1893 3421 1946 van

1306 2051 1862 2127 qualiteijt
1915 2040 2141 2094 ende
2195 2030 2475 2083 gagie
2530 2028 2753 2074 dato
2806 2016 3089 2073 deses

1297 2311 1584 2365 driaen
1631 2300 2013 2353 Janssche
2057 2288 2155 2343 jn
2199 2269 2440 2331 jndia
2486 2266 2821 2315 gecomen
2867 2265 3011 2311 med
3059 2264 3107 2309 t
3153 2256 3394 2310 schip

1282 2434 1524 2506 Wesel
1569 2425 1713 2476 ao.
1760 2420 1951 2470 1643
1996 2409 2187 2461 voor
2233 2386 3041 2452 onderseijlmaecker
3087 2388 3230 2435 met
3275 2390 3424 2450 ƒi3

1304 2551 1464 2606 ter
1512 2530 1828 2592 maendt
1879 2518 2141 2573 werdt
2188 2511 2402 2563 door
2453 2496 2924 2555 expiratie
2975 2497 3132 2543 van
3182 2489 3393 2540 tijt

1312 2661 1509 2716 ende
1547 2629 2188 2704 genegentheijt
2236 2627 2336 2673 d'
2380 2625 2479 2676 E.
2526 2619 2819 2668 comp„e
2867 2610 3062 2663 noch
3108 2592 3402 2652 langer

1305 2793 1404 2846 te
1450 2775 1737 2835 dienen
1782 2765 1928 2817 als
1974 2761 2071 2809 d'
2118 2758 2357 2807 goede
2405 2741 3025 2803 getuijgenisse
3072 2740 3217 2786 die
3263 2740 3407 2786 van

1278 2914 1444 2975 hem
1495 2886 1872 2956 gegeven
1923 2876 2246 2929 werden
2299 2870 2460 2918 Bij
2513 2863 2781 2913 desen
2834 2859 3155 2908 d'novo
3206 2856 3317 2904 in

1318 3007 1845 3076 qualiteijt
1897 2999 2055 3051 van
2104 2988 2740 3043 seijlmaecker
2793 2982 3393 3034 aengenomen.

1327 3139 1527 3192 ende
1567 3134 1726 3181 een
1775 3109 2276 3177 belooningh
2323 3102 2476 3151 van
2524 3086 3026 3145 seventhien
3071 3077 3425 3129 guldens

1307 3255 1469 3304 ter
1521 3240 1845 3297 maendt
1899 3225 2492 3285 toegeleijdt
2545 3220 2761 3269 mits
2814 3214 3030 3266 daer
3082 3207 3302 3257 voor

1287 3354 1700 3429 gehouden
1750 3340 2057 3397 Blijft
2106 3337 2210 3384 d'
2261 3336 2364 3384 E.
2414 3327 2721 3379 comp„e
2771 3317 2975 3368 noch
3023 3303 3282 3360 drije

1248 3450 1971 3544 naestvolgende
2025 3439 2358 3494 jaeren
2411 3431 2524 3482 jn
2576 3423 2855 3474 jndia
2910 3421 3022 3467 te
3075 3413 3416 3464 dienen

1306 3566 2168 3641 d'verbeteringhe
2224 3561 2398 3610 van
2450 3554 2743 3604 gagie
2798 3546 2915 3596 en
2971 3530 3375 3588 tnieuwe

1308 3697 1745 3757 verbandt
1799 3685 2018 3739 dato
2071 3672 2344 3726 deses
2398 3666 2835 3715 aenvanck
2888 3658 3272 3708 nemende

1138 3881 1296 3931 Van
1345 3856 1814 3919 martensen
1865 3854 2023 3901 van
2073 3846 2542 3901 suesteken
2594 3844 2699 3891 jn
2745 3831 3010 3888 jndia
3062 3827 3426 3875 gecomen

1294 3990 1384 4041 ao
1419 3979 1600 4034 1643
1641 3971 1816 4021 medt
1860 3970 2076 4016 schip
2117 3965 2250 4016 1E:
2293 3965 2685 4023 amsterdam
2725 3979 2770 4026 a
2812 3975 2856 4021 ƒ
2899 3972 2987 4020 10
3029 3968 3160 4016 ter
3202 3965 3423 4012 maent

1279 4106 1445 4157 voor
1487 4097 1735 4150 Boss„r
1774 4090 1983 4140 werdt
2023 4087 2190 4134 door
2231 4084 2603 4133 expiratie
2643 4079 2768 4128 van
2809 4078 2975 4125 tijt
3016 4075 3100 4125 op
3139 4065 3308 4116 sijn

1277 4216 1607 4282 versoeck
1645 4209 1730 4260 in
1769 4194 2176 4253 qualiteijt
2216 4190 2339 4238 van
2378 4182 2664 4234 soldaet
2703 4179 2867 4227 voor
2907 4177 3111 4224 drije
3150 4173 3397 4222 jaeren

1290 4341 1366 4388 d'
1401 4335 1556 4388 novo
1591 4328 1707 4379 met
1742 4321 1859 4372 een
1895 4307 2275 4364 belooningh
2312 4304 2427 4352 van
2464 4301 2731 4349 twaelff
2767 4299 3034 4349 guld„ns
3070 4304 3185 4350 ter
3222 4296 3412 4349 maent

1309 4439 1748 4499 toegeleijt
1792 4430 2099 4483 tnieuwe
2139 4427 2494 4475 verbandt
2538 4427 2626 4472 en
2669 4420 3241 4472 verbeteringhe
3285 4415 3420 4465 van

1362 4567 1626 4625 Gagie
1676 4559 1887 4609 dato
1937 4549 2200 4603 deses
2251 4544 2670 4593 aenvanck
2721 4537 3087 4587 nemende
