3567 4801
2789 525 2955 578 877

1569 680 1830 732 Pimo
1895 661 2350 722 septemb
2408 661 2675 716 Anno
2737 656 3001 713 1646

920 932 1370 1008 Dengesien
1413 927 1519 975 d'
1567 923 1766 971 naer
1814 910 2211 968 volgende
2257 896 2706 957 persoonen
2753 877 3002 940 haren

898 1042 1305 1105 verbonden
1348 1038 1529 1085 tijt
1573 1033 1843 1084 hebben
1884 1026 2067 1077 uijt
2109 1019 2425 1072 gedient
2468 1013 2649 1063 ende
2686 995 2919 1058 goedt

902 1153 1577 1208 consentemendt
1624 1146 1785 1198 van
1835 1138 2044 1189 haer
2094 1133 2303 1182 doen
2354 1127 2615 1177 geven
2666 1111 2980 1169 werden

903 1269 1005 1324 op
1046 1257 1244 1312 haer
1290 1249 1627 1302 Billick
1673 1234 2059 1294 versoeck
2106 1227 2299 1278 ende
2342 1210 2973 1270 genegentheijt

912 1377 1014 1435 om
1059 1370 1159 1418 d'
1205 1359 1304 1413 E.
1351 1350 1593 1401 compe
1636 1341 1882 1397 onder
1929 1328 2365 1385 eerlijcke
2413 1300 2994 1374 verbeteringe

913 1475 1102 1533 noch
1147 1455 1519 1516 eenighen
1565 1446 1752 1499 tijt
1796 1440 1891 1488 te
1935 1432 2216 1485 dienen
2261 1426 2402 1475 Bij
2447 1419 2588 1469 den
2634 1408 3007 1462 gouvernr

908 1576 1102 1631 ende
1146 1563 1294 1616 den
1338 1550 1580 1605 Raedt
1628 1540 1820 1593 jder
1867 1532 2059 1583 noch
2095 1521 2299 1575 voor
2345 1514 2587 1565 drije
2633 1507 2923 1560 achter

920 1684 1076 1738 een
1125 1664 1535 1726 volgende
1583 1645 1891 1706 jaeren
1941 1620 2452 1687 aengenomen
2502 1614 2605 1663 te
2652 1601 2910 1657 wesen

912 2012 1370 2091 Ariaen
1443 1999 1894 2055 vander
1960 1967 2418 2042 meijde
2486 1950 2642 2009 nu
2710 1945 2945 1994 een

1007 2105 1467 2178 geruijmen
1518 2098 1723 2149 sijt
1772 2095 1825 2141 s
1875 2084 2182 2139 comp„s
2231 2057 2694 2129 affaijren
2742 2036 2948 2097 inde

817 2050 899 2108 ƒ

939 2203 1297 2274 suijder
1345 2188 1855 2246 quartieren
1904 2182 2110 2233 voor
2157 2167 2720 2226 namentlijck
2769 2146 2974 2207 inde

901 2320 1180 2386 lande
1233 2306 1400 2361 van
1453 2293 1786 2349 madure
1836 2289 2062 2338 ende
2116 2273 2669 2333 Jansjouwer
2722 2260 2891 2317 tot

904 2409 1349 2481 volcomen
1400 2391 2120 2453 contentemendt
2173 2383 2396 2435 waer
2448 2367 2838 2426 genomen

913 2513 1098 2566 ende
1142 2506 1281 2557 ten
1325 2487 1828 2549 principaele
1873 2476 2193 2531 jncaijl
2238 2468 2467 2521 pasam
2511 2454 3060 2511 gestapileere

914 2596 1515 2676 dienvolgende
1564 2579 2011 2641 derwaerts
2059 2562 2458 2622 Bequaeme
2507 2559 3005 2607 gelegentht

908 2715 1061 2775 ten
1108 2696 1451 2757 dienste
1495 2687 1647 2740 van
1695 2684 1745 2730 d
1792 2680 1892 2730 E.
1939 2676 2234 2724 comp„e
2281 2662 2479 2720 uijt
2526 2651 2922 2704 gevonden

907 2815 1123 2874 ende
1173 2790 1551 2854 alreede
1586 2780 1819 2833 over
1872 2777 1980 2825 d'
2033 2768 2410 2819 twaelff
2462 2752 2839 2811 maenden
2887 2745 3000 2796 in

891 2901 1386 2972 qualiteijdt
1428 2891 1566 2944 van
1610 2868 2149 2933 oppercoopman
2193 2865 2463 2912 sond„r
2506 2856 3047 2910 verbeteringe

900 3015 1056 3070 van
1105 2998 1364 3057 gagie
1414 2990 1620 3040 maer
1669 2982 1878 3035 medt
1927 2977 2032 3026 d'
2082 2962 2392 3020 vorige
2442 2953 3010 3005 namentlijck

864 3131 914 3180 ƒ
952 3117 1053 3170 60
1095 3101 1284 3158 gul.
1327 3089 1469 3142 ter
1514 3079 1794 3132 maendt
1839 3075 2119 3126 sijnen
2164 3062 2444 3118 dienst
2489 3049 3001 3105 gepresteert

879 3217 1390 3296 hebbende,
1444 3201 1673 3258 ende
1712 3190 1899 3241 als
1954 3184 2068 3232 nu
2119 3167 2465 3229 sijnen
2519 3147 2747 3209 tijt

1079 3320 1763 3405 G'expireerdt
1818 3300 2046 3359 ende
2101 3269 2558 3344 ingesien
2613 3234 2954 3307 sijnde

863 3466 1042 3527 hoe
1098 3451 1332 3506 veel
1389 3443 1507 3493 d'
1543 3431 1680 3482 E.
1736 3411 2087 3473 comp„e
2140 3398 2319 3454 aen
2373 3356 2901 3439 vegulanse

901 3577 1121 3637 ende
1173 3524 2094 3617 g'experjmenteerde
2147 3512 2582 3567 dienaers
2635 3507 3018 3555 gelegen

898 3699 1015 3750 Is
1069 3681 1356 3743 werdt
1413 3674 1528 3725 op
1579 3650 1811 3714 sijn
1866 3615 2551 3692 aenbiedinge,
2607 3597 2836 3657 ende

869 3773 1706 3876 gelegentheijt
1756 3752 2026 3814 omme
2085 3729 2282 3793 dE.
2345 3696 2930 3771 compagnie

911 3933 1131 3989 noch
1183 3912 1403 3975 voor
1455 3887 1785 3953 eenige
1838 3863 2167 3928 jaeren
2219 3852 2385 3906 met
2438 3819 2932 3893 eerlijcke

903 4017 1648 4111 verbeteringe
1705 3997 1957 4062 naer
2015 3962 2513 4037 Merijten
2571 3945 2759 3999 int

904 4174 1154 4229 landt
1169 4166 1302 4214 te
1349 4148 1651 4208 dienen
1698 4144 1801 4192 d'
1848 4130 2051 4187 novo
2098 4115 2301 4172 voor
2339 4095 2550 4157 drie
2591 4086 2900 4138 jaeren

2504 4305 2802 4390 Inde

124 2322 194 2370 N

0 2522 161 2570 te

2573 529 2640 577 v
