3573 4958
2861 306 3032 354 733

511 309 684 382 July
719 292 851 349 ao.
888 282 1062 337 1646

937 472 1031 521 hoe
1062 470 1338 518 insulcker
1367 474 1520 522 forme
1550 477 1733 524 gelijk
1763 479 1855 525 ons
1886 480 2192 536 dreijghden
2221 492 2437 546 meerder
2465 503 2710 555 Joncquen
2740 511 2801 557 en
2831 512 3045 560 grooter

907 587 938 634 „
962 589 1212 636 Capitalen
1238 590 1377 637 sond:
1404 593 1460 639 't
1486 595 1569 641 ons
1597 596 1763 644 liever
1789 600 1927 646 ware,
1955 600 2065 646 want
2093 600 2260 651 buyten
2285 608 2344 656 in
2367 614 2452 662 zee
2477 618 2534 665 op
2560 621 2754 675 deselve
2780 631 2893 681 obel
2918 638 3090 701 souden

934 699 1100 752 weten
1133 707 1199 752 te
1232 707 1464 758 passen,
1495 714 1595 762 dat
1627 718 1860 767 onsmeer
1891 723 1991 770 der
2022 721 2287 770 voirdeel
2321 725 2420 771 als
2452 726 2552 773 den
2585 728 2953 791 Joncquinsen

953 824 1165 870 handel
1200 824 1378 871 wesen
1412 827 1590 876 soude
1624 831 1767 877 gem:
1801 832 2262 884 ongadinghdede
2296 841 2403 888 den
2434 841 2721 889 Chinesen
2755 845 2936 896 Toloq

908 936 1133 990 denmond
1165 945 1197 990 t
1228 945 1356 993 stil
1387 947 1518 995 ende
1548 952 1613 997 op
1644 953 1836 1000 houden
1867 953 1963 1000 met
1995 953 2316 1002 roncqueren
2346 958 2539 1006 vandat
2570 961 2731 1011 deses
2761 967 2989 1019 Coningh

917 1071 1147 1119 Jguans
1186 1068 1647 1118 broedersoude
1684 1073 1876 1121 wesen
1914 1074 2069 1121 ofte
2106 1075 2299 1124 wilde
2336 1079 2453 1127 hem
2490 1084 2607 1132 wat
2642 1090 2837 1153 laten
2871 1112 2987 1162 op:

848 1198 1147 1248 decken,
1189 1201 1361 1249 waer
1401 1195 1574 1245 mede
1616 1195 1830 1244 onsen
1872 1199 2085 1249 Tolcq
2127 1203 2556 1264 thuysquam,

807 1199 827 1245 G

719 1326 828 1372 adi
865 1326 938 1372 3:
974 1321 1084 1370 d:o
1119 1318 1193 1364 's
1230 1318 1448 1364 avonts
1485 1318 1777 1367 drevende
1813 1318 1959 1366 twee
1995 1315 2253 1370 Chinese
2286 1328 2579 1380 Joucquen
2615 1336 2726 1388 met
2760 1345 2989 1396 Jgnans

933 1421 1307 1471 ambassedeur
1341 1426 1443 1471 aff
1477 1425 1783 1476 beneffens
1811 1428 1851 1477 4
1884 1424 2361 1476 gecommitteerde
2394 1431 2497 1482 van
2530 1438 2701 1489 desen
2734 1445 2974 1495 Coningh

928 1536 1032 1585 aen
1066 1537 1239 1584 Jquan
1272 1538 1480 1586 hebben
1510 1541 1823 1591 denselven
1854 1545 1993 1592 voor
2028 1545 2096 1590 de
2130 1545 2303 1595 may:t
2336 1551 2510 1604 noeyt
2542 1561 2611 1608 te
2646 1563 2783 1609 hove
2817 1564 3028 1619 willen

925 1651 1132 1700 comen,
1165 1655 1339 1701 sulcx
1372 1657 1578 1703 sonder
1613 1657 1923 1705 audientie
1956 1661 2130 1710 gehad
2162 1667 2233 1713 te
2265 1670 2508 1722 hebben,
2540 1679 2715 1728 alles
2746 1685 2850 1732 met

924 1766 1421 1817 gecommitteerden
1453 1772 1586 1818 over
1619 1774 1686 1820 en
1718 1776 1884 1822 weder
1916 1778 1984 1824 is
2015 1781 2379 1836 verhandelt,
2411 1792 2677 1845 werdende
2709 1801 2876 1854 heden
2907 1811 3039 1861 nogh

925 1894 1025 1943 een
1054 1887 1221 1938 barcq
1253 1886 1483 1932 volsyde
1515 1888 1680 1935 verby
1711 1891 1778 1939 de
1810 1895 1973 1941 logie
2006 1896 2074 1945 na
2100 1899 2335 1953 deselve
2365 1910 2694 1963 affgevoert

650 2024 757 2070 ady
792 2021 898 2070 4:e
932 2017 1038 2065 d:o
1073 2011 1566 2061 lagenverhaelde
1601 2011 1883 2061 Joncquen
1918 2016 2059 2064 nogh
2093 2020 2236 2068 omde
2269 2025 2412 2072 hoge
2445 2029 2621 2076 hoecq
2656 2031 2798 2082 over
2831 2038 3013 2096 noor„

892 2126 1102 2176 „wegen
1137 2124 1379 2171 beneden
1413 2124 1725 2171 Catsiouw,
1759 2126 1966 2176 alwaer
2001 2131 2243 2178 geseijt
2277 2131 2416 2178 word
2450 2133 2554 2179 tot
2589 2134 2938 2192 overmorgen

920 2232 1124 2278 souden
1157 2234 1362 2281 blyven
1395 2236 1633 2284 wachten
1667 2239 1735 2285 na
1769 2240 1906 2290 nogh
1938 2247 2143 2299 eenige
2175 2255 2312 2301 syde
2345 2255 2482 2300 ende
2515 2256 2685 2305 andre
2719 2260 2991 2311 goederen

908 2332 1087 2384 diese
1121 2339 1265 2389 mede
1299 2345 1478 2394 nemen
1512 2350 1727 2399 souden
1761 2355 1905 2406 ende
1937 2361 2082 2409 nogh
2116 2365 2260 2415 niet
2293 2371 2579 2420 vaerdigh
2614 2375 2792 2423 waren
2827 2378 3006 2430 onder

916 2458 1144 2509 wijlen
1181 2464 1407 2510 werden
1443 2464 1635 2511 vande
1670 2468 1900 2524 maij:t
1933 2484 2348 2540 dappervoort
2386 2493 2689 2541 geprest,
2725 2497 3034 2550 apparent

916 2571 1027 2622 uyt
1062 2578 1281 2626 vreese
1317 2580 1427 2626 van
1463 2581 1609 2626 onse
1643 2582 1936 2640 Schepen,
1972 2596 2083 2647 die
2117 2604 2301 2655 haest
2336 2612 2482 2660 mede
2518 2616 2701 2665 staen
2736 2620 2846 2666 aff
2880 2619 2958 2667 te

882 2693 1170 2750 drijven,
1202 2704 1347 2752 omme
1383 2705 1490 2750 van
1526 2705 1775 2755 deselve
1810 2710 1884 2759 in
1918 2715 2026 2764 hee
2060 2720 2205 2771 niet
2239 2728 2633 2787 achterhaelt
2666 2743 2739 2789 te
2774 2745 2988 2801 werden

905 2830 1011 2876 soo
1046 2830 1398 2877 blyvenoocq
1433 2829 1538 2875 van
1573 2829 1855 2878 gevoelen
1889 2834 1995 2881 syn
2029 2837 2276 2886 hoogh:t
2310 2842 2592 2894 daeromme
2626 2849 2734 2900 met
2766 2857 3017 2912 d'esyde

906 2957 978 3004 te
1013 2956 1262 3006 leveren
1298 2959 1404 3006 soo
1439 2957 1618 3003 lange
1652 2958 2008 3006 tranieert,
2043 2961 2258 3011 meenen
2291 2967 2612 3014 misschijn
2647 2970 2862 3023 indien
2895 2980 3004 3030 wij

873 3088 1123 3141 deselve
1154 3089 1399 3140 hadden:
1434 3090 1504 3136 de
1539 3088 1818 3136 Chinesen
1851 3089 2306 3140 volgensouden,
2339 3096 2481 3146 want
2513 3103 2689 3153 heden
2722 3110 2827 3157 van
2859 3113 3044 3167 onga„

875 3207 1087 3255 „dingh
1120 3212 1296 3260 laten
1331 3215 1612 3261 vernemen
1644 3213 1928 3261 hebbende
1962 3215 2068 3262 wat
2102 3217 2350 3268 beschey
2383 3225 2419 3271 t
2453 3226 2735 3282 gisteren
2769 3238 2987 3295 vanden

895 3336 1155 3386 Coningh
1190 3338 1595 3388 onsentwegen
1632 3340 1928 3388 gecregen
1963 3343 2112 3393 had,
2147 3349 2223 3397 in
2258 3353 2553 3405 antwoord
2589 3361 2626 3406 e
2662 3361 2998 3420 beguampen

907 3449 979 3498 hy
1013 3454 1261 3507 deselve
1294 3463 1400 3509 met
1435 3464 1646 3512 eerder
1681 3465 1857 3511 wilde
1891 3466 2173 3520 leveren,
2208 3475 2490 3525 bevooren
2524 3480 2666 3530 alle
2699 3487 3054 3546 ingesamelt

900 3578 1034 3633 was,
1066 3588 1166 3634 als
1199 3589 1431 3637 wanneer
1464 3592 1564 3638 die
1597 3591 1829 3638 teffens
1862 3591 1962 3637 aff
1995 3593 2128 3642 doen
2160 3597 2359 3647 soude,
2393 3602 2592 3653 cunnen
2624 3609 2825 3663 onsent
2856 3620 3025 3674 wegen

894 3700 1046 3747 jnde
1085 3701 1237 3748 sake
1274 3702 1428 3750 niet
1465 3705 1732 3752 meerder
1770 3706 1885 3752 met
1922 3707 2228 3761 voirdeel
2265 3716 2648 3774 uytrechten
2684 3731 2994 3792 Jnvougen

883 3825 1038 3878 vast
1075 3834 1229 3881 (soo
1267 3836 1383 3883 ons
1419 3834 1767 3884 voorlaten
1804 3831 2035 3880 staen)
2073 3832 2265 3881 omder
2303 3836 2612 3895 Chinesen
2648 3852 2765 3904 (il
2801 3861 3035 3923 twacht

870 3955 1136 4006 hebben
1177 3961 1308 4007 tot
1351 3962 1655 4011 weynigh
1698 3959 2046 4011 voordeel
2089 3956 2306 4002 vande
2349 3956 2615 4020 Comp:e
2650 3979 2696 4026 —

747 1198 785 1244 6

2303 4105 2886 4174 Savondts

420 363 445 409 G

462 346 508 396 G

824 1912 847 1957 -
