3567 4801
2773 541 2993 615 989

353 1133 625 1188 Mijn
690 1121 1031 1175 heere

406 549 553 603 Aen
597 550 794 600 d'E:
841 556 1083 605 Heere
1130 560 1421 606 arnolt
1468 562 1856 615 Heussens

426 635 799 686 gouverneur
835 642 1169 694 directeur
1205 648 1355 695 over
1391 652 1505 699 des
1539 657 1577 703 E
1611 655 1836 704 Comp=s

1975 641 2358 699 Copia

416 727 776 774 ommeslach
815 729 895 776 op
934 731 1015 778 de
1052 733 1215 779 Cust
1253 735 1375 783 van
1413 740 1855 794 Chormandel,

412 822 527 868 en:
564 824 908 870 aencleven
945 825 1060 872 van
1098 824 1251 872 dien

908 1215 1010 1270 Bij
1039 1224 1110 1271 't
1142 1226 1310 1274 schip
1344 1229 1411 1274 de
1444 1229 1612 1275 vrede
1645 1230 1779 1276 dato
1812 1230 1979 1276 25=en
2013 1230 2180 1276 Iulio
2214 1228 2314 1274 a=o
2347 1228 2582 1276 passado
2615 1232 2750 1278 over
2782 1232 2883 1278 den
2916 1231 3053 1282 wegh

961 1320 1068 1368 van
1101 1320 1275 1367 cruce
1309 1320 1379 1367 de
1413 1323 1552 1370 gale
1586 1324 1657 1371 is
1689 1327 1898 1376 mijnne
1932 1331 2175 1379 laesten
2209 1334 2313 1380 aen
2348 1334 2383 1379 u
2417 1333 2486 1378 E:
2521 1330 2798 1378 geweest,
2833 1330 2937 1375 die
2971 1326 3077 1374 wij

971 1421 1306 1468 verhoopen
1342 1423 1491 1469 op't
1527 1424 1825 1470 behouden
1862 1425 2233 1474 arrivement
2270 1428 2382 1473 van
2419 1429 2567 1474 gem:
2602 1427 2790 1474 schip
2827 1426 3051 1473 costij

973 1531 1036 1578 (:
1064 1528 1159 1574 soo
1189 1527 1283 1573 wij
1312 1525 1438 1571 uijt
1468 1526 1561 1572 een
1591 1526 1870 1573 brieffken
1899 1527 1993 1573 van
2023 1527 2117 1572 s=r
2147 1527 2209 1573 de
2240 1528 2488 1575 gruijter
2518 1530 2642 1575 dato
2673 1529 2796 1575 8=en
2827 1524 3075 1573 october,

968 1641 1282 1689 vernemen,
1316 1640 1455 1686 daer
1489 1638 1594 1685 wel
1629 1638 1976 1685 aengecomen
2011 1638 2115 1683 was
2148 1637 2220 1683 :)
2254 1637 2671 1684 overhandicht
2705 1639 2914 1686 zullen
2948 1639 3133 1686 wesen

958 1748 1091 1800 ende
1122 1745 1254 1793 daer
1286 1744 1417 1790 uijt
1450 1744 1482 1789 a
1515 1742 1776 1789 contento
1807 1741 2069 1787 vernomen
2101 1742 2232 1788 sult
2264 1741 2492 1786 hebben,
2524 1740 2590 1786 't
2623 1739 2786 1785 geene
2818 1738 2917 1784 tot
2949 1737 3083 1784 dato

960 1851 1161 1900 indese
1195 1849 1528 1896 quartieren
1561 1849 1728 1895 (:soo
1761 1848 1862 1894 den
1895 1847 2162 1894 oorloogh
2196 1848 2296 1894 als
2329 1849 2563 1895 negotie
2596 1847 3093 1894 toucheerende:)

961 1961 1374 2010 voorgevallen
1407 1961 1510 2007 is,
1540 1959 1887 2006 mitsgaders
1921 1959 1990 2004 't
2024 1958 2093 2004 op
2127 1958 2366 2003 reijsen
2401 1958 2504 2004 van
2538 1959 2641 2005 den
2674 1958 2709 2004 E
2743 1957 3086 2003 commandeur

942 2064 1113 2112 Blocq
1147 2066 1250 2112 ten
1283 2068 1419 2114 hove
1453 2068 1555 2115 &=a
1589 2070 1725 2116 waer
1758 2069 1861 2115 van
1895 2068 2134 2114 indesen
2167 2068 2303 2115 (:om
2337 2069 2406 2115 uE
2439 2070 2541 2116 met
2574 2070 2711 2116 geen
2745 2068 3055 2117 noodeloos

945 2172 1237 2221 schrijven
1268 2171 1334 2217 te
1366 2170 1722 2217 verveelen:)
1755 2170 2046 2217 repetitie
2079 2170 2241 2218 doen,
2273 2173 2403 2219 maer
2435 2175 2533 2223 aen
2564 2178 2663 2224 die
2694 2174 2953 2226 gedrage,

829 2316 1072 2371 seedert
1106 2317 1243 2365 gem:
1276 2320 1413 2366 tijt
1447 2320 1583 2366 sijn
1617 2321 1720 2368 ons
1752 2322 1925 2368 veele
1958 2323 2095 2369 ende
2129 2324 2504 2372 verscheijde
2538 2324 2947 2372 swaricheeden
2981 2324 3084 2371 als

931 2421 1134 2472 moijte
1165 2420 1301 2466 voor
1333 2419 1600 2466 gecomen,
1633 2420 1966 2467 principael
1999 2420 2099 2467 nae
2133 2422 2199 2467 't
2233 2422 2566 2471 overlijden
2598 2425 2700 2471 van
2732 2427 2865 2475 d'E:
2898 2428 3101 2476 Blocq,

948 2524 1093 2571 doch
1129 2523 1310 2569 hebbe
1346 2523 1455 2569 ons
1490 2522 1600 2569 met
1635 2523 1708 2568 de
1744 2523 2142 2571 goddelijcke
2178 2527 2360 2573 hulpe
2395 2528 2612 2576 geret,
2648 2531 2757 2577 ten
2793 2530 3047 2578 dienste

955 2629 1062 2678 van
1097 2626 1240 2673 onse
1275 2623 1701 2671 principalen,
1736 2626 1842 2672 nae
1878 2627 2374 2678 d'gelegentheyt
2409 2631 2516 2677 ons
2551 2629 2906 2677 toegelaten
2941 2628 3083 2676 ende

945 2733 1042 2780 den
1074 2729 1202 2777 tijt
1234 2726 1395 2773 heeft
1428 2725 1621 2771 willen
1653 2725 1944 2774 gedoogen,
1974 2730 2072 2778 als
2103 2733 2136 2779 u
2167 2735 2232 2781 E:
2262 2732 2393 2781 voor
2424 2731 2618 2777 desen,
2649 2731 2747 2777 soo
2778 2730 2907 2776 over
2940 2729 3008 2776 de

915 2838 1055 2885 wegh
1090 2837 1195 2883 van
1229 2833 1510 2882 Wingurla
1545 2833 1651 2879 als
1685 2834 1965 2880 souratta
1998 2833 2175 2879 largo
2210 2834 2315 2879 en:
2348 2830 2525 2879 ampel
2560 2829 2665 2875 ten
2699 2825 3050 2873 overvloede

947 2946 1234 2997 vernomen
1269 2946 1411 2992 sult
1446 2943 1695 2991 hebben,
1728 2940 2014 2988 hebbende
2048 2938 2156 2984 wij
2191 2936 2262 2983 de
2297 2934 2546 2980 vrunden
2581 2934 2687 2979 wel
2723 2932 3022 2981 ernstich

923 3048 1467 3099 gerecommandeert
1503 3047 1649 3095 ende
1683 3049 1975 3097 versocht
2011 3052 2047 3097 u
2083 3052 2157 3099 E:
2189 3051 2301 3099 bij
2336 3045 2809 3096 gelegentheijt
2845 3039 3026 3088 alles

934 3151 1009 3200 te
1044 3154 1484 3201 deelachtigen
1519 3157 1812 3204 daerinne
1848 3157 2178 3203 vertrouwe
2213 3158 2361 3204 niet
2396 3157 2798 3205 naerlaetich
2835 3154 3095 3202 geweest

935 3243 1102 3292 sijn,
1135 3242 1234 3288 soo
1267 3242 1367 3288 dat
1399 3240 1532 3287 niet
1564 3240 1961 3293 'twijffelen,
1994 3248 2127 3296 ofte
2160 3251 2193 3296 u
2226 3251 2259 3296 E
2292 3251 2424 3296 hebt
2456 3250 2556 3296 van
2589 3246 2755 3294 alles
2788 3245 2887 3290 tot
2919 3245 3054 3291 dato

924 3365 1219 3416 (:wegens
1256 3364 1366 3411 den
1400 3362 1586 3409 stant
1621 3362 1951 3408 herwaerts
1986 3360 2134 3408 over
2170 3360 2243 3405 :)
2280 3359 2573 3405 volcomen
2608 3356 2944 3405 kennisse,

943 3469 1247 3522 becomen,
1285 3469 1399 3515 dat
1436 3468 1550 3515 ons
1588 3470 1855 3516 Indesen
1892 3463 2233 3516 excuseert
2271 3460 2498 3507 eenige
2536 3459 2878 3505 pampieren
2915 3457 2992 3506 te

935 3578 1235 3626 becladden,
1265 3577 1474 3623 (:alsoo
1504 3578 1713 3624 d'selve
1742 3579 2013 3629 noodeloos
2042 3584 2223 3631 achten
2251 3587 2371 3633 ende
2400 3587 2551 3634 wesen
2580 3590 2729 3635 soude
2759 3589 2819 3635 jn
2848 3588 2879 3634 E
2908 3587 2999 3633 toe
3028 3583 3088 3631 te

922 3680 1124 3732 zenden
1156 3688 1257 3733 ene
1290 3688 1524 3735 blijven
1557 3689 1658 3735 wij
1691 3690 1793 3736 met
1824 3691 1926 3737 den
1958 3692 2226 3738 persiaen
2259 3693 2360 3739 tot
2392 3694 2527 3741 dato
2560 3697 2627 3743 in
2660 3695 2827 3743 goede
2861 3693 3062 3741 vreede

920 3797 1064 3846 ende
1099 3796 1350 3843 conform
1385 3798 1600 3843 sijnne
1635 3798 2029 3847 toesegginge
2064 3802 2209 3850 ende
2243 3807 2529 3856 beloften
2564 3807 2995 3857 getracteert,

895 3909 1045 3957 waer
1082 3912 1233 3959 over
1270 3915 1421 3961 noch
1456 3913 1607 3961 niet
1645 3914 1720 3960 te
1756 3913 1983 3960 clagen
2019 3916 2282 3966 hebben,
2319 3921 2620 3969 godtgeve
2657 3924 2733 3972 't
2769 3927 2960 3974 selve

932 4023 1348 4072 continueeren
1382 4026 1521 4075 ende
1554 4030 1694 4076 d'E:
1727 4028 1969 4076 Comp=e,
2003 4027 2108 4074 den
2142 4028 2317 4076 vrije
2348 4032 2487 4078 ende
2522 4033 2976 4097 onbecommerden

931 4144 1131 4195 handel
1163 4140 1328 4188 (:als
1360 4139 1624 4186 verhoope
1656 4141 1756 4189 Jae
1787 4145 1919 4193 ende
1951 4146 2084 4195 niet
2113 4149 2182 4196 te
2214 4148 2543 4194 twijffelen
2576 4149 2642 4194 is
2674 4150 2741 4195 :)
2772 4152 3103 4211 gandeerens

912 4250 1068 4300 mach
1106 4247 1452 4298 d'advijse
1487 4243 1528 4290 /

1673 961 2212 1012 D'Erntfeste,
2256 968 2660 1021 manhafte,
2704 976 2839 1022 wel
2884 976 3109 1027 wijse

1554 1045 1721 1101 ende
1762 1055 1929 1104 seer
1971 1058 2472 1114 bescheijdene
2512 1070 2763 1122 Heere.

2639 4443 2842 4521 Hoe

0 603 290 655 Coninck

0 674 281 726 Heussen

0 749 190 800 aders

0 840 292 891 fraecken

0 907 276 973 mais

0 1004 252 1058 verleendt

2490 4513 2539 4558 c
