3642 4876
822 1081 1178 1131 datemlicht
1213 1080 1355 1125 inde
1391 1079 1710 1126 stactuere
1745 1080 1887 1126 ofte
1923 1080 2171 1126 negotie
2205 1078 2491 1125 boekjens
2526 1081 2668 1130 daer

835 1189 988 1240 ijder
1018 1187 1109 1234 H=r
1139 1186 1230 1231 syn
1260 1186 1594 1237 Reekeninghe
1624 1191 1716 1237 soo
1744 1191 1836 1237 als
1867 1190 2079 1236 betaelt
2109 1190 2261 1236 heeft
2291 1189 2443 1238 apart
2473 1194 2655 1243 staet,

828 1292 956 1340 bbel
987 1289 1115 1337 eens
1145 1288 1273 1334 naer
1304 1288 1465 1340 soude
1494 1297 1686 1349 hebben
1716 1305 1907 1353 cunnen
1938 1305 2065 1351 sien
2096 1302 2289 1350 gelijk
2319 1302 2478 1349 deh=r
2509 1294 2763 1348 vantzum)
2794 1292 3116 1352 Jnstructie

832 1398 945 1445 voor
972 1396 1086 1444 onse
1113 1393 1481 1440 verschijninge
1508 1396 1650 1445 heeft
1677 1401 1932 1454 latendoen
1959 1410 2073 1460 ende
2100 1416 2354 1464 soodanigh
2381 1418 2439 1463 is
2466 1419 2692 1468 bevonden
2720 1420 2805 1467 (de
2832 1423 3086 1475 ampliatie

642 1522 731 1569 Wij
760 1519 850 1565 had
879 1520 969 1566 den
997 1521 1205 1567 gehoopt
1235 1521 1385 1568 glijk
1413 1524 1591 1572 uEd:le
1620 1528 1887 1575 meermalen
1916 1530 2096 1581 hebben
2124 1537 2363 1590 versocht
2391 1546 2688 1596 'tComptoir
2717 1547 2747 1593 5
2775 1544 2836 1592 te
2865 1543 3045 1595 vooren

825 1638 949 1686 mede
979 1635 1166 1685 nevens
1197 1635 1352 1681 andre
1383 1636 1476 1682 van
1508 1637 1694 1683 eenige
1725 1636 1974 1683 provisie
2003 1638 2159 1684 soude
2190 1638 2377 1684 hebben
2407 1640 2628 1697 versien

2681 1662 3024 1712 daeromme

805 1747 929 1797 dogh
959 1747 1051 1794 tot
1080 1744 1233 1792 heden
1263 1743 1385 1789 niet
1416 1743 1690 1793 vernomen,
1720 1748 2025 1795 dierhalven
2055 1747 2238 1793 moeten
2268 1747 2331 1793 al
2359 1749 2581 1807 wederom

2680 1775 2911 1826 rtreck
2948 1781 3024 1828 te

826 1850 1000 1898 gelijk
1029 1847 1230 1895 voorige
1258 1844 1402 1891 Jaren
1431 1842 1604 1889 hebben
1632 1843 1805 1892 gedaen
1833 1847 1919 1893 van
1948 1847 2063 1893 hier
2092 1847 2178 1892 als
2206 1847 2437 1897 taijouan
2465 1853 2553 1902 die

2692 1893 2805 1940 van
2842 1895 3030 1942 goede

826 1961 952 2008 oock
983 1959 1108 2005 niet
1138 1960 1326 2006 gaerne
1355 1960 1482 2006 vant
1512 1961 1637 2007 hare
1668 1962 1855 2009 missen
1886 1964 2105 2012 ijetwes
2136 1967 2229 2012 tot
2260 1964 2604 2013 preservatie

2680 2011 2815 2061 wby
2857 2014 2955 2063 de

811 2078 928 2127 door
957 2080 1015 2126 de
1043 2079 1218 2126 sieken
1246 2082 1595 2133 procureeren,
1623 2085 1711 2132 die
1739 2085 2001 2134 Jaerlijcx
2029 2089 2145 2134 veel
2174 2089 2320 2134 comen
2348 2090 2406 2135 te
2435 2090 2639 2139 Sterven

2682 2132 2863 2180 roten
2898 2132 3010 2181 sij

825 2206 1005 2252 gelijk
1035 2205 1366 2252 d'Exempelen
1396 2206 1486 2254 int
1516 2209 1636 2256 dagh
1667 2211 1907 2258 register
1937 2212 2268 2260 g'insereert
2297 2216 2449 2263 sulcx
2478 2219 2569 2267 uij
2596 2221 2631 2268 t

2704 2236 2955 2286 waer

793 2331 1087 2381 wijsen,
1121 2328 1234 2375 soo
1270 2328 1417 2374 mede
1454 2328 1748 2376 hebbennu
1784 2330 1932 2377 twee
1966 2331 2152 2378 Jaren
2188 2333 2262 2379 om
2298 2334 2482 2381 shits
2517 2333 2629 2380 met

2678 2364 2938 2413 rhalen

829 2459 1098 2516 cleijne
1134 2450 1476 2502 gesaeijde
1512 2448 1894 2497 blommekens
1931 2453 2084 2504 voor
2121 2460 2235 2506 den
2272 2462 2501 2510 Coning

2671 2477 3008 2532 vande

821 2596 947 2643 ende
976 2593 1197 2640 grooten
1226 2588 1385 2640 ges=s
1416 2585 1541 2633 dogh
1572 2584 1698 2630 sijn
1729 2585 1855 2632 mede
1885 2585 2011 2632 niet
2042 2585 2418 2633 verscheenen,
2450 2588 2575 2635 hier

2678 2603 2859 2651 th:t:
2893 2602 3042 2649 ende

830 2724 1054 2769 aenlaet
1085 2720 1373 2769 denselven
1405 2720 1532 2767 sigh
1564 2722 1692 2767 veel
1724 2722 1948 2771 gelegen
1979 2726 2139 2772 sijn,
2170 2722 2235 2770 en
2266 2721 2331 2766 is
2363 2718 2618 2766 demeeste

2668 2718 2772 2770 en
2821 2722 2927 2771 11

2673 2834 3012 2890 enwendt

824 2846 1017 2893 gunste
1049 2848 1241 2896 voorde
1273 2850 1434 2895 Comp.
1466 2850 1499 2896 e
1530 2852 1658 2898 mede
1690 2853 2045 2902 t'erlangen,
2075 2858 2172 2905 dit
2203 2860 2302 2908 dan
2332 2864 2622 2916 soodanigh

2664 2971 2767 3018 gen
2800 2961 3038 3018 Egelijk

809 2978 1056 3030 sijnde,
1090 2974 1300 3021 sullen
1334 2974 1475 3021 sien
1508 2978 1578 3023 de
1613 2977 1822 3027 maij=t
1857 2981 1962 3028 met
1995 2981 2170 3029 ijets
2205 2981 2310 3026 wes
2344 2977 2554 3027 anders

2671 3079 3046 3130 incoopt,

826 3108 1008 3160 omme
1050 3103 1232 3152 niet
1276 3100 1591 3147 wederom
1635 3101 1726 3147 de
1768 3101 1949 3150 deur
1994 3105 2174 3151 voor
2219 3106 2353 3151 ons
2398 3089 2623 3151 hooft

811 3243 879 3291 te
911 3237 1146 3287 crijgen
1179 3235 1247 3282 te
1279 3227 1615 3280 begiftigen
1648 3228 1916 3274 dusverre
1949 3229 2016 3276 is
2049 3232 2217 3279 dan't
2250 3235 2619 3283 principalis
2647 3216 2716 3277 ie
2747 3211 2816 3259 de
2847 3205 3016 3254 Comp.
3050 3203 3084 3250 e

2679 3344 3055 3400 andeselve

824 3381 932 3430 uE.
965 3372 1072 3424 do
1105 3366 1211 3414 van
1245 3364 1385 3412 hier
1420 3364 1630 3410 hebben
1665 3365 2049 3414 t'adviseren
2084 3369 2189 3416 ons
2224 3370 2434 3417 vorder
2468 3369 2645 3415 refe

2694 3482 2932 3530 ischen

804 3510 1146 3570 rerende
1187 3508 1355 3557 aent
1397 3503 1816 3552 schrijvens
1858 3501 1942 3547 d'
1984 3501 2026 3546 E
2067 3500 2194 3546 H=r
2234 3498 2656 3545 gouverneur

2685 3622 2790 3673 soo
2824 3621 3005 3671 tsigh

829 3641 1100 3689 Francois
1134 3640 1303 3687 Caron
1336 3638 1439 3685 per
1472 3635 1947 3683 hillegersbergh
1980 3637 2084 3683 toe
2116 3640 2421 3689 gesonden,
2454 3641 2624 3688 mits

2682 3743 2949 3794 saysoen

790 3782 1040 3830 gaders
1075 3781 1183 3828 het
1217 3776 1646 3829 daghregister
1680 3775 1824 3821 ende
1859 3776 2073 3823 vordre
2109 3778 2430 3828 pampieren
2463 3782 2611 3829 hier

2670 3871 2944 3922 porven

789 3910 1094 3959 nevens
1143 3903 1449 3956 gaende

1557 456 1784 514 Ordre
1828 455 2053 501 offte
2092 454 2592 503 Instructie,
2636 456 2818 505 voor
2861 462 2999 513 den

1638 543 1841 592 onder
1880 545 2164 591 Coopman
2203 546 2446 596 Janvan
2485 552 2808 607 Kiebeecq
2847 563 3012 614 waer

1644 642 2024 692 naerhemende
2059 646 2128 691 de
2162 646 2369 691 verdre
2404 645 2819 700 overblyvende
2851 656 3058 716 Neder

1621 748 1974 796 landeren,
2008 744 2362 792 geduyrende
2396 745 2467 792 't
2501 747 2785 800 affoesen
2818 757 3039 812 vanden

2661 852 3089 908 hoeckhorst

2114 3984 2621 4041 hiermede

32 513 52 558 als

0 583 110 633 over
134 590 271 643 twate

106 656 248 715 dato

216 2345 247 2391 m

189 3986 265 4036 ht

2797 4027 2820 4073 ende

2426 881 2583 928 700

2755 287 2969 343 701

2814 181 2990 232 703
