3642 4883
1296 723 1721 775 Hendrick
1773 709 2093 766 Jansen
2111 704 2305 752 van
2357 693 2729 747 oedereb
2760 685 2938 736 int
2990 683 3257 731 landt

1363 834 1699 888 gecomen
1746 833 1889 879 met
1935 828 2173 877 schip
2219 825 2316 873 de
2351 813 2601 868 Vogel
2643 801 2980 856 struijs
3027 803 3123 849 ao
3169 798 3360 846 1643

1311 954 1522 1000 voor
1572 940 2156 999 Bosschieter
2203 940 2367 988 met
2418 938 2577 989 ƒ11
2628 930 2788 981 ter
2840 920 3158 974 maendt
3201 917 3432 966 wert

1316 1082 1507 1138 door
1550 1064 1975 1125 expiratie
2021 1063 2162 1110 van
2207 1056 2396 1108 tijt
2442 1047 2630 1101 inde
2674 1033 2911 1091 selve
2957 1023 3432 1075 qualiteijt

1320 1188 1628 1247 d'novo
1678 1180 1883 1231 voor
1932 1168 2189 1221 drije
2239 1159 2546 1212 jaeren
2597 1141 3108 1202 aengenomen
3155 1135 3364 1185 medt

1317 1306 1471 1356 een
1521 1292 2138 1351 tracktemendt
2186 1287 2343 1337 van
2393 1284 2548 1331 der
2599 1274 2856 1327 thien
2906 1257 3265 1316 guldens
3282 1248 3417 1296 de

1310 1413 1991 1482 verbeteringhe
2043 1405 2252 1457 ende
2303 1398 2670 1449 tnieuwe
2722 1389 3140 1442 verbandt
3191 1382 3401 1432 dato

1322 1543 1635 1598 deses
1696 1526 2198 1585 aenvanck
2260 1517 2699 1570 nemende
2755 1510 2824 1565 —

1258 1730 1597 1786 Gerrit
1652 1721 2049 1775 Janssen
2102 1717 2274 1765 van
2330 1697 2839 1761 Rotterdam
2893 1681 3122 1739 indt
3177 1666 3403 1720 lant

1319 1841 1643 1905 gecomen
1688 1838 1826 1885 met
1869 1831 2099 1881 schip
2141 1823 2418 1876 wesell
2462 1822 2555 1869 ao
2599 1818 2784 1867 1643
2826 1806 3011 1859 voor
3056 1793 3330 1850 Bossr„

1298 1981 1349 2030 a
1395 1974 1540 2023 213
1580 1960 1730 2016 ter
1776 1950 2063 2002 maendt
2109 1945 2302 1993 wert
2349 1942 2445 1989 op
2485 1935 2683 1989 sijn
2730 1913 3112 1978 vertoogh
3156 1891 3349 1953 ende

1276 2084 1853 2163 Bequaemheijt
1898 2074 2092 2127 mits
2139 2060 2570 2117 expiratie
2617 2053 2905 2104 sijnes
2952 2035 3383 2098 verbandts

1312 2230 1501 2282 ende
1546 2199 2158 2272 genegentheijt
2204 2196 2252 2243 d
2298 2189 2393 2240 E.
2439 2180 2721 2231 comp„e
2766 2169 2956 2224 noch
2995 2148 3284 2212 langer
3328 2138 3426 2188 in

1324 2341 1545 2394 jndia
1588 2336 1678 2384 te
1720 2327 1987 2379 dienen
2030 2317 2164 2370 Bij
2207 2305 2384 2359 dese
2427 2300 2517 2348 d'
2560 2294 2738 2342 novo
2781 2291 2870 2338 In
2913 2271 3356 2336 qualiteijt

1241 2476 1389 2532 van
1426 2455 1821 2518 quartier
1868 2445 2205 2498 meester
2253 2443 2446 2492 voor
2491 2432 2734 2485 drije
2781 2408 3410 2476 naestvolgende

1295 2579 1624 2645 jaeren
1676 2557 2217 2624 aengenomen
2270 2550 2487 2601 ende
2538 2541 2702 2592 een
2755 2526 3297 2584 Belooningh

1246 2718 1400 2768 van
1449 2701 1861 2761 sesthien
1911 2687 2271 2745 guldens
2321 2680 2476 2730 ter
2526 2667 2834 2722 maendt
2878 2647 3404 2711 toegeleijt

1312 2827 1888 2901 innegaende
1942 2810 2347 2870 tnieuwe
2403 2791 2863 2852 verbandt
2919 2784 3150 2835 ende
3201 2774 3322 2826 de

1265 2951 1875 3044 verbeteringe
1924 2942 2076 2994 van
2125 2930 2378 2985 gagie
2426 2921 2629 2973 dato
2679 2912 2932 2965 deses
2980 2903 3386 2955 aenvanck

1282 3072 1920 3146 nemende

1323 3347 1677 3405 Jochem
1736 3343 2031 3395 Boeck
2090 3341 2268 3392 van
2326 3327 2858 3385 Vrijburgh
2897 3310 3034 3369 in
3091 3299 3390 3350 jndia

1309 3485 1671 3545 gecomen
1720 3483 1825 3530 ao
1875 3474 2082 3525 1643
2132 3468 2286 3514 met
2334 3459 2594 3511 schip
2645 3457 2799 3502 den
2848 3449 3056 3502 haen
3105 3442 3261 3493 met

1319 3618 1507 3685 ter
1567 3600 1935 3658 maendt
1994 3588 2241 3644 wert
2302 3580 2547 3631 door
2607 3563 3159 3622 expiratie
3218 3557 3404 3606 van

1287 3737 1489 3791 tijt
1538 3732 1639 3779 jn
1686 3709 2189 3773 qualiteijt
2238 3704 2390 3754 van
2440 3689 2991 3749 Bootsgesell
3041 3687 3142 3733 d'
3191 3685 3392 3732 novo

1273 3873 1497 3930 voor
1547 3849 1826 3913 drije
1880 3834 2211 3892 jaeren
2264 3826 2432 3876 met
2486 3822 2651 3868 een
2702 3803 3368 3865 Tracktemendt

1261 3990 1421 4047 van
1473 3975 1737 4031 thien
1788 3957 2158 4018 guldens
2202 3957 2262 4002 p
2312 3952 2367 4000 r
2418 3939 2736 3995 maendt
2786 3918 3321 3982 aengenomen

1264 4127 1372 4174 d'
1423 4100 1963 4170 verteringe
2012 4090 2124 4144 en
2176 4084 2231 4131 t
2283 4073 2607 4127 nieuwe
2660 4062 3091 4117 verbandt
3144 4055 3361 4106 dato

1271 4244 1603 4325 deses
1667 4216 2196 4283 aenvanck
2258 4200 2601 4258 nemen
