3567 4883
1366 737 1717 797 Gerrit
1773 741 1889 787 d'
1945 738 2174 785 haes
2229 736 2406 785 van
2451 728 2803 789 Santen
2860 727 2975 774 in
3032 720 3320 771 jndia

1276 853 1696 905 gecomen
1755 855 1874 901 ao
1930 852 2171 902 1635
2195 842 2406 889 met
2465 841 2763 888 Schip
2818 839 3416 896 Maestricht

1298 996 1395 1045 in
1441 990 1910 1043 qualiteijt
1956 988 2098 1035 van
2143 988 2426 1035 Boss„r
2471 986 2707 1034 nader
2754 983 2942 1032 hant
2986 981 3417 1033 gevordert

1299 1141 1452 1187 tot
1502 1137 2010 1189 adelborst,
2060 1139 2263 1187 wert
2313 1138 2415 1185 op
2463 1129 2669 1180 zijn
2718 1121 3125 1172 vertoogh
3175 1114 3379 1164 ende

1258 1268 1909 1327 Genegentheijt
1957 1264 2059 1313 d'
2109 1264 2209 1309 E:
2259 1263 2510 1314 Comp.
2559 1266 2610 1312 e
2659 1261 2861 1310 noch
2909 1244 3211 1305 langer
3260 1241 3361 1287 jn

1267 1423 1507 1477 Jndia
1552 1422 1650 1468 te
1696 1420 2029 1473 dienen,
2075 1427 2267 1474 mits
2305 1430 2740 1482 experatie
2786 1429 3072 1479 sijnes
3119 1421 3454 1473 verbant

1254 1559 1384 1606 Bij
1427 1558 1643 1605 desen
1686 1558 1773 1606 d'
1815 1561 1989 1609 novo
2032 1563 2248 1610 drije
2291 1559 2551 1607 achter
2593 1557 2724 1604 een
2767 1556 3113 1604 volgende
3154 1547 3416 1601 jaeren

1279 1693 1793 1746 aengenomen,
1838 1692 2026 1739 ende
2073 1693 2214 1739 een
2257 1684 2726 1740 belooningh
2770 1686 2913 1737 van
2958 1692 3240 1740 vijff.
3283 1691 3339 1740 a

1281 1839 1514 1895 thien
1560 1828 1882 1882 guldens
1927 1828 2066 1875 ter
2111 1828 2343 1874 maent
2388 1830 2527 1878 toe
2567 1832 2986 1879 geleijdt,
3032 1833 3079 1879 t
3121 1833 3404 1881 nieuwe

1254 1991 1689 2041 verbandt
1742 1987 1961 2037 ende
2013 1980 2124 2031 d'
2177 1972 2830 2027 verbeteringe
2881 1970 3047 2019 van
3089 1954 3374 2013 Gagie

1576 2062 1815 2122 mo

1692 2129 2100 2188 october
2155 2125 2388 2174 1645
2438 2115 3023 2167 Innegaende

1262 2127 1493 2188 adij

1288 2584 1558 2634 Jacob
1610 2583 1933 2635 Jansen
1986 2585 2147 2639 van
2201 2593 2469 2640 weser
2521 2591 2631 2638 jn
2670 2584 2952 2633 jndia
3006 2577 3382 2628 gecomen

1249 2725 1366 2772 ao
1422 2717 1655 2768 1628
1709 2706 1885 2759 met
1938 2703 2232 2751 Schip
2288 2705 2348 2752 s
2404 2708 2752 2758 Graven
2808 2706 3042 2755 hage
3097 2712 3329 2763 voor

1246 2856 1844 2919 Bosschieter
1898 2838 2604 2899 jegenwoordich
2658 2836 3148 2893 adelborst
3201 2848 3366 2896 met

1263 3051 1319 3098 ƒ
1365 3029 1475 3084 12
1526 3019 1635 3071 d.
1684 3008 1740 3056 r
1792 3006 2112 3053 maendt
2165 3001 2431 3049 werdt
2484 2999 2590 3047 op
2634 2989 2855 3045 sijn
2907 2988 3337 3037 vertoogh

1271 3149 1499 3204 ende
1553 3129 2227 3189 Bequaemheijt
2283 3127 2508 3174 mits
2561 3121 2901 3172 ruijme
2957 3123 3408 3173 Experati

1251 3298 1506 3346 sijne
1557 3298 2014 3346 jonghsten
2064 3290 2470 3343 verbandt
2520 3284 2826 3335 d'novo
2876 3279 3080 3328 voor
3130 3272 3384 3324 drije

1247 3434 1560 3489 Achter
1610 3430 1768 3479 een
1819 3419 2237 3474 volgende
2285 3413 2602 3464 jaeren
2652 3408 2758 3458 in
2809 3396 3331 3453 qualiteijt

1252 3586 1404 3638 van
1445 3577 1902 3628 adelborst
1945 3572 2500 3622 aengenomen,
2541 3571 2750 3621 ende
2794 3568 2949 3614 een
2987 3556 3398 3612 behoning

1254 3730 1428 3778 van
1485 3724 2005 3776 vijfthien
2062 3718 2466 3766 guldens
2524 3720 2697 3766 ter
2754 3719 3101 3770 maendt
3158 3721 3332 3772 toe

1242 3872 1725 3926 geleijdt,
1777 3866 1993 3916 jnne
2043 3854 2368 3909 gaende
2417 3850 2852 3903 t'nieuwe
2903 3855 3336 3915 verbandt

1244 4026 1477 4074 ende
1533 4023 2406 4075 d'verbeteringhe
2461 4013 2637 4065 van
2693 4004 2986 4057 gagie
3011 4006 3276 4057 dato

1248 4193 1456 4240 als
1525 4190 1943 4239 vooren
