3567 4883
1273 649 1395 698 ende
1424 651 1691 702 t'verdere
1720 658 1809 705 van
1838 660 2046 711 malacca
2075 667 2165 714 p=r
2193 669 2432 719 d'ivolt,
2459 676 2549 724 als
2578 680 2639 728 t'
2666 685 2787 733 gene
2814 689 2904 737 p=r
2933 692 3052 741 cost
3081 696 3171 743 p:r
3199 699 3437 758 naeslant

1265 740 1515 786 becomen
1549 741 1658 788 van
1692 744 2015 795 Gewichte,
2049 751 2228 801 aloy,
2263 757 2407 808 ende
2441 764 2763 821 rendement
2796 777 3119 836 bevonden,
3153 793 3296 841 wert

1264 839 1301 885 u
1333 841 1440 887 Ed:
1474 840 1581 887 byj
1616 843 2003 894 d'Nevensaen
2038 849 2285 898 memorie
2319 854 2849 916 g'communiceert,
2882 873 3025 922 daer
3058 879 3165 927 toe
3199 883 3271 931 my
3304 888 3411 939 ome

1289 935 1601 982 cortheyjts
1632 937 1821 985 wille,
1850 941 1913 986 in
1944 941 2101 992 desen
2131 948 2258 997 oocq
2287 954 2601 1009 referere/.

1226 1082 1534 1129 Dengaende
1568 1084 1638 1130 t'
1670 1087 2116 1145 voorgevallen,
2149 1102 2287 1151 ende
2319 1108 2422 1156 den
2455 1112 2730 1170 toestant
2762 1126 2832 1176 in
2865 1132 3208 1194 Caylvatnam
3240 1151 3416 1211 onder

1255 1183 1318 1229 t'
1348 1185 1536 1231 gebiet
1566 1186 1754 1236 vanden
1782 1191 1940 1239 Neyck
1971 1194 2065 1241 van
2095 1197 2315 1249 madure,
2344 1206 2470 1255 daer
2499 1211 2595 1261 van
2624 1217 2720 1266 sal
2748 1223 2813 1271 in
2841 1228 2999 1280 desen
3028 1236 3154 1285 oock
3184 1241 3313 1289 geen

1267 1292 1476 1341 Verhael
1506 1292 1656 1340 doen,
1685 1295 1835 1341 maer,
1864 1297 1985 1344 omme
2014 1300 2373 1358 prolicxiteyt
2401 1314 2463 1362 t'
2491 1318 2761 1374 eviteren,
2789 1330 2881 1376 mij
2909 1333 3000 1382 tot
3029 1338 3091 1385 d'
3118 1342 3389 1394 Ingeleyde

1260 1402 1521 1451 copijen,
1552 1405 1649 1450 van
1681 1405 1811 1454 daer
1843 1410 1940 1456 p=r
1972 1411 2135 1459 viad'
2166 1415 2362 1467 terra.
2392 1423 2491 1473 ons
2522 1429 2620 1479 23.
2651 1435 2685 1481 '
2716 1437 2944 1493 passado
2974 1450 3334 1508 toegebracht

1267 1506 1548 1554 gedragen,
1578 1508 1704 1555 waer
1734 1510 1797 1557 by
1828 1512 1922 1560 uE:
1952 1516 2047 1563 d„/
2077 1519 2234 1568 onder
2264 1524 2484 1579 anderen
2513 1535 2576 1583 t'
2606 1539 2857 1596 behouden
2886 1552 3076 1608 varen.
3104 1565 3231 1616 (God
3260 1573 3416 1623 sylof

1260 1612 1420 1661 vant'
1450 1613 1608 1662 schip
1638 1618 1734 1665 den
1763 1620 1921 1668 haen,
1953 1623 2016 1668 t'
2047 1624 2582 1686 vooraffgescheepte
2611 1643 2738 1694 uijt
2768 1650 3115 1712 caylpatnam,
3144 1668 3240 1715 p=r

1242 1722 1311 1771 t'
1343 1721 1541 1767 Galjor
1573 1722 1640 1770 d'
1672 1726 1969 1775 Hascwint,
2001 1731 2331 1784 mitsgaders
2363 1739 2430 1786 d'
2461 1741 2858 1805 Impertinente
2889 1762 2957 1810 en
2987 1767 3416 1832 ongefundeerde

1234 1821 1590 1883 proceduren
1624 1821 1731 1869 der
1765 1825 2081 1877 portugesz
2116 1832 2223 1880 tot
2256 1837 2681 1899 becommeringh
2712 1857 2819 1905 van
2852 1862 3135 1923 s'Comp:s
3167 1879 3381 1941 handel

1249 1928 1379 1979 ende
1411 1928 1864 1978 prerogatijven:
1894 1935 1993 1983 ons
2022 1938 2154 1985 door
2184 1941 2476 1997 gedachten
2507 1953 2670 2004 neycq
2700 1961 2799 2012 ter
2828 1969 3057 2025 plaets.
3086 1983 3416 2049 voornoemt,

1247 2045 1346 2092 als
1378 2044 1445 2089 in
1476 2043 1641 2089 sijne
1674 2042 1904 2090 verdere
1936 2046 2133 2096 landen
2165 2051 2527 2111 toegestaen,
2557 2068 2624 2115 t'
2656 2070 2920 2131 protest,
2950 2088 3411 2162 contraprotestr

1252 2155 1374 2203 ende
1403 2154 1765 2202 provisionele
1794 2158 2095 2209 transactie
2124 2164 2276 2213 wegen
2304 2169 2366 2216 d'
2394 2173 2908 2241 parel-visscherije
2934 2199 3056 2249 voor
3084 2205 3417 2266 Capjepatnam

1245 2267 1376 2313 Daer
1409 2267 1474 2312 op
1506 2267 1799 2318 gevolcht,
1831 2273 1929 2320 als
1961 2275 2157 2322 anders
2189 2278 2320 2328 meer
2351 2284 2547 2338 sullen
2578 2294 2840 2353 gelieven
2870 2310 2938 2358 te
2968 2315 3234 2382 beoogen,

1247 2377 1312 2426 t'
1344 2375 1469 2422 gene
1500 2375 1594 2421 ons
1625 2376 1752 2425 voor
1781 2381 1938 2428 desen
1969 2383 2033 2430 in
2063 2385 2222 2436 meest
2250 2393 2346 2442 een
2375 2398 2440 2447 en
2469 2403 2533 2450 d'
2563 2405 2721 2458 selve
2750 2414 2940 2468 saecke
2969 2425 3349 2494 g'Occurreert

1245 2489 1312 2537 en
1345 2488 1378 2534 E
1410 2487 1508 2534 wat
1541 2488 1935 2546 advantagieus
1965 2503 2261 2556 successen
2292 2513 2423 2562 voor
2455 2517 2522 2565 d'
2553 2521 2619 2569 E:
2651 2525 2816 2575 comp.
2847 2531 2882 2578 e
2912 2535 2979 2582 by
3010 2539 3370 2594 continuatie

1236 2612 1374 2663 ende
1406 2609 1677 2657 vervolch
1710 2610 1914 2661 vanden
1946 2617 2150 2665 handel
2182 2622 2520 2680 derwaerts,
2552 2635 2824 2690 waerjnne
2856 2647 2923 2692 wy
2957 2647 3059 2696 ons
3091 2652 3397 2707 oordeels,

1248 2721 1310 2768 d'
1339 2721 1614 2769 portugesz
1643 2720 1767 2766 niet
1796 2722 2009 2771 meerder
2040 2726 2131 2772 als
2162 2727 2315 2777 sijl.
2344 2733 2376 2779 n
2405 2734 2498 2781 ons
2527 2737 2772 2787 behouven
2801 2743 2864 2790 te
2892 2747 3351 2814 condescenderen,

1243 2834 1376 2886 ofte
1409 2833 1670 2880 wijcken,
1703 2835 1768 2880 te
1801 2835 2062 2881 verhopen
2095 2836 2292 2887 staen,
2323 2842 2389 2888 Is
2421 2842 2553 2890 uEd:
2584 2847 2651 2893 by
2682 2849 2781 2897 den
2813 2852 3009 2905 mijnen
3041 2861 3141 2911 van
3171 2867 3335 2919 dato.

1221 2944 1395 2997 16=en
1429 2943 1666 2989 augusti
1699 2944 1801 2990 des
1835 2945 2140 2994 voorleden
2174 2949 2344 2995 Iaers
2377 2951 2818 3010 omstandelijck
2850 2966 3329 3037 aengeschreven,

1244 3048 1528 3096 hoedanich
1559 3048 1623 3095 nu
1653 3050 1748 3095 dan
1779 3051 1968 3099 verder
1999 3054 2063 3100 in
2093 3056 2250 3103 dese,
2282 3058 2408 3104 ende
2439 3059 2567 3109 meer
2596 3066 2943 3123 diergelycke
2973 3079 3324 3136 voorvallen,

1250 3150 1347 3196 tot
1377 3147 1670 3194 maintenue
1702 3148 1800 3196 van
1832 3152 1897 3198 's
1929 3154 2124 3201 comp=s
2155 3157 2351 3209 recht,
2381 3166 2446 3211 te
2478 3166 2770 3221 handelen,
2801 3177 3029 3231 wensten
3059 3187 3191 3238 uEd:
3221 3191 3384 3239 ordre

1248 3254 1336 3303 P=r
1365 3252 1566 3298 eersten
1594 3253 1653 3299 te
1680 3255 1854 3305 gemoet
1881 3261 2025 3310 sage,
2053 3266 2111 3311 te
2139 3266 2256 3312 meer
2282 3267 2456 3317 siende
2484 3273 2542 3319 d'
2569 3274 2773 3325 saecken
2799 3282 3059 3340 soodanich
3085 3297 3404 3359 geschapden.

1247 3364 1335 3410 dat
1364 3364 1540 3410 tegens
1568 3365 1774 3413 geseyde
1803 3368 2037 3416 vrunden,
2064 3370 2183 3416 ende
2212 3370 2593 3424 insonderheyt,
2621 3380 2740 3429 omme
2767 3385 2827 3433 's
2855 3389 3003 3440 comp.
3030 3397 3062 3444 s
3088 3401 3355 3462 capitalen

1240 3469 1337 3515 soo
1368 3468 1531 3515 verre
1563 3468 1726 3516 vande
1757 3473 1919 3520 handt
1951 3475 2016 3521 in
2048 3476 2113 3522 en
2145 3477 2373 3526 omtrent
2403 3483 2501 3531 ter
2533 3487 2761 3538 plaets,
2791 3495 3019 3547 d'selve
3049 3503 3309 3561 vrunden.

1239 3567 1365 3613 over
1394 3567 1520 3613 vele
1550 3568 1708 3616 Jaren
1738 3572 1926 3620 hebben
1957 3575 2333 3623 geremoreert,
2363 3578 2489 3627 ende
2519 3583 2802 3638 oversulcx
2831 3595 2926 3643 hun
2955 3598 3051 3647 een
3081 3604 3237 3655 recht

1239 3673 1334 3721 van
1364 3671 1741 3718 Jurisdictie,
1772 3673 1899 3719 ende
1927 3675 2241 3725 possessie,
2271 3678 2554 3725 contrarie
2584 3681 2679 3729 den
2709 3684 2867 3736 wille
2897 3692 2992 3742 ene
3022 3698 3273 3752 begeerte
3303 3707 3400 3755 van

1203 3787 1361 3838 Reycq
1391 3784 1582 3830 (welck
1614 3784 1709 3829 soo
1740 3784 1898 3830 lange
1930 3784 2278 3831 g'usurpeert
2309 3784 2531 3833 hebben)
2562 3788 2658 3835 tot
2689 3791 3006 3843 distructie
3036 3799 3133 3846 van
3163 3802 3385 3851 sComp=s

1237 3892 1540 3947 viercregen
1569 3888 1722 3936 caul,
1752 3887 1873 3933 ende
1903 3884 2299 3932 prerogativen,
2328 3886 2419 3931 met
2449 3886 2632 3934 gewelt
2662 3890 2905 3939 soucquen
2934 3895 3390 3958 t'approprieren,

1242 3995 1308 4042 te
1339 3992 1535 4039 cunnen
1565 3987 1892 4036 segureren,
1923 3984 2184 4032 gedurich
2216 3984 2282 4030 op
2314 3985 2477 4032 hoede
2509 3987 2704 4034 sullen
2736 3989 2931 4040 moeten
2961 3994 3094 4040 syn.

3205 4107 3238 4152 ƒ

1150 4139 1249 4187 Den
1280 4138 1381 4187 tyt
1412 4135 1480 4183 nu
1512 4134 1611 4180 tot
1644 4133 2071 4179 wedervertrecq
2104 4132 2202 4178 van
2235 4132 2269 4177 t
2301 4133 2498 4179 fluijt
2530 4133 2696 4181 schip
2728 4137 2925 4183 d'wols

1219 4231 1355 4280 naer
1387 4227 1622 4276 malacca
1655 4224 2024 4272 voorhanden,
2057 4224 2124 4269 en
2157 4222 2291 4269 alle
2325 4221 2392 4266 t'
2425 4222 2559 4268 gene
2592 4223 2727 4269 voor
2759 4225 2861 4271 dat
2893 4226 3161 4274 quartier
3194 4229 3398 4277 nodich

2676 4440 2940 4490 alhier
2983 4441 3073 4488 In
