3662 4773
1353 488 1697 540 Machmeth
1739 496 1910 546 sale
1953 501 2039 546 en
2081 501 2554 551 miermasoet,
2596 505 2725 551 ter
2768 505 2983 553 cause
3023 507 3155 554 van
3197 510 3419 558 onsen

1361 594 1940 644 rechtvaerdigen
1980 598 2310 647 oorloogh
2348 602 2475 648 met
2516 602 2640 649 den
2681 600 2970 648 Coninck
3010 605 3135 650 van
3175 606 3425 653 parsia

1353 703 1744 750 aengehaelt
1783 705 1861 750 :)
1901 705 1979 750 te
2018 705 2527 751 restitueeren,
2565 703 2800 750 welcke
2839 702 2957 748 uwe
2995 704 3504 755 doorluchtich=

1358 800 1556 848 bevel
1594 800 1952 848 aengesien
1991 804 2070 850 't
2109 805 2388 854 gemelte
2425 810 2623 856 schip
2663 808 3059 856 kortelingh
3098 808 3217 854 met
3256 810 3456 860 d'In„

1344 906 1580 960 gelade
1619 904 1929 951 goederen
1968 905 2201 951 aldaer
2239 907 2666 956 gelargeert,
2704 910 2860 956 ende
2898 912 3054 958 oock
3092 914 3325 961 alhier
3363 916 3441 962 in

1344 1012 1647 1061 souratta
1685 1011 1987 1058 behouden
2024 1010 2364 1056 gearriv„t
2402 1009 2554 1057 is:)
2591 1008 2704 1055 ten
2741 1007 2969 1052 vollen
3006 1006 3513 1057 achtervolght,

1357 1122 1519 1171 ende
1559 1121 1997 1167 naergecomen
2035 1119 2196 1166 sij,
2235 1116 2474 1164 sijnde
2513 1114 2673 1160 mede
2713 1113 2793 1159 de
2832 1113 3111 1162 questie
3151 1115 3469 1161 tusschen

1354 1224 1548 1273 sijne
1586 1224 1741 1270 magt
1778 1224 1894 1271 van
1932 1223 2201 1269 parsia,
2237 1222 2393 1268 ende
2431 1221 2547 1267 ons
2584 1218 2816 1265 (:naer
2854 1218 2969 1265 dat
3008 1219 3201 1266 hoogh
3238 1219 3507 1267 gedacht

1347 1318 1639 1368 Coninck
1680 1324 1887 1370 onsen
1929 1323 2220 1370 vijandt
2261 1319 2926 1368 achtumaeldouleth
2966 1322 3257 1368 conform
3298 1321 3507 1368 sijne

1365 1432 1802 1478 verdiensten
1841 1433 1960 1479 met
1999 1431 2079 1477 de
2118 1428 2278 1475 doot
2317 1428 2634 1474 gestraft
2673 1428 2872 1475 hadde
2911 1428 2991 1474 :)
3030 1426 3150 1473 ter
3187 1425 3392 1473 neder

1350 1541 1601 1589 geleijt
1636 1541 1743 1587 en:
1779 1541 1885 1587 met
1920 1539 2028 1586 den
2063 1538 2313 1584 anderen
2347 1537 2490 1584 (:op
2525 1534 2882 1582 approbatie
2916 1534 3023 1580 van
3057 1532 3236 1579 onsen
3272 1519 3487 1578 Ed=len

1345 1652 1465 1702 H„r
1503 1648 1895 1697 gouverneur
1927 1642 2285 1695 gener=l:)
2323 1641 2519 1689 alsoo
2558 1641 2753 1686 weder
2792 1641 2870 1686 In
2909 1640 3144 1686 vreede
3180 1633 3496 1686 geraeckt

1349 1749 1549 1802 sulcx
1586 1748 1668 1794 op
1707 1749 1826 1794 den
1864 1747 2063 1794 ouden
2102 1745 2261 1791 voet
2300 1744 2458 1790 ider
2497 1743 2616 1788 een
2656 1743 2893 1789 lijber
2931 1743 3091 1790 ende
3130 1742 3447 1789 vrystaet

1353 1857 1437 1905 de
1476 1850 1849 1902 persische
1890 1850 2179 1896 stromen
2219 1850 2302 1896 te
2343 1850 2715 1896 bevaeren,
2756 1851 2921 1896 waer
2962 1851 3127 1896 mede
3168 1850 3333 1896 niet
3374 1849 3463 1897 en

1364 1954 1742 2004 twijffelen
1778 1953 1930 2000 ofte
1968 1953 2082 1998 uwe
2119 1953 2724 2003 doorluchticheijt
2761 1959 2875 2005 sal
2912 1957 3064 2004 haer
3101 1956 3215 2002 ten
3253 1954 3486 2002 vollen

1367 2063 1487 2116 int
1524 2059 1642 2107 een
1680 2057 1758 2103 en
1797 2055 2069 2102 'tander
2107 2053 2263 2100 over
2301 2052 2418 2098 ons
2457 2049 2961 2097 gecontenteert
3000 2048 3272 2094 houden,
3311 2047 3466 2094 ver¬

1362 2159 1808 2216 seeckerende
1847 2156 1970 2204 uwe
2009 2153 2656 2201 doorluchticheijt
2694 2151 2817 2198 wij
2857 2150 3099 2196 altoos
3140 2149 3425 2196 genegen

1355 2262 1507 2309 zijn
1544 2262 1620 2308 om
1656 2260 1734 2307 in
1770 2258 1961 2305 vrede
1998 2255 2188 2302 (:die
2225 2253 2377 2300 godt
2415 2253 2529 2299 en:
2565 2252 2680 2299 den
2717 2251 2983 2297 mensche
3021 2246 3475 2296 behaeghelijk

1360 2365 1518 2412 is:)
1557 2362 1675 2409 met
1714 2358 1871 2406 alle
1910 2354 2303 2403 potentaten
2340 2353 2421 2399 te
2459 2351 2696 2397 leven,
2734 2352 2852 2400 als
2892 2353 3049 2400 maer
3088 2348 3402 2398 genieten

1334 2474 1546 2533 mogen
1586 2461 2002 2517 soodanigen
2043 2459 2500 2506 tractement,
2542 2461 2666 2506 als
2708 2461 2832 2506 bij
2873 2461 3331 2508 mandamenten
3370 2463 3499 2510 der

1353 2578 1825 2633 souveraijnen
1863 2571 2139 2623 (:wiens
2177 2567 2415 2616 landen
2454 2567 2572 2613 wij
2611 2567 3202 2615 frequenteeren:)
3240 2567 3376 2616 ons

1368 2686 1635 2735 vergunt
1673 2684 1788 2730 is,
1825 2681 1902 2728 't
1940 2681 2170 2727 welcke
2207 2680 2284 2727 In
2322 2678 2628 2725 souratta
2665 2676 2933 2724 (:onder
2971 2676 3085 2721 uwe
3124 2675 3467 2722 doorluch„

1333 2784 1712 2848 „ticheijts
1748 2782 2047 2830 schaduwe
2084 2781 2159 2827 :)
2196 2781 2308 2826 bij
2345 2780 2607 2826 mirzija
2643 2777 2905 2825 ameijna
2942 2773 3130 2822 (:die
3167 2771 3279 2817 ons
3314 2770 3469 2818 veel

1371 2892 1490 2941 eer
1529 2888 1687 2936 ende
1726 2886 1963 2933 deucht
2002 2885 2199 2931 doedt
2237 2885 2317 2931 :)
2356 2885 2474 2930 wel
2514 2880 2986 2930 achtervolght
3024 2874 3262 2924 wordt,
3301 2873 3498 2922 Edoch

1361 2999 1553 3049 onder
1591 2996 1705 3043 uwe
1743 2990 2392 3040 doorluchticheijts
2430 2989 2697 3035 broeder
2735 2988 2850 3034 den
2888 2986 3117 3033 prince
3154 2975 3499 3030 orangieel

1349 3102 1654 3152 gouverno
1691 3098 1883 3146 (:soo
1920 3096 1997 3143 't
2034 3096 2378 3142 schijnt:)
2415 3097 2645 3142 begint
2682 3097 2759 3143 te
2796 3097 3141 3143 haeperen,
3177 3097 3330 3144 waer
3369 3097 3485 3144 van

1311 3213 1422 3262 wij
1458 3208 1753 3257 onlanghs
1787 3206 1899 3255 een
1935 3203 2156 3251 preuve
2192 3202 2303 3248 tot
2339 3201 2486 3247 onse
2523 3202 2743 3249 groote
2780 3204 3184 3255 droefsheijt
3220 3207 3294 3253 :)
3330 3206 3478 3253 ver¬

1356 3311 1550 3362 nomen
1587 3307 1856 3356 hebben,
1892 3305 1971 3352 te
2009 3303 2201 3350 weten
2238 3302 2354 3349 dat
2391 3303 2622 3351 zijnne
2660 3306 2929 3355 hoogh„t
2966 3311 3043 3358 js
3081 3312 3475 3358 ammadabath

1362 3414 1612 3465 seecker
1647 3413 1719 3458 in
1755 3411 1933 3458 onsen
1969 3409 2183 3455 dienst
2219 3409 2505 3458 wesenden
2539 3413 2897 3464 Chirurgijn
2932 3419 3004 3464 (:
3038 3418 3146 3464 die
3182 3418 3254 3463 om
3288 3418 3432 3465 sijn

1361 3520 1679 3570 bedreven
1717 3519 1994 3566 misdaet
2032 3516 2152 3564 van
2191 3515 2311 3561 ons
2347 3516 2666 3562 gevlucht
2705 3516 2784 3562 is
2823 3514 2903 3560 :)
2942 3513 3259 3563 onlanghs
3297 3519 3418 3566 aen

1339 3627 1693 3678 gehouden,
1733 3627 1890 3673 ende
1929 3628 2047 3674 hem
2086 3628 2283 3674 tegen
2322 3629 2480 3675 onse
2517 3629 2715 3676 wille
2754 3629 2911 3675 ende
2949 3629 3147 3675 danck
3186 3621 3383 3674 heeft

1357 3732 1541 3780 laten
1576 3733 1942 3781 besnijden,
1979 3736 2125 3781 oock
2161 3735 2272 3781 ons
2308 3734 2638 3782 gedwongen
2674 3737 2785 3784 den
2820 3739 3187 3789 besneedens
3223 3743 3407 3790 goedt

1352 3836 1570 3883 Ind=os
1603 3835 1822 3882 handen
1858 3836 1930 3882 te
1966 3837 2292 3887 leeveren,
2328 3842 2401 3888 op
2433 3840 2617 3889 peene
2653 3840 2762 3886 van
2798 3841 2943 3888 onse
2978 3843 3160 3891 logie
3196 3847 3305 3894 tot
3340 3849 3449 3896 den

1339 3932 1510 3981 gront
1543 3936 1646 3984 toe
1680 3939 1749 3985 te
1783 3941 1954 3991 laten
1987 3947 2295 3996 raseeren,
2329 3951 2466 3999 en:e
2500 3953 2671 4000 alsoo
2704 3953 2807 3999 dit
2841 3954 3047 4002 gewelt
3080 3958 3458 4007 directelijk

1362 4044 1720 4092 strijdende
1756 4044 1864 4090 is,
1899 4046 2114 4097 tegens
2149 4053 2221 4100 de
2256 4056 2686 4108 privelegien,
2720 4064 2865 4111 door
2899 4067 3007 4115 uwe
3041 4071 3480 4135 doorluchtich

1355 4148 1462 4195 H=r
1496 4152 1674 4198 vader
1708 4154 1815 4201 aen
1849 4157 1957 4203 ons
1990 4159 2310 4210 verleent,
2343 4167 2451 4215 soo
2485 4171 2698 4220 hebben
2732 4176 2838 4222 bij
2873 4177 3087 4228 deesen
3120 4184 3300 4234 onsen

2924 4305 3359 4367 toevlucht
