3642 4876
2803 187 2972 243 703

923 483 1011 529 soo
1040 478 1276 526 verstaen
1304 480 1423 528 sult
1450 484 1746 541 denmeesten
1773 497 1949 544 dienst
1979 498 2126 544 vande
2154 498 2331 544 Comp:e
2360 499 2419 544 te
2448 499 2773 556 verEijschen
2800 513 2947 562 alsoo
2976 518 3100 569 onse

879 596 1174 645 principalen
1201 597 1308 643 haer
1335 598 1443 644 daer
1469 600 1658 649 aenveel
1684 604 1873 651 gelegen
1899 606 2061 656 laten,
2086 612 2249 663 voor't
2274 619 2436 667 Patria
2462 623 2651 674 blijven
2676 630 2758 676 ock
2784 631 3026 680 gerecomd.
3051 636 3084 684 t

916 713 969 760 t'
995 713 1262 759 ordonneren
1288 713 1449 760 eenige
1475 715 1714 762 peelinghs
1741 717 1821 763 tot
1847 718 1927 764 een
1954 719 2114 765 preuwe
2140 720 2194 767 op
2220 722 2275 767 te
2299 723 2435 773 laten
2459 730 2646 781 Coopen,
2672 736 2860 787 deselve
2885 743 3050 798 dienen

921 835 1207 884 heelschoon
1233 835 1348 881 ende
1376 835 1462 883 wit
1490 838 1547 884 te
1575 840 1717 887 wesen
1745 842 1888 888 geljk
1915 843 2002 890 bij
2028 844 2115 890 ons
2142 845 2313 892 gesien
2341 847 2484 893 hebt,
2512 848 2768 897 doorgaens
2795 853 3093 908 aengenomen

859 954 1082 1002 werden,
1113 956 1209 1002 met
1240 955 1463 1005 cleijne
1495 960 1750 1009 cierl.jk
1781 963 2005 1010 blmkens
2035 965 2131 1011 wel
2163 965 2355 1014 gewert
2385 970 2610 1020 staenna
2638 975 2768 1021 alle
2799 976 3125 1025 apparentie

919 1075 1134 1124 opulent
1163 1077 1345 1124 genoch
1375 1079 1527 1125 aente
1557 1081 1710 1129 komen
1738 1086 1920 1133 voor't
1949 1087 2133 1133 Patria
2162 1088 2345 1136 sulter
2374 1092 2496 1139 500:
2526 1095 2708 1145 stucks
2737 1100 3010 1155 versenden

916 1196 1024 1244 daer
1051 1198 1187 1244 onder
1214 1200 1268 1246 50
1295 1201 1485 1248 schoone
1512 1204 1676 1255 effene
1701 1211 1810 1258 d„os
1836 1213 1891 1259 en
1918 1213 2000 1260 100
2026 1214 2298 1263 Chioulaas,
2324 1218 2405 1264 die
2432 1218 2514 1263 ten
2540 1218 2703 1265 prijse
2730 1219 2812 1265 als
2838 1220 2921 1268 bij
2946 1224 3030 1271 ons

920 1321 1123 1369 gekocht
1151 1322 1298 1370 sijn,
1325 1325 1412 1371 dat
1441 1325 1499 1370 18
1528 1325 1644 1371 maes
1672 1327 1789 1373 voor
1816 1329 1875 1374 de
1903 1330 2135 1379 gebloide
2163 1332 2280 1379 ende
2308 1333 2481 1382 19maes
2510 1337 2626 1383 voor
2655 1338 2887 1388 d'effene
2914 1344 3038 1392 ende

908 1443 1224 1494 Chioulaas
1258 1439 1363 1487 is)
1396 1436 1537 1482 sult
1571 1435 1853 1483 aenslaen

525 1602 660 1653 Ende
693 1596 792 1645 ten
823 1586 1056 1640 aensien
1088 1584 1188 1631 als
1220 1583 1485 1631 voormelt
1518 1585 1882 1631 ditsaijsoen
1914 1587 1981 1632 't
2012 1585 2279 1634 Capitael
2310 1590 2443 1636 voor
2476 1590 2641 1636 Japan
2674 1590 2806 1636 niet
2839 1590 3071 1639 t'eene„

889 1693 1047 1741 „mael
1076 1695 1389 1742 (omredenen
1420 1696 1764 1742 aengeroert)
1794 1695 1858 1741 is
1888 1695 2076 1741 cunnen
2107 1695 2327 1746 verseth
2357 1703 2576 1754 werden,
2607 1708 2670 1754 en
2699 1704 3014 1753 dierhalven

921 1808 1006 1856 bij
1034 1809 1345 1856 Resoluijtie
1373 1810 1458 1856 van
1485 1811 1570 1856 17.
1598 1811 1627 1857 e
1655 1811 1852 1858 Passado
1880 1811 1937 1856 in
1964 1810 2304 1862 Radebesloten
2331 1817 2726 1866 'toverschieten
2754 1821 2840 1867 dat
2867 1823 2924 1868 d.
2950 1820 2980 1866 .
3007 1818 3041 1865 —

940 1933 1021 1980 syn
1047 1928 1317 1977 bedraeght,
1344 1929 1452 1974 hier
1479 1929 1532 1974 te
1558 1928 1694 1974 laten
1719 1926 2017 1972 verblijven,
2044 1926 2152 1971 omme
2179 1927 2395 1976 tegenons
2421 1932 2583 1981 Retour
2609 1936 2664 1981 in
2690 1925 2961 1981 behoorlijk

927 2050 1195 2099 Coopmans.
1223 2052 1254 2098 r
1283 2053 1402 2098 voor
1431 2050 1580 2097 Japan
1608 2049 1846 2095 behalven
1875 2049 1964 2095 dat
1994 2050 2113 2096 voor
2142 2051 2409 2098 Nederland
2438 2048 2882 2099 gepredestineert
2912 2048 2971 2093 is
2998 2046 3062 2093 te

920 2174 1183 2223 versetten
1211 2174 1299 2221 soo
1328 2174 1475 2219 blyft
1503 2175 1561 2220 uE
1590 2171 1969 2220 gerecommand:t
1998 2171 2115 2220 ende
2144 2175 2349 2222 bevolen
2377 2176 2465 2222 soo
2493 2175 2611 2221 veel
2639 2174 2757 2221 syde
2785 2176 2902 2223 ende
2931 2174 3082 2222 goede

924 2293 1146 2342 bequame
1177 2296 1398 2342 Stoffen
1429 2294 1745 2341 aenteslaen
1776 2294 1871 2339 als
1902 2294 1997 2340 dat
2028 2294 2281 2341 Capitael
2312 2293 2470 2340 boven
2501 2292 2596 2338 den
2627 2291 3069 2340 vaderlandschen

924 2419 1110 2466 Eijsch
1140 2421 1543 2469 bereijkensal,
1574 2424 1883 2472 mitsgaders
1914 2425 2100 2471 delijk
2131 2426 2224 2472 tot
2255 2425 2472 2472 meerder
2501 2423 2843 2472 aentemaeken
2873 2423 3061 2476 tegen—

922 2547 1059 2593 onse
1092 2548 1329 2597 compste
1363 2551 1771 2597 t'anmineren,
1803 2551 2179 2600 omdenhandel
2212 2554 2280 2599 't
2314 2553 2518 2600 gehele
2548 2549 2993 2599 Jaarlevendigh
3026 2549 3096 2599 te

926 2676 1102 2726 houden
1131 2681 1248 2727 waer
1277 2681 1395 2728 door
1424 2681 1629 2729 deselve
1658 2681 1834 2726 sullen
1863 2679 2068 2726 intreyn
2097 2678 2303 2724 blijven
2332 2678 2537 2725 meerder
2566 2678 2625 2725 en
2654 2674 2859 2722 deselve

930 2801 1221 2848 Curieuser
1251 2801 1610 2848 aentemaken,
1641 2804 1739 2851 als
1769 2808 1867 2853 wel
1899 2808 2190 2854 ordinaris
2221 2806 2287 2852 de
2318 2802 2610 2850 Soumongij
2641 2798 3101 2847 sultinquantite

940 2938 1078 2986 tegen
1106 2938 1161 2983 15
1188 2934 1326 2982 masen
1353 2935 1464 2980 alse
1490 2935 1600 2981 heel
1628 2935 1793 2982 schoon
1820 2936 1931 2982 sijn
1957 2937 2177 2984 incoopen
2205 2939 2260 2984 de
2286 2935 2562 2984 gestreepte
2589 2935 2837 2981 Flnobelen
2863 2930 3057 2981 sonder—

930 3063 1054 3112 gout
1084 3067 1422 3114 latenmaken,
1452 3068 1606 3114 alsoo
1636 3069 1698 3115 de
1728 3071 2004 3118 Japanders
2034 3072 2127 3119 die
2157 3075 2250 3121 met
2280 3077 2433 3125 goude
2464 3080 2679 3128 strepen
2708 3080 2832 3128 niet
2862 3075 3049 3125 langer

926 3201 1446 3251 aengenaembennen,
1478 3202 1642 3248 edogh
1674 3204 1805 3252 maer
1836 3207 1935 3254 tot
1966 3210 2032 3255 50
2064 3210 2097 3255 a
2129 3211 2227 3256 100
2259 3212 2358 3259 stx
2389 3214 2682 3263 tegendrie
2714 3215 2780 3261 d.
2811 3214 2845 3259 o
2876 3206 3042 3259 ijder

912 3341 1041 3387 want
1072 3342 1200 3388 maer
1232 3342 1520 3388 saldienen
1551 3341 1679 3388 omdo
1711 3341 1904 3389 wevers
1934 3344 2255 3397 tegewennen
2285 3352 2382 3397 tot
2413 3345 2606 3396 sulcke
2637 3344 2701 3390 en
2731 3340 2860 3387 geen
2891 3339 3021 3385 goud
3051 3336 3084 3382 t

923 3485 1243 3534 gestreepte
1272 3480 1530 3532 fluwelen
1561 3479 1657 3525 als
1689 3480 1914 3533 geseijt
1945 3488 2074 3536 op't
2104 3492 2296 3541 getauw
2328 3496 2392 3541 te
2423 3491 2647 3541 stellen
2679 3488 2808 3536 daer
2838 3482 2935 3531 ul.
2966 3480 2999 3526 s
3025 3475 3063 3525 —

902 3624 1237 3674 mondelinge
1270 3629 1605 3676 vermaninge
1638 3630 1906 3682 dagelijx
1939 3637 2174 3683 neffens
2207 3637 2275 3683 te
2308 3631 2609 3681 gebruyken
2642 3624 2776 3675 hebt
2808 3621 2910 3668 soo
2942 3619 3081 3668 oock

922 3756 1126 3804 goeden
1158 3760 1361 3809 Caneel
1394 3764 1463 3810 te
1495 3765 1833 3815 voorschijn
1867 3770 2036 3815 compt
2069 3770 2273 3817 mooght
2304 3771 2508 3818 voor't
2540 3767 2745 3817 Patria
2777 3764 2913 3811 mede
2945 3759 3049 3809 wel

922 3895 997 3942 10
1032 3896 1180 3948 p„lo
1216 3897 1509 3949 aenslaen
1543 3894 1693 3942 ende
1728 3896 1877 3944 naer
1911 3901 2168 3948 Batavia
2205 3903 2462 3950 senden,
2497 3897 2791 3947 ommegelt
2827 3893 3011 3941 onder

2661 4042 2959 4097 de

0 422 284 489 causeert

0 554 48 601 t

173 567 286 621 gewees

199 696 276 743 dat

15 938 82 984 p.
116 938 250 986 meer

0 1179 67 1226 er

0 1282 63 1328 vij

140 1294 236 1342 sen

0 1546 146 1594 er

0 1666 263 1714 tsaijsoen

0 1789 125 1837 witt

138 1781 253 1830 ttes

2795 305 3000 359 702
