3567 4801
2773 507 2961 557 922

582 568 970 631 January
1024 552 1245 610 1646

946 729 1238 797 getrocken,
1263 724 1353 774 den
1382 717 1899 769 Coninckaengediendt
1926 711 2101 761 sijnde
2129 709 2244 755 noch
2270 701 2589 754 Veelegeldts
2615 694 2704 744 bij
2730 689 2790 737 de
2815 671 2991 732 vrouwe

909 844 998 893 was
1024 832 1172 887 heeft
1200 829 1259 875 't
1288 826 1405 873 huys
1434 823 1551 870 doen
1580 818 1842 868 besetten,
1869 813 1988 863 ende
2015 806 2192 858 belast
2220 802 2338 849 daer
2366 796 2571 847 geweldt
2599 793 2658 840 op
2683 786 2746 837 te
2772 779 2891 828 doen
2919 778 2949 824 —

942 949 997 995 d'
1021 934 1295 992 bewaerders
1320 930 1376 977 om
1403 929 1458 974 d'
1484 920 1757 973 eerstwille
1781 913 1947 964 hebben
1972 908 2109 957 eerst
2135 906 2191 952 d'
2217 900 2381 950 vrouwe
2407 891 2626 944 gedoodt,
2650 883 2761 934 ende
2785 867 3006 926 daernaer

948 1046 1070 1102 haer
1098 1038 1277 1090 selven
1304 1031 1453 1081 laten
1482 1021 1777 1075 doodtslaen
1806 1013 2043 1065 hebbende
2068 1008 2160 1058 den
2190 998 2396 1053 Coninck
2425 994 2544 1043 maer
2571 992 2603 1039 3
2630 989 2662 1035 a
2691 987 2721 1034 4
2746 966 3018 1029 Operdauws

938 1143 1242 1215 bevonden

947 1260 1238 1323 agelicx
1275 1242 1689 1302 wanneerden
1729 1233 2018 1287 Coninck
2057 1228 2223 1277 maer
2263 1205 2716 1272 aengediendt
2755 1193 2925 1247 wort

950 1372 1114 1424 ergens
1138 1364 1302 1416 eenigh
1328 1361 1464 1408 geldt
1490 1357 1572 1404 Is,
1598 1353 1680 1401 dat
1706 1350 1815 1398 laet
1841 1347 1950 1394 niet
1977 1343 2167 1392 geweldt
2193 1335 2437 1387 voorderen
2462 1325 2626 1378 sonder
2650 1314 2842 1369 aensien
2864 1307 2922 1357 of

943 1480 1041 1534 het
1071 1465 1322 1523 Bramines
1351 1462 1415 1509 of
1446 1460 1509 1506 te
1539 1453 1728 1503 groote
1759 1449 1884 1496 ofte
1914 1443 2134 1492 geringe
2165 1439 2416 1488 personen
2446 1427 2607 1484 sijn,

936 1632 1183 1696 desen
1228 1612 1573 1673 Coninck
1621 1605 1769 1658 van
1816 1592 2260 1649 Carnatica
2305 1581 2456 1636 die
2502 1571 2652 1625 dan
2700 1563 2848 1614 8oo
2895 1559 2946 1606 —

935 1736 1350 1802 onrechtvoerdigh
1376 1723 1681 1779 gouverneert
1705 1717 1818 1768 (800
1845 1715 1873 1761 s
1899 1709 2094 1760 Weereld
2120 1706 2177 1753 't
2202 1704 2314 1750 niet
2340 1701 2397 1749 op
2422 1696 2535 1745 sijn
2561 1689 2755 1740 laesste
2781 1686 2865 1733 Is)

944 1857 1064 1911 moet
1090 1844 1294 1900 sterven
1322 1839 1438 1888 ofte
1466 1832 1582 1882 sijn
1609 1816 1957 1875 Coninckrijck
1986 1807 2275 1861 verliesen,
2302 1804 2390 1851 dus
2415 1787 2736 1849 discourecrt
2762 1780 2880 1830 men:
2908 1778 2997 1826 Int

948 1953 1363 2024 Carnatische
1398 1947 1513 1996 hof
1547 1938 1775 1989 vanden
1811 1916 2301 1981 Coninckselver
2336 1910 2376 1959 —

646 2146 779 2205 den
821 2138 908 2188 22
946 2127 1036 2178 d.
1072 2120 1122 2170 o
1162 2110 1293 2162 soo
1330 2101 1594 2154 alhier
1634 2094 1809 2146 naer
1851 2091 1981 2138 dat
2021 2085 2196 2136 door
2236 2074 2712 2130 mancquement
2753 2070 2887 2122 van

955 2234 1169 2291 requist
1199 2222 1445 2278 Capitael
1475 2220 1690 2267 eenigen
1718 2218 1812 2265 tyt
1842 2210 2180 2262 genoughsaen
2209 2205 2394 2255 buyten
2423 2198 2639 2249 Posture
2668 2187 2884 2241 geweest

938 2353 1039 2402 ende
1062 2347 1139 2397 met
1163 2344 1214 2391 't
1236 2331 1563 2387 alsergrootste
1586 2326 1812 2375 verlangen
1835 2323 1937 2370 naer
1961 2313 2286 2368 eenichsecours
2310 2308 2510 2358 dageliex
2535 2296 2785 2353 uijtgesien
2808 2287 2959 2340 hadden

937 2451 1254 2512 eijndelijck
1280 2447 1339 2494 't
1367 2440 1511 2491 schip
1538 2437 1626 2484 den
1653 2434 1769 2482 Haen
1797 2434 1884 2480 uyt
1912 2424 2113 2479 Tagouan
2140 2418 2256 2467 over
2284 2410 2486 2462 Malacca
2514 2406 2629 2454 (den
2656 2394 2950 2450 aemogenden

933 2571 1018 2624 sij
1043 2561 1261 2613 daervoor
1285 2554 1368 2604 ten
1393 2546 1637 2598 hoochsten
1664 2542 1880 2591 gedanckt
1906 2539 2015 2587 ende
2040 2531 2285 2583 gepresen)
2306 2525 2392 2575 ter
2417 2518 2554 2569 rhede
2580 2514 2662 2562 met
2687 2512 2769 2558 een
2793 2510 2824 2557 —

922 2662 1416 2734 voortreffelijck
1447 2651 1742 2704 cargasoen
1774 2648 2070 2696 bestaende
2103 2644 2234 2693 uijt
2267 2638 2398 2689 2613
2428 2629 2497 2681 h.
2528 2622 2561 2667 .
2592 2619 2659 2667 9½
2688 2611 2823 2662 maer
2851 2607 2888 2655 —

936 2783 1143 2840 swaerte
1170 2769 1376 2827 Chinees
1403 2763 1581 2812 Goudt,
1609 2761 1698 2808 15.
1724 2758 1756 2804 0
1784 2756 1814 2802 l
1843 2754 1990 2801 taijl
2019 2749 2224 2799 sappans
2251 2735 2662 2792 schuijdsilver,
2689 2731 2779 2780 434
2807 2727 2985 2775 Cattij

928 2888 1078 2943 witte
1107 2881 1255 2931 rouwe
1282 2870 1549 2925 Chineesse
1578 2868 1726 2914 sijde
1751 2865 1815 2914 25
1844 2863 1933 2910 str
1961 2857 2228 2909 verlackte
2255 2852 2375 2901 Comp
2403 2846 2641 2896 toirkens
2669 2844 2729 2892 17
2758 2839 2908 2887 Picol

931 2992 1138 3045 g'olyt
1169 2979 1408 3036 pampier
1440 2976 1578 3024 8760
1611 2973 1714 3020 str
1746 2968 1884 3018 fyne
1915 2957 2290 3014 porceleynen
2322 2952 2493 3001 20000
2525 2940 2730 2995 Cattij
2760 2927 3002 2984 alluijn

938 3107 1073 3165 1200
1103 3090 1334 3149 Cattijs
1365 3081 1564 3134 radicx
1595 3073 1793 3125 China,
1825 3072 1924 3118 650
1956 3067 2186 3117 Cattijs
2218 3065 2417 3113 galiga
2448 3063 2612 3114 97764
2643 3059 2711 3107 lb
2741 3051 2972 3102 suijver

937 3221 1057 3276 thin
1079 3212 1202 3261 ende
1228 3206 1290 3255 10
1318 3198 1494 3249 lasten
1521 3188 1903 3242 formotaensche
1932 3183 2167 3232 smecolen
2194 3175 2401 3227 t'samen
2429 3172 2518 3219 met
2544 3167 2664 3217 2650
2693 3166 2752 3211 h.
2781 3166 2811 3211 l
2829 3151 2897 3212 7½
2920 3136 3041 3192 maes

923 3317 1344 3390 swaertehoudt,
1375 3309 1504 3361 ende
1534 3304 1601 3353 61
1631 3297 1824 3347 Otaijl
1855 3294 2080 3342 Jaavans
2112 3277 2529 3338 schuijtsilver
2560 3270 2753 3321 (welcq
2781 3258 2912 3313 omme

932 3434 1057 3487 niet
1086 3426 1269 3478 teveel
1296 3422 1360 3471 op
1388 3415 1542 3465 eener
1569 3407 1724 3457 Bodem
1753 3407 1815 3453 te
1844 3400 2118 3452 risioeren
2148 3397 2240 3443 met
2268 3393 2331 3441 't
2360 3382 2664 3438 fluytschip
2691 3370 2876 3425 d'Wolf

927 3542 1118 3598 Nevens
1146 3534 1275 3585 noch
1303 3529 1370 3578 82
1401 3528 1433 3574 O
1463 3519 1717 3573 theijld.
1747 3516 1811 3563 o.
1842 3511 2032 3561 silver
2063 3507 2190 3555 uijt
2221 3506 2285 3551 'T
2316 3497 2569 3551 Hagoaans
2598 3484 2884 3540 Cargasoen

2911 3482 2947 3528 -

926 3668 1023 3723 P=r
1051 3661 1116 3710 't
1144 3651 1301 3704 schip
1329 3638 1579 3694 schiedam
1609 3634 1734 3682 naer
1763 3625 1981 3678 suratte
2012 3623 2074 3670 en
2105 3620 2291 3667 partia
2320 3603 2755 3663 geprojecteert,
2784 3597 2909 3647 voor
2938 3595 2972 3642 —

922 3764 1142 3821 Malacca
1171 3752 1422 3807 gelight,
1453 3741 1795 3796 midtsgaders
1825 3738 1951 3785 noch
1981 3729 2200 3783 partije
2230 3725 2355 3773 thin
2385 3716 2698 3770 oliphanten
2726 3707 2854 3760 als—

944 3866 1158 3925 andere
1190 3847 1726 3908 Coopmanschappen
1760 3843 1833 3892 p.
1867 3842 1904 3889 r
1939 3837 2188 3889 'tfluyt
2223 3833 2402 3881 schip
2435 3812 2831 3875 maeslandt.—

928 3979 1027 4031 van
1053 3969 1218 4022 Bat:a
1250 3963 1473 4014 volgens
1502 3957 1633 4007 Haer
1662 3953 1761 4000 Ed:
1791 3944 2143 3999 toesegginge
2173 3934 2494 3987 derwaerdts
2523 3930 2590 3977 te
2620 3918 3004 3973 verschyjnen,

927 4089 1153 4143 daerop
1186 4082 1265 4132 In
1300 4069 1528 4126 corten
1562 4061 1752 4112 staet
1789 4058 1865 4105 te
1900 4054 2165 4101 volgen,
2200 4053 2314 4101 ter
2350 4045 2614 4098 mouture
2651 4043 2764 4089 van
2800 4040 2839 4086 —

942 4225 989 4273 ƒ
1019 4193 1559 4275 862336„3„48¾
1601 4165 2175 4235 geparesseert,
2219 4158 2395 4208 daer
2439 4156 2572 4203 met
2614 4149 2925 4201 become—

0 1112 268 1162 verseeckert

0 1212 100 1259 oof
134 1212 234 1258 hem

0 1308 201 1354 odat

153 1406 194 1451 x
