3703 4828
1378 631 1749 687 Robijnen
1795 642 2073 691 werden
2118 644 2581 698 jaerlijcks
2626 649 2904 697 Binnen
2950 649 3090 696 Doa
3135 652 3367 700 uijt„

1385 744 1784 801 portugaal
1826 744 1960 790 met
2003 742 2270 790 groote
2313 742 2800 789 quantiteijt
2844 739 3331 787 aengebracht

1394 847 1481 897 en
1521 844 1607 891 jn
1648 839 1817 887 dese
1859 833 2196 883 gewesten
2237 831 2617 878 vertiert,
2658 831 2785 877 tot
2826 827 2953 875 een
2994 819 3247 871 preuve
3288 812 3499 864 soude

1401 949 1556 1000 uijt
1594 940 1977 993 nederlandt
2015 938 2169 984 voor
2206 937 2246 983 w
2282 938 2322 984 a
2360 937 2475 982 12.
2512 935 2551 981 t
2589 933 2819 979 gulden
2857 931 2972 978 van
3011 931 3049 976 1
3083 926 3202 976 tot
3240 925 3279 971 5
3314 918 3472 971 ende

1406 1041 1773 1092 weijnige
1819 1039 1956 1086 tot
2001 1037 2093 1084 10
2137 1031 2459 1084 corante
2502 1021 2778 1073 connen
2822 1015 3191 1065 gesonden
3233 1014 3510 1062 worden

1408 1147 1493 1198 om
1533 1145 1615 1191 t'
1654 1136 2103 1189 ondervinden
2143 1135 2266 1181 wat
2307 1126 2714 1181 voordeelen
2753 1117 3080 1169 renderen
3120 1112 3373 1161 connen

1403 1237 1571 1288 ende
1611 1235 1736 1282 den
1777 1234 2024 1281 eijsch
2064 1232 2230 1279 daer
2271 1229 2437 1276 naer
2477 1227 2560 1272 't
2600 1215 3055 1271 dierigeren,
3094 1210 3343 1260 groote
3384 1211 3430 1259 —

1400 1330 1779 1383 consumtie
1821 1329 1906 1375 is
1947 1326 2074 1373 van
2115 1322 2368 1370 dittos
2408 1317 2662 1366 jndese
2703 1314 3125 1361 quartieren
3166 1313 3464 1362 wanneer

1391 1432 1628 1482 schoon
1666 1427 1866 1477 sijn,
1904 1423 2063 1471 ende
2102 1420 2300 1467 soude
2340 1418 2696 1465 jaerlijck
2734 1413 2894 1461 voor
2932 1410 3052 1456 soo
3091 1410 3131 1455 t
3170 1410 3449 1456 guldens

1377 1532 1666 1583 connen
1713 1516 2240 1575 gedebiteert
2288 1514 2623 1561 werden,
2671 1514 2767 1559 de
2812 1513 3055 1560 pegus
3102 1513 3401 1561 vallen

1383 1623 1812 1679 schoonder,
1854 1615 2111 1668 eenige
2152 1609 2282 1660 die
2323 1606 2623 1654 deselve
2664 1607 2795 1653 van
2837 1609 3008 1655 daer
3049 1606 3435 1655 herwaerts

1394 1723 1702 1772 brengen,
1739 1719 2124 1767 verclaaren
2161 1717 2240 1764 op
2277 1710 2470 1761 ditos
2508 1710 2585 1755 80
2623 1710 2701 1756 p.
2738 1710 2777 1755 r
2816 1708 2931 1755 C„o
2969 1705 3123 1751 ende
3162 1702 3469 1750 somtijts

1388 1814 1721 1867 meerder
1767 1814 2333 1864 advanceeren,
2379 1813 2475 1862 d'
2515 1808 2804 1862 adviso

1348 2022 1789 2071 Esmerauden
1832 2019 2096 2067 werden
2138 2017 2315 2064 hier
2359 2017 2535 2062 mede
2577 2016 2755 2062 seer
2798 2015 3106 2061 begeert
3150 2012 3458 2059 wanneer

1335 2120 1618 2172 suijver
1658 2118 1819 2164 ende
1859 2115 2019 2163 heel
2059 2107 2300 2160 bruijn
2340 2104 2541 2151 groen
2581 2103 2782 2150 sijn,
2822 2104 2942 2150 tot
2982 2102 3103 2148 een
3142 2098 3424 2147 monster

1381 2218 1599 2272 soude
1641 2212 1815 2262 hier
1856 2206 1988 2256 wel
2029 2199 2160 2249 een
2200 2189 2548 2244 weijnich
2591 2189 2721 2235 van
2764 2189 2851 2235 12
2893 2189 3023 2235 tot
3062 2186 3153 2234 25
3195 2179 3458 2230 caraat

1380 2313 1562 2362 voor
1607 2312 1653 2358 a
1696 2311 1834 2358 8oe
1878 2305 1970 2355 10
2013 2301 2061 2349 l
2104 2291 2377 2344 gulden
2417 2284 2694 2335 connen
2738 2278 3101 2328 gesonden
3146 2277 3419 2324 werden

1365 2406 1613 2462 indien
1652 2406 1817 2452 goet
1857 2400 2184 2452 voordeel
2224 2396 2430 2444 geven
2469 2389 2756 2440 conden,
2797 2384 2879 2432 de
2918 2382 3166 2430 minste
3204 2387 3450 2437 soudet

1336 2510 1509 2563 hier
1551 2504 1638 2554 30
1678 2497 1852 2547 ende
1893 2490 2194 2541 d'eeste
2236 2486 2323 2534 60
2365 2480 2494 2529 gul
2535 2476 2708 2524 ende
2750 2474 2879 2520 soo
2921 2473 3179 2519 voorts
3221 2474 3393 2520 naer

1357 2596 1735 2658 advonant
1781 2583 2063 2639 ijeder
2109 2578 2391 2627 caraat
2437 2567 2766 2621 present
2811 2560 3093 2610 haelen
3139 2558 3427 2606 connen

1310 2764 1497 2813 Jnde
1542 2760 1775 2809 mijne
1821 2759 1960 2805 van
2005 2760 2145 2806 den
2191 2761 2284 2807 24
2331 2760 2701 2808 Januarij
2747 2757 3025 2805 hebben
3071 2757 3164 2802 ud
3210 2756 3257 2802 e
3298 2752 3442 2800 aen

1346 2857 1793 2912 gecundicht
1832 2857 2059 2904 hoed'
2103 2858 2280 2903 twee
2323 2852 2724 2903 pendanten
2766 2841 3035 2896 robijn
3078 2837 3345 2885 Balijs

1350 2959 1487 3011 aen
1530 2952 1665 3001 den
1709 2947 2157 2996 gouverneur
2201 2942 2514 2992 miersia
2557 2934 2828 2986 amijna
2871 2935 2961 2980 op
3005 2925 3411 2980 abrobatie

1366 3051 1641 3112 vanden
1685 3043 2005 3094 Coninck
2048 3044 2232 3090 voor
2276 3044 2368 3090 40
2407 3040 2686 3089 Oropia
2730 3035 3094 3084 vercocht
3138 3030 3412 3079 hadde,

1364 3160 1537 3211 ende
1577 3153 1706 3204 dat
1748 3151 1833 3198 d'
1874 3143 2087 3194 selve
2129 3138 2300 3187 naer
2340 3132 2511 3181 sijn
2553 3124 3062 3177 maijesteijt,
3099 3120 3447 3171 gesonden

1356 3247 1682 3305 waeren,
1727 3244 1868 3292 van
1914 3241 2100 3287 waer
2143 3236 2287 3286 den
2333 3235 2566 3283 27.en
2611 3224 2938 3279 passado
2982 3220 3078 3268 t'
3124 3211 3357 3263 rugge
3403 3210 3450 3256 —

1336 3350 1723 3414 gebracht
1768 3337 1962 3394 sijn
2010 3334 2154 3380 met
2201 3321 2825 3378 aenschrijvens
2872 3319 3016 3365 dat
3064 3317 3304 3364 vande
3351 3318 3402 3364 —

1334 3447 1737 3505 juweliers
1780 3440 1961 3490 niet
2005 3432 2275 3485 hooger
2316 3427 2454 3476 als
2498 3423 2589 3471 30
2632 3414 2902 3466 Oropia
2944 3395 3486 3457 geestimeert,

1329 3541 1523 3592 ende
1570 3536 1717 3584 met
1764 3525 2153 3580 swaerder
2199 3521 2347 3569 als
2394 3518 2492 3565 90
2539 3508 2880 3561 caraadt
2928 3486 3461 3552 g'extimeert

1343 3632 1529 3691 sijn,
1562 3624 1711 3675 dier
1745 3616 2076 3668 oorsaacke
2111 3612 2331 3659 jndien
2367 3608 2513 3657 voor
2549 3602 2696 3652 dien
2732 3595 2915 3646 prijs
2950 3591 3061 3639 ons
3096 3578 3502 3635 affstandich

1357 3715 1680 3779 waeren,
1725 3713 1954 3761 soude
1998 3706 2136 3757 hij
2181 3699 2318 3749 die
2362 3689 2774 3743 aennemen,
2819 3688 3002 3735 offt
3044 3679 3458 3732 ingevalle

1347 3819 1557 3867 ditos
1598 3809 1936 3864 begeerde
1977 3808 2062 3854 te
2103 3803 2314 3851 laten
2356 3800 2860 3851 uijtsteecken
2902 3799 3113 3851 soude
3154 3796 3281 3843 hij
3322 3793 3449 3840 dan

1356 3924 1532 3972 naer
1576 3924 1973 3972 advenandt
2017 3920 2150 3968 dat
2193 3916 2503 3964 meerder
2546 3915 2767 3961 offte
2811 3912 3076 3961 minder
3118 3903 3386 3955 wegen.

1328 4036 1688 4096 betaelen
1731 4031 2000 4080 twelck
2043 4028 2223 4076 niet
2262 4020 2580 4073 geraden
2623 4017 2892 4065 conden
2936 4008 3205 4062 vinden

1337 4150 1503 4200 maer
1543 4143 1752 4194 hebbe
1794 4142 1919 4188 d'e
1957 4138 2168 4188 selve
2209 4136 2334 4183 hem
2374 4135 2541 4181 voor
2583 4134 2708 4181 die
2748 4129 2957 4182 prijs
2996 4098 3414 4173 (:connende

1338 4257 1534 4310 niet
1582 4254 1776 4301 meer
1820 4248 2211 4299 crijgen)
2258 4244 2646 4293 Behouden
2694 4235 3033 4288 laaten,
3077 4225 3274 4279 waer
3321 4214 3468 4268 van

1334 4361 1474 4413 een
1518 4354 1656 4404 ten
1699 4347 2022 4399 hondert
2062 4342 2250 4394 voor
2294 4330 2935 4385 maeckelaerdije
2979 4322 3401 4377 affgaande

2874 4475 3288 4530 suijver
