3703 4828
1284 519 1415 598 Wat
1445 563 1736 622 snijder
1774 578 1942 627 ende
1983 582 2438 636 vaderlantse
2479 592 2810 640 Retoeren
2850 594 3182 644 daermede
3222 600 3512 653 derw=ts

1381 667 1548 715 gaen,
1582 670 1784 720 sullen
1816 676 1850 722 u
1883 678 2051 726 Ed=ts
2084 680 2185 726 bij
2218 682 2487 732 behouden
2519 688 2821 737 aencomste
2854 692 2956 739 van
2988 695 3056 741 't
3088 697 3257 747 schip
3289 702 3526 754 nassour

1382 774 1523 824 voor
1556 775 1627 822 de
1660 778 1935 827 receptie
1965 781 2142 828 deses
2175 784 2279 830 p=r
2312 784 2382 831 de
2416 783 2691 832 gesonden
2725 786 2967 834 notitie
3000 790 3276 841 vernomen
3310 797 3517 847 hebben

1374 870 1503 918 ende
1535 872 1631 918 bij
1663 873 1759 919 non
1791 874 2015 922 paresse
2047 877 2175 923 uijt
2206 878 2304 926 den
2335 881 2623 928 gelijcke,
2654 883 2784 930 ende
2815 886 2880 932 't
2911 888 3168 936 bedragen
3198 891 3295 936 van
3327 891 3521 942 beijde

1374 981 1480 1028 der
1513 984 1790 1033 scheepen
1824 988 2135 1034 ingeladen
2170 988 2722 1036 Coopmanschappen,
2757 990 2895 1036 uijt
2929 989 3000 1035 de
3033 991 3172 1037 twee
3205 992 3276 1038 de
3310 994 3517 1044 factur

1378 1097 1443 1145 (:
1473 1096 1602 1142 hier
1634 1097 1985 1146 ingeslooten
2016 1096 2207 1145 gaende
2239 1096 2303 1141 :)
2335 1096 2590 1142 gelieven
2622 1096 2685 1141 te
2717 1095 2940 1141 beoogen
2972 1096 3100 1141 waer
3132 1096 3227 1141 toe
3259 1096 3355 1144 bij
3386 1099 3514 1146 dese

1366 1202 1749 1253 gelegenth„t
1780 1208 1852 1255 (:
1885 1208 1989 1254 dat
2023 1208 2093 1254 in
2127 1207 2266 1253 gem:
2300 1204 2473 1251 vogel
2508 1202 2750 1249 struijs
2784 1202 2924 1248 twee
2957 1205 3200 1252 schoone
3233 1207 3512 1260 arabisch

1381 1307 1556 1354 Jonge
1591 1307 1835 1353 paerden
1870 1307 2183 1352 gescheept
2218 1306 2357 1352 sijn
2392 1306 2532 1351 ende
2566 1306 2741 1352 ditos
2776 1307 3055 1354 voeragie
3089 1310 3264 1357 onder
3298 1312 3510 1362 andere

1372 1411 1634 1463 partije
1670 1410 1931 1456 alreede
1967 1410 2079 1456 tot
2115 1409 2301 1455 laste
2338 1408 2450 1454 van
2487 1408 2598 1454 ons
2635 1409 2895 1455 Compt„r
2932 1410 3229 1456 gebracht
3266 1409 3340 1456 is
3377 1405 3452 1453 :)

1349 1518 1501 1568 noch
1539 1517 1577 1563 3
1615 1516 1843 1562 stucks
1879 1513 2184 1561 gevoeght
2220 1513 2449 1559 hebbe,
2486 1513 2601 1560 die
2638 1516 2791 1562 hier
2825 1516 2980 1563 niet
3017 1516 3131 1563 als
3169 1516 3321 1561 voor
3358 1515 3477 1563 een

1356 1622 1599 1670 geringe
1632 1619 1807 1667 prijs
1841 1617 2050 1663 souden
2084 1615 2293 1662 hebben
2326 1614 2536 1661 moeten
2570 1615 2883 1661 affstaen,
2917 1616 3021 1662 off
3056 1617 3126 1662 't
3159 1617 3230 1663 jn
3264 1616 3508 1664 oncoste

1370 1718 1740 1767 eyndelijck
1776 1719 1923 1764 haer
1960 1717 2180 1764 selven
2217 1717 2657 1763 consumeeren,
2694 1718 2914 1764 sijnde
2950 1717 3061 1762 een
3097 1717 3207 1762 van
3243 1716 3467 1765 drijen

1360 1826 1514 1884 mede
1550 1824 1662 1871 een
1699 1826 1886 1872 hoogh
1923 1826 2109 1873 Jongh
2146 1826 2370 1873 Arabis
2406 1823 2668 1870 paerdt,
2705 1822 2966 1869 laetst,
3003 1819 3115 1867 met
3151 1818 3226 1863 de
3264 1817 3490 1864 fluijt

1363 1931 1721 1983 overschie
1760 1931 1878 1977 van
1918 1929 2116 1976 mocha
2152 1930 2628 1976 aengebracht,
2667 1930 2786 1975 &de
2825 1929 3180 1975 naderhant
3219 1926 3456 1973 aenden

1352 2035 1711 2085 gouvern=r
1751 2035 1989 2081 Miersa
2029 2035 2267 2081 Amijna
2306 2033 2466 2080 voor
2505 2032 2625 2078 450
2664 2031 2784 2077 R„a
2824 2029 3103 2077 gevent,
3142 2023 3470 2073 dewelcke

1370 2143 1444 2188 't
1479 2140 1664 2187 selve
1699 2140 1774 2187 't
1811 2140 2068 2186 seedert
2104 2139 2399 2186 Nassouws
2433 2139 2729 2185 vertrecq
2764 2137 2875 2183 aen
2912 2137 3060 2183 mijn
3095 2134 3505 2184 particulier

1372 2248 1447 2300 (:
1482 2247 1589 2292 tot
1625 2247 1732 2292 een
1767 2245 2052 2291 teijcken
2087 2244 2194 2290 van
2230 2244 2444 2290 groote
2479 2245 2835 2293 vruntschap
2871 2247 3013 2293 ende
3049 2247 3479 2299 minnelijcken

1368 2362 1520 2414 omme
1556 2359 1742 2406 gangh
1778 2358 1890 2404 met
1927 2357 2039 2403 den
2075 2358 2409 2404 anderen:)
2444 2354 2557 2402 wel
2594 2354 2854 2399 vereert
2891 2351 3113 2399 heeft,
3150 2350 3299 2397 doch
3336 2346 3485 2395 niet

1367 2463 1440 2509 te
1476 2462 1587 2509 min
1622 2463 1696 2509 de
1732 2464 2134 2510 reeckeningh
2170 2466 2279 2512 van
2316 2466 2717 2513 schenckagie
2753 2467 2936 2514 goedt
2972 2465 3191 2511 gedaen
3227 2464 3337 2510 is,
3373 2460 3483 2508 dit

1363 2572 1548 2619 beest
1585 2572 1769 2619 heeft
1806 2572 1917 2618 een
1953 2571 2139 2616 quade
2174 2572 2397 2622 manier
2433 2577 2544 2624 dat
2580 2579 2692 2625 soo
2728 2580 2913 2626 licht
2945 2580 3023 2627 om
3059 2572 3504 2624 hooghsprijng

1358 2687 1495 2736 ende
1527 2685 1835 2732 somwijlen
1869 2686 2210 2732 achterover
2241 2687 2413 2734 valt,
2447 2688 2549 2734 dat
2582 2688 2685 2734 een
2718 2688 2856 2735 goet
2885 2688 3127 2736 ruijter
3160 2687 3365 2734 (:daer
3399 2685 3501 2732 van

1348 2793 1496 2841 geen
1533 2791 1756 2838 kennis
1793 2792 2089 2838 hebbende
2125 2792 2200 2839 :)
2238 2794 2349 2841 wel
2386 2796 2794 2846 beschadigen
2830 2801 3016 2850 zoude
3053 2804 3201 2850 doch
3238 2800 3498 2849 geloove

1358 2903 1495 2951 door
1528 2901 1631 2948 des
1663 2899 1903 2946 picquer
1937 2900 2141 2950 aldaer
2175 2905 2345 2954 haest
2379 2909 2481 2955 als
2515 2910 2719 2958 gewent
2753 2913 2855 2958 sal
2889 2913 3128 2963 werden,
3161 2919 3229 2965 de
3263 2918 3503 2966 voorsz:

1367 3005 1522 3053 twee
1559 3007 1751 3056 Jonge
1789 3011 2058 3063 beesten
2095 3017 2364 3065 zijnden
2401 3020 2748 3073 gouvern=r
2785 3028 2977 3076 vand'
3016 3030 3442 3080 overgecomen

1353 3116 1731 3168 passagiers
1767 3118 2105 3172 soodanich
2141 3128 2555 3181 aengepresen
2590 3136 2704 3182 dat
2741 3136 2854 3183 bij
2891 3138 3041 3185 mijn
3078 3139 3228 3185 zeer
3265 3138 3453 3184 herdt

1362 3229 1796 3277 aengehouden
1834 3232 2071 3281 heeft,
2110 3236 2190 3282 om
2228 3237 2426 3284 ditos
2464 3239 2779 3289 aenlandt
2818 3244 2897 3289 te
2936 3244 3133 3291 laten
3172 3245 3369 3293 comen

1350 3336 1634 3383 'twelcke
1670 3338 2027 3387 Inderminne
2061 3343 2239 3391 (:als
2274 3346 2488 3392 zijnde
2523 3347 2630 3395 een
2665 3350 3056 3401 schenckagie
3092 3353 3234 3401 voor
3270 3353 3305 3398 u
3340 3350 3483 3397 Ed=t

1350 3445 1750 3493 gerefuseert
1785 3449 2003 3497 hebbe,
2039 3452 2113 3498 om
2148 3454 2367 3502 reden,
2402 3458 2511 3505 dat
2547 3460 2657 3506 d=o
2692 3462 2946 3510 deselve
2982 3465 3164 3512 tegen
3200 3467 3422 3515 andere

1351 3555 1424 3605 (:
1458 3552 1564 3598 die
1598 3551 1844 3597 alreede
1879 3552 2055 3599 halff
2089 3554 2335 3602 gecocht
2369 3557 2545 3605 heeft
2579 3561 2650 3607 :)
2684 3563 2861 3610 soude
2895 3566 3245 3613 trocqueren
3280 3565 3495 3617 willen

1351 3660 1466 3706 dat
1504 3656 1656 3704 seer
1694 3654 2037 3701 ongelegen
2075 3654 2265 3699 zoude
2303 3654 2533 3702 comen,
2569 3657 2952 3709 principael
2987 3665 3065 3711 nu
3102 3667 3217 3713 het
3255 3669 3447 3719 schip

1351 3763 1466 3809 soo
1503 3759 1734 3808 subijt
1772 3759 1925 3804 moet
1963 3758 2385 3806 vertrecken,
2423 3761 2577 3809 waer
2614 3765 2769 3813 door
2805 3769 2922 3817 dan
2958 3773 3150 3820 weder
3188 3774 3420 3820 eenige

1346 3865 1615 3921 maenden
1653 3864 1842 3910 langh
1880 3864 1994 3911 soo
2031 3863 2184 3910 veel
2221 3864 2525 3911 oncosten
2562 3867 2790 3916 souden
2827 3872 2904 3918 te
2941 3874 3169 3919 dragen
3206 3875 3473 3923 hebben,

1353 3970 1426 4016 om
1462 3966 1680 4014 welcke
1715 3967 1788 4013 't
1824 3968 2149 4015 eviteeren
2185 3970 2257 4016 de
2294 3971 2438 4016 stal
2474 3971 2655 4017 hebbe
2691 3972 2908 4018 willen
2944 3973 3306 4020 suijveren,
3341 3974 3488 4022 ende

1347 4073 1460 4123 die
1496 4070 1644 4117 hier
1679 4069 1828 4115 niet
1864 4070 2122 4117 noodich
2158 4073 2305 4121 zijn
2342 4074 2672 4121 derwaerts
2709 4076 2930 4127 senden
2966 4082 3481 4131 voornamentlijk

1353 4179 1429 4226 in
1466 4177 1653 4224 desen
1688 4175 1840 4222 tijt
1878 4175 1991 4221 dat
2026 4176 2140 4223 het
2177 4176 2364 4222 schip
2402 4176 2702 4222 wanladen
2737 4177 3075 4228 vertreckt
3112 4183 3262 4231 ende
3300 4179 3450 4231 d=os

1357 4283 1586 4330 voeier
1623 4285 1699 4331 in
1737 4286 1890 4333 sijn
1927 4288 2119 4337 ruijm
2156 4293 2385 4340 sonder
2422 4295 2651 4341 verlet
2689 4296 2917 4343 bergen
2955 4297 3069 4343 can
3107 4297 3184 4345 't
3221 4300 3298 4346 is
3334 4301 3415 4347 nu

3080 4442 3390 4490 sulcks
