3567 4801
2759 514 2938 573 885

972 766 1036 812 O
1099 750 1352 809 Eff:
1413 748 1731 796 Lasen
1791 748 1983 798 van
2044 744 2425 793 vianen
2487 744 2614 792 in
2677 739 2993 788 india

859 887 1201 951 gecomen
1244 879 1442 929 medt
1487 873 1829 924 tschip)
1874 868 2167 919 Breeda
2215 869 2409 916 mede
2457 865 2699 914 gagie
2743 863 2894 910 van

784 1043 831 1090 ƒ
875 1034 966 1087 14
1002 1014 1146 1075 ter
1188 1002 1463 1056 maendt
1507 994 1689 1047 voor
1732 979 2278 1036 ondercuijper
2320 975 2595 1026 sijnde
2638 964 2913 1018 alhier

866 1142 969 1190 nu
1017 1133 1173 1185 een
1222 1112 1684 1175 geruijmen
1735 1105 1940 1156 tijt
1989 1102 2093 1148 in
2143 1097 2656 1147 qualiteijt
2707 1097 2862 1144 van

865 1234 1467 1309 oppercuijper
1489 1218 2015 1275 gebruijckt
2064 1209 2465 1262 geweest,
2499 1203 2764 1255 werdt
2798 1195 2915 1244 op

852 1359 1073 1411 sijn
1128 1340 1568 1401 vertoogh
1620 1326 1842 1382 ende
1896 1312 2557 1369 bequaemheijt
2611 1299 2887 1357 midts

863 1464 1314 1529 expiratie
1362 1451 1665 1508 sijnes
1713 1438 2166 1494 verbandts
2213 1429 2316 1480 en
2364 1411 3023 1473 genegentheijt

925 1559 1054 1609 E.
1097 1567 1460 1625 Comp„e
1506 1556 1756 1613 noch
1812 1538 2173 1600 langer
2227 1528 2351 1581 jn
2410 1526 2709 1573 jndia
2757 1526 2894 1575 te

978 1603 1009 1648 E

853 1702 1180 1762 dienen
1232 1691 1397 1743 Bij
1421 1669 1720 1730 desen
1774 1655 2100 1713 d'novo
2119 1647 2261 1693 in
2313 1631 2913 1688 Qualiteijdt

865 1823 1010 1877 van
1057 1802 1624 1865 oppercuijper
1670 1791 1908 1846 onder
1952 1779 2192 1835 drije
2237 1767 2523 1822 jaeren
2569 1756 2948 1810 verbandt

877 1930 1089 1982 ende
1140 1922 1299 1972 een
1352 1904 1880 1967 belooningh
1931 1893 2091 1947 van
2142 1872 2566 1936 twintich
2610 1862 2994 1917 guldens

873 2053 1052 2107 ter
1108 2040 1464 2095 maendt
1489 2031 1699 2079 aen
1757 2005 2350 2074 genomoment

819 2315 1122 2374 Jacob
1180 2306 1547 2360 decker
1604 2298 1729 2350 In
1786 2279 2093 2342 India
2152 2258 2578 2322 gecomen
2637 2253 2884 2300 mede

871 2420 1095 2483 schip
1137 2410 1272 2462 den
1315 2398 1716 2453 Oliphandt
1760 2396 1849 2442 ao
1890 2388 2071 2439 1643
2109 2379 2248 2431 den
2289 2371 2382 2424 25
2422 2358 2648 2413 junij
2689 2352 2789 2400 in

859 2527 1292 2595 qualiteijt
1333 2521 1465 2572 van
1507 2513 2111 2567 opperchirugijn
2144 2504 2369 2557 med't
2411 2498 2628 2548 gagie
2668 2494 2802 2542 van
2840 2500 2978 2551 ƒ36

887 2660 1033 2708 ter
1067 2650 1420 2704 maendt,
1466 2644 1759 2694 sijnen
1806 2641 2000 2690 tijt
2049 2639 2146 2685 nu
2191 2630 2775 2682 g'expireerdt
2822 2624 2920 2673 en

871 2757 1234 2818 genegen
1286 2752 1595 2801 sijnde
1646 2752 1751 2798 d'
1796 2751 1905 2800 E.
1951 2749 2265 2799 Comp„e
2315 2743 2522 2793 noch
2573 2741 2887 2789 langer

869 2892 972 2946 jn
1015 2874 1268 2933 jndia
1309 2871 1417 2918 te
1460 2867 1765 2915 dienen
1815 2865 2063 2912 werdt
2111 2865 2212 2912 op
2255 2854 2460 2910 sijn
2509 2852 2908 2904 vertoogh

782 3008 1007 3069 ende
1058 2983 1727 3049 bequaemheijt
1771 2980 1949 3027 als
2003 2979 2170 3027 ten
2225 2971 2614 3023 aensien
2668 2971 3006 3027 alhier

852 3127 1062 3180 naer
1112 3122 1166 3170 t
1216 3104 1737 3164 overlijden
1787 3100 2101 3149 vanden
2123 3075 2882 3141 opperchirugijn

815 3243 1151 3308 pieter
1202 3226 1483 3285 nieuw
1536 3216 1760 3270 dorp
1811 3216 1925 3262 in
1980 3210 2479 3259 desselffs
2532 3197 2925 3255 plaetse

871 3354 1358 3421 gebruijckt
1406 3350 1552 3397 is,
1600 3338 1989 3395 geworden
2036 3328 2232 3382 ende
2279 3320 2474 3372 sich
2521 3309 2960 3365 deurgaens

858 3487 1017 3538 tot
1069 3475 1329 3530 goedt
1378 3458 1798 3520 genougen
1849 3448 2059 3502 ende
2102 3435 2787 3489 contentemends
2839 3439 2996 3487 van

860 3592 1069 3651 sijn
1119 3573 1481 3635 meerder
1529 3552 2098 3616 waergenomen
2150 3549 2459 3597 heeft,
2507 3549 2665 3595 Bij
2716 3547 2980 3597 desen

868 3712 972 3762 in
1019 3692 1378 3753 gemelte
1427 3669 1938 3733 qualiteijt
1987 3665 2141 3712 van
2192 3658 2908 3710 opperchirugijn

860 3826 1117 3891 deses
1163 3800 1621 3866 casteels,
1671 3786 2229 3843 midtsgaders
2278 3785 2480 3834 voor
2530 3783 3038 3831 ondercoopm

861 3955 949 4002 de
990 3945 1166 3997 nove
1209 3937 1384 3989 voor
1427 3926 1646 3981 drije
1689 3915 1907 3968 naest
1950 3904 2300 3959 volgende
2339 3900 2561 3949 jaren
2605 3900 3042 3950 aengenomdn

859 4069 951 4120 en
994 4059 1129 4110 een
1171 4035 1620 4103 belooningh
1665 4030 1799 4079 van
1840 4010 2470 4073 achtenveertich
2513 4002 2827 4054 guldens
2871 4000 3006 4047 ter

858 4170 1161 4237 maendt
1206 4147 1758 4212 toegeleijdt
1806 4140 2007 4190 mits
2050 4134 2256 4185 daer
2306 4131 2506 4179 voor
2555 4112 2954 4175 gehouden

843 4292 1173 4363 Blijft
1227 4287 1337 4335 d'
1390 4274 1501 4331 E.
1551 4243 2099 4312 decepagnie
2153 4243 2316 4289 soo
2371 4238 2589 4288 voor
2641 4225 2971 4283 opper„

835 4413 1439 4490 „chirugijn
1496 4402 1679 4456 als
1734 4370 2459 4442 ondercoopman
2518 4362 2759 4413 naer

2178 4474 2906 4558 presenterende

168 1224 213 1270 220

122 3340 218 3387 e

121 3456 168 3502 6

78 3750 234 3798 meri

152 3889 205 3934 ent

0 4346 134 4392 va
