3573 4801
2474 879 2611 927 777

276 871 450 925 aende
482 873 584 918 Ed:
616 871 821 917 Heeren
854 868 1164 920 directeur

283 962 582 1019 generael
617 962 765 1010 ende
801 964 984 1010 raden
1019 964 1131 1012 van

608 1279 739 1329 Mijn
771 1278 868 1324 Ed:
900 1279 1094 1325 Heeren
1126 1278 1255 1325 p.:r
1287 1278 1481 1327 tschip
1512 1279 1578 1326 de
1609 1269 1900 1323 salmander
1931 1268 2029 1314 25.
2061 1268 2094 1314 e
2125 1266 2352 1314 passado
2381 1263 2481 1311 van
2512 1258 2643 1308 hier

784 1376 877 1425 met
906 1374 998 1421 een
1028 1372 1149 1419 Cust
1179 1369 1453 1416 Cargasoen
1482 1368 1664 1416 Cleden
1694 1368 1755 1413 &:
1784 1363 1997 1412 incoops
2026 1359 2330 1407 bedragende
2359 1359 2390 1405 ƒ
2420 1359 2636 1410 302126„

794 1467 856 1513 6„
886 1465 977 1512 15„
1007 1462 1280 1509 bestaende
1310 1462 1370 1507 in
1400 1461 1552 1507 sulcx
1582 1461 1673 1506 als
1703 1461 1795 1507 dit
1824 1455 2188 1505 bijgevoeghde
2216 1451 2340 1500 cort
2370 1449 2582 1496 Extract

777 1560 868 1607 der
896 1554 1109 1604 facture
1138 1552 1412 1599 dicteert,
1438 1551 1742 1601 adroicture
1772 1550 1893 1597 naer
1922 1546 2074 1594 Costj
2102 1541 2435 1591 vertrocken,
2466 1537 2557 1586 is—

2715 1622 2759 1667 8
2801 1616 3027 1668 april

762 1647 937 1703 mijnen
966 1647 1222 1693 Jonghsten
1251 1645 1393 1692 (daer
1421 1644 1507 1690 van
1535 1643 1593 1689 de
1621 1643 1764 1688 Copia
1791 1641 1878 1688 bij
1906 1638 2049 1685 desen
2077 1636 2220 1683 gaet)
2248 1635 2334 1681 aen
2361 1632 2476 1679 uEd:
2505 1632 2562 1677 ge

781 1739 953 1788 weest,
980 1739 1234 1786 twijffele
1262 1739 1375 1784 door
1403 1736 1544 1784 godes
1572 1734 1769 1782 genade)
1797 1734 1939 1781 niet,
1965 1727 2305 1779 offfgeroerde
2332 1720 2474 1771 schip
2500 1717 2586 1764 sal

2951 1742 3001 1790 no

772 1824 890 1873 haer
919 1824 1007 1870 Ed:
1034 1824 1122 1870 ter
1150 1824 1325 1870 goeder
1354 1824 1470 1869 tijt
1498 1824 1817 1870 toegecomen,
1846 1822 1963 1869 ende
1991 1821 2108 1867 sijn
2135 1818 2398 1867 Ingeladen
2425 1812 2601 1862 retour

778 1916 1002 1970 tgelijck
1026 1920 1054 1965 ^
1080 1914 1438 1965 affgescheept)
1464 1917 1547 1963 wel
1573 1913 1985 1963 geconditioneert
2009 1910 2339 1957 overgelevert
2367 1908 2504 1955 sijn,
2529 1906 2562 1954 —

782 2012 869 2065 dat
896 2012 980 2059 mij
1001 2009 1061 2060 't
1088 2007 1253 2053 sijner
1280 2005 1391 2051 tijt
1418 2003 1665 2051 aengenaem
1692 2003 1802 2049 wert
1830 2003 1885 2049 te
1912 2002 2160 2050 verstaen,
2186 1998 2352 2047 sijnde
2379 1998 2490 2043 ooch
2516 1999 2605 2048 ten

2710 2052 3050 2102 ampieren

784 2104 950 2152 voors:
977 2105 1087 2150 dage
1115 2105 1170 2151 d'
1196 2103 1389 2151 Jachten
1416 2102 1499 2147 lis
1526 2100 1636 2146 ende
1664 2100 1801 2147 lillo
1828 2100 1938 2146 (als
1966 2100 2076 2146 uEd:
2101 2097 2159 2145 p.
2186 2096 2213 2141 r
2239 2092 2626 2141 vooraengesogen

2704 2172 2974 2223 piloods

760 2198 964 2251 mijnen
995 2197 1296 2245 Jonghsten
1329 2193 1863 2242 gepreadverteert)
1896 2192 2029 2238 over
2063 2192 2463 2239 masulipatnam
2495 2187 2633 2236 naer

2766 2262 2880 2317 Tijt

2958 2272 3031 2318 bij

754 2298 942 2347 pipelij
968 2295 1314 2342 afgeveerdicht
1340 2294 1447 2340 waer
1472 2294 1527 2340 op
1552 2291 1633 2338 den
1659 2290 1873 2336 achtsten
1898 2289 2085 2335 stantij
2111 2289 2165 2335 't
2192 2289 2352 2335 sluijt
2377 2288 2511 2335 schip
2537 2286 2645 2332 heem

780 2400 933 2447 stede
964 2400 1055 2445 met
1085 2400 1146 2445 de
1177 2399 1450 2445 vereijste
1481 2395 1938 2444 coopmanschappen
1966 2390 2090 2439 voor
2118 2384 2394 2433 bengalen,
2424 2384 2577 2430 onder

2707 2384 3035 2432 Cardance

778 2488 1001 2541 anderen
1031 2486 1096 2532 de
1126 2488 1158 2534 5
1188 2488 1283 2534 stx
1314 2490 1658 2537 Eliphanten,
1690 2490 1878 2536 nevens
1908 2487 2035 2534 onse
2065 2488 2222 2534 nader
2252 2486 2411 2534 ordre
2440 2482 2598 2530 aende

2699 2490 2840 2541 ud:
2878 2485 3025 2535 van

792 2580 1276 2628 oppercoopluijden
1304 2585 1364 2630 s.
1394 2584 1424 2629 r
1454 2584 1696 2632 Martinus
1725 2588 1785 2633 de
1815 2585 1996 2633 vroede
2025 2582 2086 2629 en
2116 2579 2267 2627 Tomas
2295 2575 2477 2623 Cuijck
2508 2575 2628 2620 (als

2702 2579 2848 2627 tijt
2882 2582 3025 2629 niet

782 2686 819 2735 u
848 2679 942 2727 Ed:
972 2676 1035 2723 In
1064 2672 1221 2720 Copie
1251 2672 1345 2718 bij
1375 2673 1531 2723 desen
1560 2677 1996 2724 gecommuniceert
2027 2678 2182 2724 wert)
2212 2670 2492 2723 derwaerts
2523 2669 2650 2715 mede

2697 2679 2886 2725 snodig

2899 2680 2996 2727 digh

766 2775 997 2823 gevolght
1024 2774 1111 2820 is,
1139 2772 1198 2819 p.
1226 2771 1255 2816 r
1283 2769 1457 2816 welcke
1484 2771 1715 2818 occasie,
1740 2772 1857 2819 mits
1885 2772 1943 2820 't
1971 2766 2345 2820 instantelijck
2373 2763 2603 2811 versoeck

2704 2771 2857 2819 aeng

2888 2773 3038 2821 getog

777 2869 866 2919 van
894 2867 1125 2914 gemelten
1154 2867 1241 2912 s.r
1268 2864 1327 2910 de
1355 2862 1529 2909 vroede
1556 2862 1673 2910 (als
1701 2865 1903 2913 wesende
1931 2866 2018 2912 den
2046 2865 2162 2912 tijt
2191 2864 2277 2910 van
2304 2859 2421 2908 sijn
2448 2850 2596 2903 vijff

2725 2875 2814 2920 m

793 2959 981 3005 Jarich
1009 2958 1230 3005 verbant
1262 2957 1637 3004 g'Expireert,
1668 2957 1793 3002 ende
1824 2957 2012 3006 gansch
2043 2962 2324 3009 ongenegen
2354 2957 2574 3008 (sonder

2693 2972 2881 3020 advij

2928 2975 3032 3030 sen

783 3050 1079 3100 d'oirsake
1110 3051 1241 3097 daer
1273 3051 1371 3097 van
1403 3051 1469 3098 te
1501 3053 1827 3102 verclaren)
1858 3054 1924 3100 in
1956 3052 2217 3099 Bengalen
2249 3052 2445 3098 langer
2477 3052 2552 3099 te

2696 3079 2742 3127 e
2781 3079 3043 3129 gemoet

790 3143 1162 3196 continueren)
1191 3147 1284 3193 van
1312 3146 1407 3193 een
1438 3146 1562 3192 keer
1592 3148 1901 3194 herwaerts,
1931 3146 2055 3193 omme
2085 3145 2271 3191 Elders
2301 3146 2456 3194 onder
2486 3143 2612 3194 onse

2700 3196 2845 3244 ren

780 3237 1012 3284 directie
1041 3238 1130 3286 ten
1154 3240 1361 3287 dienste
1389 3240 1767 3290 g'uploijeert,
1796 3245 1883 3291 off
1911 3244 2000 3290 des
2028 3245 2145 3291 niet
2173 3246 2435 3292 volgende,
2463 3244 2580 3291 naer

2710 3294 2825 3348 op
2879 3305 2994 3353 19

791 3332 932 3379 costi
959 3334 1044 3381 tot
1071 3337 1183 3383 dien
1210 3338 1378 3385 eijnde
1405 3340 1797 3389 gelictentieert
1823 3341 1880 3388 te
1908 3341 2104 3387 werden,
2131 3343 2187 3389 te
2214 3343 2354 3391 doen,
2382 3345 2494 3391 oocq
2521 3345 2635 3394 goet

2718 3402 2816 3450 40
2858 3405 3055 3452 pack

791 3433 1031 3481 gevonden
1061 3435 1271 3482 hebben,
1300 3436 1391 3483 den
1419 3435 1749 3487 oppercoop=r
1779 3442 1839 3487 S.
1868 3442 1899 3489 r
1928 3442 2019 3488 Jan
2049 3441 2199 3487 vand'
2228 3442 2499 3488 Helbinck,
2527 3441 2623 3490 ons

2723 3477 3065 3535 rochevell

780 3531 864 3578 p.r
891 3529 948 3575 't
975 3530 1115 3576 schip
1143 3531 1366 3577 schiedam
1393 3532 1728 3581 toegesonden,
1756 3536 1868 3582 naer
1895 3533 2091 3581 pepilij
2118 3533 2175 3578 te
2203 3533 2510 3579 demitteren,
2537 3531 2650 3578 omme

776 3629 868 3675 bij
897 3629 1140 3678 vertreck
1168 3631 1260 3677 van
1290 3631 1683 3681 meergenoemden
1712 3635 1775 3682 s.
1802 3637 1834 3683 r
1863 3635 1924 3681 de
1955 3635 2166 3681 vroede,
2196 3630 2651 3682 provisionelicke

2712 3699 3005 3755 tealen

785 3724 873 3770 den
900 3725 1217 3777 oppercoop=l
1244 3732 1303 3779 s.
1325 3726 1359 3773 r
1387 3724 1560 3771 Thomas
1587 3727 1759 3775 Cuijck
1788 3729 1959 3775 aldaer
1988 3729 2075 3776 bij
2101 3730 2360 3778 gevoeght,
2389 3732 2504 3778 ende
2531 3731 2563 3777 d
2589 3734 2656 3784 E.

794 3824 973 3871 Comp=s
1001 3823 1240 3872 affairen
1269 3822 1417 3871 alsoo
1447 3821 1655 3867 buijten
1684 3823 1744 3868 de
1773 3823 1953 3870 minste
1981 3827 2368 3875 verachteringh
2395 3825 2634 3876 gehouden

2713 3896 3009 3947 stucx

776 3917 844 3965 te
874 3919 1036 3968 mogen
1067 3923 1292 3969 werden,
1325 3923 1487 3970 sulcx
1517 3926 1646 3972 VEd:
1678 3925 1839 3971 nader
1871 3925 1968 3971 bij
1999 3924 2065 3970 de
2096 3925 2259 3971 Copie
2289 3927 2386 3973 van
2418 3921 2611 3973 mijne—

2719 3992 2923 4051 heijt

756 4016 996 4065 missive
1030 4019 1374 4066 aengemelte
1407 4021 1819 4071 oppercoopl.k
1852 4024 2127 4072 gelieven
2160 4024 2230 4070 te
2264 4023 2539 4071 vernemen

2715 4102 2809 4147 aed

787 4116 925 4162 ende
959 4116 1202 4166 verhope
1237 4120 1375 4166 uEd:
1409 4119 1514 4166 wel
1548 4121 1826 4170 gevallen
1860 4125 2034 4173 sal.—

721 4235 819 4286 Soo
849 4234 1040 4282 hebben
1071 4237 1197 4284 oock
1228 4238 1292 4284 op
1323 4237 1450 4283 uEd:
1482 4237 1861 4284 Confirmatie,
1892 4239 2019 4285 omme
2050 4240 2145 4286 den
2176 4239 2367 4286 handel
2395 4240 2462 4287 in
2491 4242 2651 4291 pegu„

778 4325 1023 4372 nochmael
1053 4325 1423 4373 tondernemen,
1452 4325 1576 4373 ende
1605 4328 1668 4374 op
1698 4328 1821 4374 hope
1851 4328 1945 4374 van
1974 4329 2098 4374 noch
2128 4330 2466 4378 eijndelijck
2496 4328 2620 4379 door

2712 1957 2955 2011 eert,

2718 1790 3022 1844 aenvelg

2709 1879 2889 1927 iden

2727 1693 2999 1749 entge

2709 3796 2819 3843 sen

2822 518 2964 570 795

1680 880 1953 938 Sept

1272 1032 1400 1082 Ed:
1435 1010 1822 1079 Erntfeste
1864 1001 2204 1054 manhafte
2245 997 2374 1046 wel
2416 991 2628 1043 wijse

1403 1113 1791 1175 voorsienige
1826 1109 1967 1156 ende
2001 1107 2143 1153 seer
2177 1099 2460 1153 discrete
2495 1100 2671 1148 heren

0 1054 40 1103 p

125 1058 252 1107 n—

151 1159 233 1208 den

0 1280 158 1327 d

282 1059 507 1117 India

891 714 1200 773 114

2413 593 2654 645 mei

2748 1160 2837 1205 ft

2738 1248 3029 1302 „ende

2714 3585 2823 3632 in
