3567 4883
1557 798 1738 853 Joan
1776 787 2048 841 dieuw.
2092 787 2537 837 geboortich
2579 778 2759 832 vand
2801 772 2981 823 P„ro
3025 773 3250 835 Pries
3290 794 3381 842 de

1656 934 1899 984 Goele
1947 929 2335 982 hebbende
2383 927 2529 973 een
2575 920 3014 972 geruijmen
3061 914 3305 964 tijdt

1286 1086 1436 1142 opt
1477 1082 1719 1133 janht
1763 1078 1861 1127 is
1908 1067 2287 1122 gevaren,
2331 1065 2524 1112 ende
2571 1064 2667 1111 in
2712 1058 2951 1108 d'een
2997 1055 3188 1102 ende
3227 1055 3331 1102 de

1291 1204 1528 1256 ander
1573 1198 2229 1249 gelegentheijt,
2275 1198 2556 1245 sonder
2603 1199 2884 1247 eenige
2930 1197 3413 1255 Belooningh

1277 1337 1541 1383 dienst
1583 1338 1890 1390 gedaen,
1933 1335 2110 1385 wert
2153 1330 2285 1378 der
2328 1322 2591 1373 halven
2634 1320 2723 1366 op
2764 1321 2942 1369 sijn
2985 1320 3340 1367 vertoogh

1287 1480 1466 1528 ende
1509 1478 1599 1526 d'
1641 1470 1864 1521 goede
1907 1469 2306 1516 rapporten
2350 1466 2483 1514 die
2526 1462 2704 1510 sijn
2748 1461 3058 1508 meerder
3101 1464 3236 1513 van
3270 1467 3412 1514 hem

1279 1608 1511 1661 doen,
1555 1604 1695 1653 Bij
1740 1595 1971 1648 desen
2014 1589 2108 1637 jn
2152 1587 2200 1634 s
2245 1584 2522 1634 Comp=s
2565 1584 2844 1635 dienst
2888 1590 3073 1639 voor
3116 1588 3349 1640 vijff

1285 1730 1525 1785 naest
1572 1720 1954 1774 volgende
2001 1713 2287 1763 jaeren
2335 1712 2526 1758 voor
2568 1699 2859 1757 jongen
2906 1698 3383 1747 aengenomen

1281 1868 1459 1916 ende
1501 1866 1636 1913 een
1679 1855 2122 1910 belooningh
2165 1856 2299 1904 van
2341 1855 2564 1904 vijff
2607 1855 2917 1903 guldens
2961 1853 3094 1900 ter
3138 1853 3404 1904 maendt

1274 1995 1883 2053 toegevought,
1933 1986 2440 2038 innegaende
2489 1980 2694 2031 dato
2740 1966 2999 2024 deses

939 2288 1279 2342 Louijs
1333 2287 1675 2335 Manuel
1718 2288 2295 2338 geboordich
2350 2287 2521 2334 van
2575 2286 2803 2335 S„r.
2857 2278 3086 2328 Crus
3141 2282 3254 2329 d.
3310 2282 3368 2328 r

1325 2421 1589 2474 Gaele
1642 2424 2064 2475 hebbende
2115 2419 2277 2468 een
2324 2411 2802 2470 geruijmen
2852 2405 3119 2455 tijdt
3165 2403 3329 2452 opt

1244 2552 1471 2610 jacht
1513 2542 1651 2593 lis
1696 2539 2058 2586 gevaren,
2103 2537 2285 2584 ende
2323 2532 2600 2585 sonder
2645 2522 2916 2575 eenige
2961 2518 3371 2566 belonigh—

1264 2674 1538 2733 dienst
1583 2664 1901 2718 gedaen,
1944 2659 2173 2709 werdt
2218 2649 2627 2703 derhalven
2671 2646 2763 2693 op
2807 2644 2990 2692 sijn
3034 2634 3399 2687 vertoogh

1251 2800 1458 2856 ende
1509 2790 1763 2842 goede
1813 2781 2271 2835 rapporten
2321 2777 2474 2825 die
2525 2776 2728 2823 sijn
2779 2776 3135 2823 meerder
3185 2772 3339 2820 van

1250 2930 1409 2990 hem
1458 2918 1663 2972 doen
1714 2914 1867 2962 Bij
1915 2900 2172 2955 desen
2223 2894 2325 2943 in
2374 2890 2427 2937 s
2475 2883 2784 2933 Comp=s
2834 2879 3140 2928 dienst
3190 2881 3395 2929 voor

1241 3066 1547 3122 vijff.
1597 3061 1850 3113 naest
1899 3043 2305 3106 volgende
2354 3036 2660 3087 jaeren
2707 3032 2912 3083 voor
2959 3010 3265 3073 jongen

1246 3196 1804 3262 aengenomen,
1853 3188 2057 3241 ende
2106 3179 2259 3231 een
2310 3162 2816 3222 Belooningh
2865 3155 3019 3205 van
3068 3147 3323 3197 vijff

1245 3332 1642 3388 guldens
1698 3328 1869 3377 ter
1922 3318 2265 3371 maendt
2321 3294 3001 3365 toegevoucht,
3054 3277 3285 3336 jnne

1426 3452 1787 3512 Gaende
1846 3448 2087 3496 dato
2146 3431 2447 3489 deses

1392 3702 1562 3754 Jan
1614 3689 1954 3745 Jansen
2008 3661 2515 3734 seijltjen
2569 3651 2740 3704 van
2795 3648 3190 3696 haarlem

1349 3800 1490 3850 Int
1535 3797 1724 3844 lant
1771 3791 2099 3843 gecomen
2143 3785 2286 3835 met
2328 3771 2567 3829 schip
2612 3765 2707 3813 d'
2753 3762 3036 3809 vreede
3082 3763 3176 3809 ao
3223 3763 3412 3813 1643

1203 3900 1448 3959 voor
1509 3906 1998 3959 Bootsman
2059 3902 2242 3950 met
2299 3891 2608 3944 gagie
2668 3886 2852 3933 van
2912 3885 3035 3933 ƒ9
3096 3883 3282 3932 ter

1233 4036 1545 4084 maent,
1597 4032 2014 4083 hebbende
2064 4025 2169 4075 nu
2220 4022 2378 4069 een
2421 4015 2897 4070 geruijmen
2948 4009 3157 4059 tijt
3208 4001 3366 4052 tot

1221 4170 1448 4224 goet
1503 4148 2237 4213 contentemendt
2292 4144 2463 4194 van
2516 4145 2745 4192 zijn
2799 4124 3196 4190 meerder

1224 4305 1279 4352 t
1333 4300 1607 4350 onder
1659 4279 2373 4345 seijlmaeckers
2427 4276 2647 4324 ampt
2701 4259 3305 4320 waergenomen

2690 4476 3151 4559 Wert
