3567 4883
1227 711 1276 760 D
1308 718 1494 765 vier
1537 720 1759 766 jaren
1803 721 2070 767 alhier
2113 722 2246 769 ter
2290 720 2689 767 Comptoire
2733 720 2822 765 in
2865 719 2955 766 's
2998 716 3264 769 Comp„s

1228 856 1493 907 dienst
1537 856 1889 906 gegeven,
1933 860 2460 907 dienvolgende
2502 855 2723 905 goede
2767 851 3119 901 kennisse
3162 846 3342 895 inde

1228 982 1552 1033 negotie
1594 980 1688 1028 te
1734 979 1963 1026 deser
2003 978 2329 1028 plaetse
2370 980 2694 1029 Becomen
2740 973 3152 1025 hebbende,
3198 974 3381 1021 ende

1231 1115 1507 1170 sijnen
1551 1110 1824 1161 dienst
1869 1107 2097 1155 midts
2142 1108 2642 1157 genietende,
2687 1110 2823 1156 een
2867 1100 3278 1156 eerlijcke

1222 1249 1829 1304 verbeteringhe
1875 1246 1969 1292 nu
2016 1244 2437 1291 andermael
2483 1241 3137 1292 presenterende,
3183 1237 3371 1286 ende

1226 1379 1620 1429 jnnegesien
1660 1373 1896 1424 sijnde
1935 1372 2054 1418 hoe
2093 1368 2251 1415 veel
2290 1368 2369 1413 d'
2404 1366 2488 1413 E.
2525 1358 2764 1408 comp„e
2801 1357 3354 1406 voornamentlijk

1216 1509 1500 1562 alhier
1545 1502 1687 1552 aen
1734 1491 2533 1547 g'experimenteerde
2578 1487 3002 1538 persoonen
3047 1476 3377 1530 gelegen

1217 1655 1304 1703 is
1344 1643 1562 1698 werdt
1601 1640 1733 1687 der
1776 1635 2034 1686 halven
2077 1634 2249 1680 voor
2292 1635 2378 1682 d'
2421 1636 2722 1683 alreede
2764 1628 3323 1681 gepresteeerde

1206 1781 1396 1828 ende
1443 1783 1632 1829 noch
1677 1778 1774 1829 te
1821 1772 2059 1821 doene
2104 1768 2341 1819 goede
2388 1768 2766 1814 diensten
2812 1757 3334 1813 midtsgaders

1229 1916 1428 1966 omme
1476 1902 1921 1960 denselven
1966 1897 2217 1946 meer,
2266 1896 2464 1943 ende
2513 1894 2711 1940 meer
2760 1894 3353 1946 t'animeeren,

1193 2053 1340 2106 Bij
1385 2046 1533 2096 den
1581 2031 2017 2091 presenten
2066 2026 2308 2075 raedt
2356 2026 2454 2074 op
2501 2021 2939 2073 aprobatie
2981 2016 3132 2065 van
3180 2015 3377 2063 haer

1221 2181 1469 2232 Ed„ts
1516 2177 1664 2225 tot
1711 2175 2055 2224 Batavia
2101 2169 2202 2220 d'
2248 2160 2446 2211 novo
2495 2154 2691 2204 voor
2739 2150 2935 2198 drij
2984 2146 3278 2195 achter

1228 2313 1370 2360 een
1416 2303 1796 2357 volgende
1842 2297 2127 2347 jaeren
2173 2293 2363 2341 inde
2410 2286 2647 2337 selve
2693 2274 3167 2332 qualiteijt
3213 2271 3356 2318 van

1217 2429 1897 2500 oppercoopman
1953 2418 2577 2473 aengenomen,
2632 2414 2860 2463 ende
2916 2408 3313 2458 volgens

1216 2564 1544 2621 merite
1593 2559 1762 2609 een
1797 2543 2360 2602 Belooningh
2404 2539 2578 2588 van
2632 2535 2796 2583 een
2850 2519 3287 2580 honderdt

1230 2689 1430 2737 ende
1471 2682 1878 2734 twintich
1900 2668 2275 2725 guldens
2320 2671 2474 2716 ter
2524 2668 2823 2716 maendt
2873 2660 3371 2714 toegevouch

1229 2820 1462 2872 jnne
1517 2810 1869 2865 gaende
1926 2806 2102 2854 den
2159 2801 2450 2851 27=en
2506 2795 2799 2844 maert
2854 2788 2973 2838 ao
3028 2773 3264 2832 1646

1057 3047 1379 3125 Aendt
1442 3038 1634 3088 van
1692 3032 1891 3083 Tol
1943 3034 2080 3082 in
2139 3027 2463 3077 jndia
2524 3021 2973 3072 gecomen
3036 3015 3229 3065 met

1278 3157 1572 3208 tjanht
1617 3157 2202 3207 grijpskercke
2249 3154 2396 3206 den
2443 3147 2638 3198 30=e
2683 3134 2929 3191 junio
2975 3129 3074 3178 ao
3117 3117 3317 3172 1638

1227 3281 1435 3332 voor
1486 3274 2000 3325 aldelborst
2051 3269 2566 3319 naderhandt
2616 3256 3131 3313 gevorderdt
3182 3253 3341 3302 tot

1221 3400 1716 3465 adsistent
1769 3395 1934 3443 met
1988 3395 2044 3442 ƒ
2097 3399 2207 3446 20
2259 3394 2480 3446 ende
2535 3382 3247 3438 jegenwoordich

1222 3540 1896 3607 ondercoopman
1950 3529 2119 3581 met
2174 3528 2286 3574 42
2341 3516 2734 3573 guldens
2788 3511 2957 3557 ter
3011 3507 3349 3555 maendt

1189 3692 1610 3767 hebbende
1658 3675 1869 3733 sich
1920 3661 2438 3718 Continueel
2486 3659 2645 3708 met
2696 3652 2956 3703 goede
3007 3647 3373 3697 compor¬

1188 3843 1644 3905 „temendt
1699 3835 1815 3884 in
1870 3823 2098 3878 sijn
2154 3813 2554 3868 cherges
2610 3803 3236 3857 namentlijck
3290 3798 3359 3846 —

1214 3993 1353 4043 van
1398 3992 1493 4039 d'
1534 3987 1858 4041 gastus.
1901 3970 2455 4034 packhuijsen,
2498 3970 2685 4019 ende
2729 3975 3328 4022 tprovisioneel

1209 4123 1611 4182 fiscaels
1661 4120 1862 4168 ampt
1911 4115 2063 4163 als
2111 4109 2313 4158 meer
2363 4107 2664 4154 andere
2714 4108 2915 4155 voor
2964 4105 3377 4155 vallende

1216 4263 1642 4322 diensten
1693 4255 1854 4306 tot
1906 4245 2120 4298 goet
2170 4236 2864 4288 contentemendt
2916 4235 3077 4283 van
3128 4231 3345 4281 sijn

1227 4407 1603 4463 meerder
1655 4394 2031 4450 jverigh
2084 4391 2300 4440 ende
2351 4376 2836 4434 vigulandt
2889 4368 3321 4422 gedragen

2968 4573 3287 4626 eeede
