3567 4801
2776 504 2963 572 930

766 578 1064 631 January
1105 577 1276 625 A:o.
1318 579 1496 630 1846

939 752 1043 800 ende
1068 748 1225 796 andere
1251 748 1329 794 ten
1353 748 1459 794 Hove
1484 743 1745 792 Verschenen
1771 743 1849 788 men
1873 741 2005 787 Haere
2029 738 2213 785 Hoofden
2237 731 2396 782 binnen
2420 733 2498 779 den
2524 734 2680 781 Barham
2706 736 2889 783 brengen

934 851 1107 907 soude,
1134 847 1502 897 ondertusschen
1529 846 1756 891 gungangh
1784 843 1926 890 Wiens
1953 842 2462 889 wraeckgierichherte
2491 843 2604 888 niet
2632 842 2802 889 rusten
2829 836 2971 886 conde

973 952 1055 1003 was
1081 950 1159 995 met
1185 949 1343 996 sonnen
1369 945 1553 993 opganck
1579 943 1789 991 alvoors'
1816 942 2001 989 Conincx
2025 945 2209 991 poorte,
2235 946 2340 991 daer
2367 946 2446 991 den
2471 941 2656 990 Hartogh
2680 929 3049 986 Naghdiaengangh

938 1059 1049 1107 dich
1074 1055 1187 1103 mede
1214 1054 1270 1100 In
1297 1050 1712 1098 Corteverthoonde
1740 1050 1850 1095 dese
1878 1049 2045 1095 tweed'
2071 1049 2293 1096 ghootste
2320 1051 2625 1098 roervincken
2652 1045 2806 1095 vande

942 1156 1182 1216 gandtsche
1206 1154 1418 1201 tragedie
1444 1152 1603 1198 sinde,
1628 1149 1787 1196 worden
1813 1148 1971 1194 binnen
1997 1148 2050 1194 't
2076 1146 2287 1194 valleijs
2313 1146 2550 1194 soodichop
2576 1147 2630 1193 d'
2654 1147 2919 1193 partiaense
2945 1145 2972 1193 —

936 1263 1156 1315 coustume
1181 1260 1484 1307 wedergeseth
1512 1259 1677 1305 hadden
1703 1256 1951 1304 dadelijck
1978 1256 2280 1301 overvallen,
2305 1253 2363 1301 en
2390 1253 2445 1299 d'
2471 1249 2637 1298 Coppen
2664 1247 2939 1296 afgehouwen
2965 1252 2998 1298 —

920 1378 999 1426 als
1022 1370 1255 1421 wanneerd'
1280 1369 1409 1415 mags.
1434 1368 1460 1414 t
1485 1365 1794 1414 voorschreven
1819 1362 2025 1409 patenten
2050 1359 2153 1406 uijt
2178 1358 2256 1404 gaf
2281 1358 2333 1403 om
2358 1357 2410 1403 d'
2434 1354 2590 1403 andere
2614 1349 2795 1398 hoofden
2820 1348 2847 1394 —

928 1481 1038 1535 mede
1064 1480 1118 1525 te
1143 1478 1250 1525 gaen
1277 1475 1437 1523 haelen
1462 1474 1516 1519 't
1541 1472 1649 1519 gene
1675 1469 1782 1516 geen
1808 1468 1968 1514 vuyren
1994 1466 2074 1513 aen
2100 1465 2154 1511 en
2180 1461 2287 1509 liep
2312 1457 2420 1505 ofte
2446 1454 2552 1501 alle
2577 1450 2659 1498 ses
2682 1445 2739 1494 d'
2761 1433 2950 1487 hoofden

904 1596 991 1648 der
1017 1583 1272 1638 voornomde
1299 1580 1554 1627 persoonen
1582 1578 1751 1625 nevens
1777 1575 1836 1623 d'
1863 1571 2203 1620 tweelichamen
2230 1567 2372 1616 vande
2398 1555 2626 1610 Hartogen
2652 1550 2880 1600 gingangh

920 1707 1031 1759 ende
1057 1695 1444 1750 Naghdialigangh
1471 1696 1609 1741 legen
1635 1695 1691 1741 op
1719 1695 1802 1741 den
1828 1691 2050 1740 maijdaen
2076 1688 2159 1735 van
2187 1686 2297 1733 vder
2323 1678 2545 1731 geschopt
2571 1671 2683 1721 ende
2707 1666 2905 1715 bespodt

906 1818 1084 1883 voors'
1113 1818 1317 1865 Conincx
1346 1815 1550 1865 paleijs
1578 1813 1695 1860 noch
1724 1813 1783 1858 12
1811 1809 2045 1857 voorname
2073 1803 2336 1854 persoonen
2364 1797 2539 1847 waeren
2567 1793 2627 1841 in
2654 1779 2982 1837 apprehentie

921 1931 1136 1984 genomen,
1162 1929 1269 1975 hoet
1296 1928 1510 1974 daermede
1536 1923 1777 1973 eijndigen
1803 1922 1884 1968 sal
1910 1921 2072 1968 wilden
2096 1922 2204 1969 tijt
2229 1915 2498 1967 openbaren,
2523 1912 2632 1959 ende
2657 1906 2738 1956 ten
2763 1896 2899 1950 waere

914 2045 989 2093 dit
1012 2039 1209 2089 Verraedt
1233 2038 1332 2084 door
1355 2035 1454 2082 dese
1478 2034 1528 2079 of
1551 2033 1699 2079 andere
1724 2033 1871 2078 dingen
1895 2031 1993 2077 niet
2016 2026 2288 2076 uijtgecomen
2311 2022 2435 2070 hadde
2458 2018 2582 2066 soude
2605 2012 2753 2062 binnen
2776 2010 2851 2057 den
2874 2007 2949 2055 tyt

914 2151 992 2202 van
1015 2149 1067 2195 10
1089 2147 1117 2193 a
1141 2145 1192 2191 12
1214 2143 1341 2188 dagen
1365 2142 1416 2187 in
1441 2140 1591 2187 spahan
1615 2137 1766 2184 overd'
1790 2137 1815 2182 8
1839 2136 1866 2182 a
1890 2135 1940 2180 10
1965 2132 2016 2179 C.
2039 2131 2190 2178 sielen
2213 2125 2414 2175 vermoort
2437 2119 2639 2170 geworden
2663 2117 2765 2164 sijn
2788 2119 2814 2165 —

929 2266 982 2313 't
1007 2258 1112 2310 gene
1137 2253 1242 2302 godt
1267 2245 1529 2296 almachtich
1554 2244 1659 2290 niet
1684 2242 1867 2289 gelieft
1891 2239 2049 2287 heeft,
2075 2239 2179 2284 maer
2204 2236 2310 2284 dese
2336 2226 2649 2281 boosdoenders
2670 2217 2805 2269 hunne
2828 2214 2856 2260 —

912 2368 1056 2423 soone
1082 2364 1197 2412 naer
1223 2357 1535 2408 verdiensten
1562 2356 1704 2405 laten
1732 2351 1958 2401 genieten

905 2525 978 2577 d'
1009 2510 1461 2568 gestaetenisse
1496 2509 1600 2555 der
1632 2504 1945 2555 Comptoirs
1979 2499 2256 2549 Wingurla
2288 2493 2394 2543 met
2427 2474 2941 2536 d'appendentien

927 2625 1008 2673 van
1033 2621 1139 2669 dien
1164 2619 1245 2664 was
1270 2618 1324 2664 in
1347 2616 1509 2664 goeden
1535 2617 1720 2663 standt,
1745 2617 1852 2664 ende
1877 2617 1958 2663 Was
1983 2617 2142 2663 aldaer
2168 2617 2274 2663 niet
2300 2617 2617 2663 sonderlinghs
2640 2613 2831 2663 Nieuws—

936 2734 1273 2785 voorgevallen,
1298 2733 1377 2779 als
1401 2731 1454 2778 't
1480 2731 1636 2776 rlieuw
1661 2729 1922 2775 aengecomen
1947 2729 2025 2775 der
2051 2729 2077 2774 4
2103 2718 2622 2774 portugeetscheschepen
2646 2715 2699 2762 In
2724 2710 2964 2759 september

945 2844 1181 2894 verleden,
1206 2842 1311 2889 ende
1336 2840 1545 2886 daernaer
1570 2839 1624 2885 in
1649 2839 1857 2886 November
1883 2840 1909 2885 5
1935 2838 2092 2885 rijcke
2117 2837 2327 2884 navetten
2352 2835 2457 2881 uijt
2482 2827 2769 2879 masambicque
2793 2825 2899 2871 die—

925 2965 1035 3014 haer
1060 2957 1549 3009 alommedappersullen
1575 2955 1684 3001 doen
1709 2950 1982 2999 glorieren,
2008 2949 2117 2995 ende
2144 2947 2253 2994 naer
2279 2946 2442 2992 haeren
2468 2939 2848 2990 gewoonelijcken
2874 2932 2984 2983 aert

919 3081 968 3127 d.
990 3081 1016 3127 o
1039 3077 1185 3125 pluyme
1208 3073 1378 3121 soecken
1403 3069 1573 3118 telaten
1596 3070 1765 3116 waeijen
1787 3068 1862 3115 den
1886 3067 2080 3113 Vicereij
2104 3066 2176 3112 Was
2201 3065 2249 3111 op
2273 3065 2346 3110 25.
2369 3065 2394 3110 e
2418 3058 2588 3109 stantij
2612 3056 2685 3103 met
2706 3049 2806 3100 sijn
2827 3040 2976 3092 armade

910 3197 966 3248 d'
991 3194 1122 3241 hemas
1148 3194 1201 3239 in
1227 3193 1305 3239 goa
1331 3190 1592 3238 aengelangh
1618 3190 1671 3235 14
1695 3184 1879 3234 cleecke
1905 3182 2088 3229 schepen
2114 3180 2244 3227 lagen
2270 3178 2453 3225 gereedt
2478 3174 2584 3223 omme
2609 3168 2873 3218 eersdaeghs

908 3303 1019 3349 naer
1047 3301 1215 3348 Europa
1242 3299 1326 3346 met
1354 3297 1438 3344 den
1465 3291 1744 3342 afgesonden
1769 3287 1995 3336 Vicereij
2022 3287 2218 3333 Conded'
2245 3280 2469 3331 avoijres
2496 3279 2552 3324 te
2579 3265 2831 3324 navigeren
2854 3261 2887 3309 —

806 3487 903 3545 Met
931 3481 994 3528 d'
1024 3473 1240 3525 schepen
1269 3468 1424 3517 arent
1454 3464 1516 3512 en
1547 3461 1855 3511 Noorsterre
1886 3460 1948 3507 op
1977 3461 2010 3507 4
2038 3459 2255 3508 augusto
2284 3454 2378 3503 van
2409 3453 2564 3499 Bat.a
2594 3444 2933 3499 gescheyjden

887 3592 941 3638 en
967 3591 1020 3637 19
1043 3580 1283 3636 september
1308 3578 1389 3625 met
1412 3575 1494 3621 den
1519 3570 1810 3619 Ambassadeur
1835 3568 1915 3614 fre
1939 3565 2152 3614 gonsalvo
2178 3562 2336 3610 veloso
2360 3559 2415 3606 d'
2441 3559 2495 3605 S.
2520 3561 2547 3606 t
2572 3558 2758 3605 Josepho
2782 3555 2889 3602 voor

906 3693 984 3739 goa
1009 3687 1320 3737 aengelanght,
1346 3684 1424 3732 aes
1448 3680 1553 3728 mede
1578 3680 1656 3726 met
1681 3679 1759 3724 den
1785 3677 2096 3724 Vogelstruijs
2121 3677 2226 3723 ende
2251 3673 2588 3724 Valcquenburch
2613 3674 2665 3719 op
2691 3672 2769 3719 2.e
2793 3666 2976 3715 septemb

897 3799 980 3848 van
1003 3792 1195 3842 Batavia
1221 3787 1546 3837 gescheijden,
1572 3785 1681 3831 ende
1708 3784 1790 3830 den
1816 3783 1871 3829 28
1897 3783 2114 3830 November
2141 3783 2303 3829 Aldaer
2329 3781 2438 3827 Voor
2465 3780 2682 3826 wingurla
2708 3781 2983 3833 g'anckere,

892 3914 1053 3963 waeren
1079 3911 1160 3958 sin
1186 3909 1241 3955 E.
1267 3905 1375 3953 geen
1400 3901 1643 3950 besondere
1669 3900 1804 3945 novos
1830 3897 2125 3945 toegebraght
2151 3893 2367 3942 eenlijck
2393 3892 2474 3938 een
2500 3891 2852 3938 cargasoentgen

897 4039 987 4086 van
1014 4035 1046 4082 ƒ
1075 4020 1432 4079 15055„11„14„
1460 4015 1670 4063 Incoops
1698 4011 1818 4059 ende
1847 4007 2026 4056 bleven
2054 4003 2175 4052 haer
2204 4000 2294 4047 Ed.
2321 3998 2353 4044 s
2383 3998 2680 4044 voornemens
2709 3997 2769 4043 't
2799 3996 2921 4043 spel

899 4140 1049 4190 aldaer
1074 4137 1273 4184 voortaen
1297 4133 1397 4181 niet
1418 4127 1521 4178 meer
1544 4124 1620 4171 als
1644 4120 1868 4168 levendigh
1892 4118 1943 4164 t'
1966 4114 2141 4163 houden,
2165 4111 2266 4159 ende
2288 4106 2489 4155 ongeveer
2513 4105 2589 4151 soo
2612 4104 2712 4151 veel
2737 4102 2788 4149 te
2812 4099 2913 4146 doen

892 4243 1172 4295 Negotieren
1198 4240 1283 4288 dat
1307 4237 1366 4285 't
1393 4230 1615 4281 Comptoir
1642 4227 1754 4274 sich
1782 4226 1837 4272 In
1863 4223 2087 4271 oncosten
2112 4220 2198 4268 kan
2225 4212 2503 4264 bedroppen,
2530 4208 2698 4256 sonder
2723 4202 2838 4251 meer

129 922 167 971 en

134 2759 224 2805 ecker

0 4121 174 4168 gangh
