3642 4828
1007 569 1399 628 Januagiy
1435 560 1643 610 1646

1353 766 1745 818 Coninckelijcken
1771 764 1927 811 bloede
1952 760 2110 809 doord'
2135 754 2267 804 mags.
2291 753 2319 798 t
2345 753 2423 798 tot
2449 751 2736 797 achtemmaeld
2763 751 2919 797 ouleth
2945 752 3155 799 Vercoren
3180 754 3364 802 Wieres,

1339 876 1422 927 soo
1446 869 1606 919 wierdt
1630 866 1738 913 oocq
1763 863 1870 911 naer
1895 862 2002 908 dato
2028 861 2081 907 d'
2107 860 2293 906 geheele
2318 860 2451 907 stadt
2476 859 2530 904 in
2556 858 2715 904 groten
2740 857 2794 902 op
2819 856 2952 902 roer,
2978 853 3084 901 ende
3110 852 3298 899 Wierden

1344 984 1401 1032 d'
1427 973 1762 1031 Naervolgende
1790 965 2040 1018 persoonen
2066 961 2151 1009 soo
2178 959 2234 1005 in
2262 959 2318 1004 d'
2345 958 2540 1005 Conincx
2567 956 2763 1005 paleijs
2789 954 2874 1000 als
2901 954 2957 999 in
2984 951 3124 998 haere
3150 947 3378 996 Arhammen

1338 1086 1411 1136 om
1444 1073 1690 1129 'tleven
1723 1062 2003 1117 gebraght
2036 1057 2073 1105 —

1338 1203 1447 1253 den
1481 1195 1698 1246 groten
1733 1189 1984 1239 Hertoch
2019 1176 2370 1233 ganigangh

1331 1302 1438 1354 den
1472 1294 1751 1346 Hertooch
1785 1277 2238 1338 Naghdiangangh

1339 1402 1450 1453 den
1485 1394 1632 1445 some
1666 1386 1886 1438 vanden
1921 1375 2177 1430 Hertoch
2212 1366 2617 1418 Toffsagangh

1328 1507 1426 1554 den
1456 1489 1911 1551 gedeporteerden
1942 1479 2171 1532 hertoch
2202 1467 2495 1521 Arabgangh

1331 1612 1429 1664 den
1458 1601 1651 1653 groten
1681 1589 1969 1645 artelerie
1998 1577 2224 1632 Meester
2255 1566 2510 1621 sabadder
2541 1558 2797 1609 Basschij

1335 1718 1461 1768 ende
1490 1701 1931 1762 meiersalwbeecq
1960 1698 2055 1744 des
2084 1690 2305 1742 Conincx
2335 1680 2649 1734 tockbinder

1297 1832 1517 1884 Tweerst
1547 1823 1892 1876 voorseecker
1922 1818 2174 1868 gehouden
2206 1817 2300 1863 den
2331 1816 2550 1862 Hartogh
2582 1817 2864 1864 ganigangh
2895 1812 3146 1862 getracht
3175 1806 3334 1856 heeft

1316 1942 1375 1990 s'
1401 1938 1601 1986 Conincx
1621 1921 1967 1983 groodtmoeder
1995 1919 2108 1965 (die
2135 1918 2221 1964 hem
2250 1916 2420 1963 altijt
2447 1917 2532 1963 een
2560 1918 2702 1965 harde
2730 1920 2928 1966 partije
2955 1919 3013 1964 Is
3041 1915 3268 1964 geweest)
3295 1916 3355 1964 om

1331 2037 1386 2083 't
1411 2032 1548 2082 leven
1574 2030 1629 2076 te
1655 2025 1845 2075 brengen
1871 2018 2089 2069 derwegen
2115 2016 2197 2062 met
2223 2014 2278 2060 d'
2305 2011 2576 2059 bovenstaen
2602 2008 2846 2056 Persoonen
2873 2006 3009 2053 sijne
3034 2001 3363 2051 medemackers

1322 2145 1380 2193 t'
1406 2138 1546 2189 synen
1572 2134 1740 2182 huijse
1766 2127 1989 2178 Consilie
2016 2120 2238 2171 gehouden
2265 2116 2404 2164 hadde
2431 2114 2515 2161 ome
2542 2112 2626 2159 des
2652 2109 2848 2156 Conincx
2873 2103 3207 2153 groodtmoeder
3233 2099 3318 2148 met

1326 2243 1528 2296 geweldt
1555 2242 1642 2287 uyt
1670 2240 1756 2286 den
1785 2238 1928 2285 arham
1957 2234 2215 2283 s'haelen,
2242 2230 2358 2279 ende
2386 2229 2444 2275 te
2472 2225 2645 2274 doden,
2671 2223 2730 2269 en
2758 2220 2960 2267 welcken
2987 2218 3131 2264 raedt
3159 2210 3275 2262 mede

1326 2349 1580 2407 getrocken
1607 2347 1748 2393 hadde
1774 2345 1859 2391 des
1885 2343 2081 2390 Conincx
2109 2341 2415 2389 wijnmaecker
2443 2341 2527 2386 die
2555 2341 2638 2386 bij
2665 2337 2833 2385 wisten
2860 2335 2945 2381 een
2971 2325 3168 2379 Vyjandt
3195 2320 3362 2368 vanden

1328 2465 1569 2523 overleden
1594 2459 1781 2509 Miersia
1807 2458 1994 2504 tachij,
2019 2459 2126 2505 ende
2152 2459 2232 2504 een
2258 2459 2338 2504 man
2364 2458 2444 2503 van
2470 2456 2630 2502 groodt
2655 2451 2842 2501 beleije
2868 2449 2896 2495 s
2920 2448 3028 2493 was,
3053 2442 3404 2493 ondertusschen

1321 2584 1408 2635 met
1435 2580 1519 2628 den
1546 2574 1742 2625 anderen
1768 2569 1994 2618 besloten
2021 2566 2217 2615 hebben,
2244 2567 2300 2614 s'
2328 2569 2524 2615 Conincx
2551 2566 2858 2616 grootmoeder
2885 2566 2941 2612 te
2968 2566 3164 2611 dooden,
3189 2563 3248 2611 Is
3272 2556 3418 2607 ijder

1330 2707 1384 2754 t'
1408 2703 1543 2752 synen
1568 2696 1729 2746 huijse
1754 2690 1968 2740 gekeert,
1992 2688 2047 2735 om
2074 2687 2154 2733 dit
2180 2686 2287 2732 seyt
2313 2684 2393 2730 aen
2419 2683 2473 2729 te
2499 2683 2606 2729 aen,
2632 2677 2898 2728 gelastende
2923 2673 3085 2721 elckeh
3109 2669 3164 2716 un
3190 2662 3403 2713 dienaers

1325 2813 1493 2864 sooder
1518 2807 1631 2856 yets
1658 2805 1714 2851 te
1741 2803 1852 2850 doen
1879 2802 1992 2848 Viel
2018 2801 2240 2848 vdersich
2268 2799 2434 2846 donwer
2462 2797 2628 2844 weeren
2655 2792 2822 2841 soude,
2849 2790 2961 2837 doch
2988 2789 3127 2835 desen
3154 2781 3436 2833 wynmaecker

1326 2919 1723 2977 overdenckende,
1749 2920 1806 2966 s'
1834 2920 2032 2965 Conincx
2059 2917 2229 2964 broodt
2257 2916 2313 2962 en
2341 2913 2510 2959 soud't
2538 2913 2679 2959 lange
2706 2910 2876 2957 Iaeren
2902 2907 3102 2954 gegeten
3129 2903 3270 2953 hadde

1317 3042 1376 3089 en
1404 3034 1751 3086 lichtelijcke
1779 3031 1924 3079 moort
1953 3031 2039 3077 tot
2067 3030 2126 3076 d'
2154 3029 2299 3075 Crone
2327 3028 2472 3074 comen
2501 3027 2674 3073 mochte
2701 3025 2760 3071 en
2789 3023 3020 3070 Gingangh
3049 3021 3164 3068 voor
3191 3016 3366 3065 eenige

1312 3146 1454 3195 dagen
1481 3144 1623 3191 onder
1651 3143 1736 3188 den
1765 3142 1906 3188 duijm
1935 3142 2105 3188 overd'
2132 3142 2274 3188 30000
2302 3139 2473 3186 mannen
2500 3137 2615 3183 uijt
2642 3134 2954 3183 verscheijde
2981 3128 3209 3179 plaetsen
3234 3125 3329 3172 tot

1320 3255 1508 3307 secours
1533 3249 1749 3300 ontboden
1775 3246 1910 3294 hadde
1936 3246 2017 3291 van
2044 3244 2231 3291 meninge
2258 3242 2419 3289 sijnde
2446 3240 2526 3287 als
2553 3239 2741 3286 Conincx
2766 3234 2982 3284 dienaers
3008 3232 3063 3278 te
3087 3225 3386 3277 massacreren

1329 3364 1472 3417 gaedt
1499 3358 1613 3407 ende
1640 3351 1922 3401 openbaeret
1949 3349 2203 3396 terselver
2231 3348 2401 3394 stondt
2428 3347 2513 3394 dit
2541 3347 2654 3392 boos
2681 3343 2907 3392 besluijt
2933 3340 3104 3388 aenden
3131 3333 3358 3384 poortien

1322 3483 1406 3532 van
1433 3480 1488 3525 s'
1515 3474 1708 3524 Conincx
1734 3468 1900 3519 arham,
1927 3468 2010 3513 die
2035 3464 2147 3513 dese
2175 3463 2340 3508 rlovos
2367 3462 2477 3508 door
2505 3462 2587 3507 hem
2614 3459 2780 3506 nevens
2807 3458 2972 3504 eenige
2999 3454 3220 3503 Coipados
3246 3453 3340 3500 aen

1312 3601 1402 3653 syn
1428 3592 1575 3644 mags.
1603 3591 1661 3636 te
1689 3590 1748 3636 op
1776 3582 1980 3635 staende
2007 3579 2153 3626 voedt
2181 3577 2297 3624 leet
2326 3575 2499 3622 weten,
2526 3573 2615 3620 den
2644 3570 2847 3618 Coninck
2874 3569 3164 3617 verwondert
3191 3558 3366 3614 sijnde

1319 3718 1375 3765 te
1401 3713 1543 3764 merer
1569 3704 1823 3757 ganigangh
1850 3700 1963 3748 seer
1990 3696 2158 3744 benidt
2186 3695 2354 3741 hadde,
2381 3692 2522 3740 konde
2550 3691 2690 3737 sulcx
2718 3689 2942 3738 qualijck
2968 3683 3222 3733 gelooven,
3249 3677 3390 3727 edoch

1331 3826 1559 3877 naerdien
1587 3821 1816 3871 gemelten
1843 3816 2157 3866 wijnmaecker
2186 3814 2385 3861 hondert
2414 3812 2642 3860 derhande
2670 3807 2842 3856 d'uyen
2868 3802 2984 3851 wist
3012 3801 3069 3847 te
3096 3797 3357 3846 verhaelen

1320 3946 1507 4000 daerbij
1532 3945 1560 3991 s
1585 3940 1771 3990 werende
1795 3935 1929 3985 selfs
1954 3933 2113 3979 vanden
2139 3933 2218 3978 eet
2243 3932 2297 3978 te
2323 3932 2455 3978 sijn,
2481 3927 2693 3976 biedende
2718 3926 2798 3973 God
2823 3924 2877 3970 en
2902 3923 2982 3968 den
3007 3920 3199 3970 Coninck

1326 4061 1380 4107 om
1406 4053 1755 4106 vergiffenisse
1781 4052 1863 4098 gaf
1888 4049 1970 4097 sin
1996 4048 2158 4094 mags.t
2183 4045 2265 4093 hem
2290 4043 2480 4090 gehoor,
2507 4043 2695 4090 dierweg
2720 4038 2775 4087 en
2801 4034 2963 4082 eenige
2989 4031 3205 4079 hertogen

1318 4174 1572 4229 ontboden,
1600 4170 1713 4218 ende
1739 4167 1882 4215 raedt
1910 4162 2135 4212 gehouden
2162 4160 2360 4206 hebben,
2388 4160 2585 4207 belaste
2613 4160 2698 4206 soo
2725 4157 2839 4204 drae
2867 4151 2952 4202 den
2979 4143 3176 4195 Hertogh
3203 4139 3403 4187 qugangh
