3580 4883
1509 1075 1630 1121 ende
1659 1070 1994 1120 vergoedinge
2022 1068 2115 1115 van
2144 1067 2357 1115 verdere
2386 1071 2599 1120 geleden
2629 1075 2872 1126 schaden,
2901 1082 3024 1130 ende
3053 1086 3386 1138 Interesten,

1510 1166 1632 1217 uijt
1659 1160 1929 1209 Chinanuas
1958 1157 2316 1204 overgebleven
2346 1159 2615 1208 middelen,
2644 1164 2734 1209 die
2763 1164 2883 1212 rede
2912 1167 3032 1213 daer
3061 1168 3122 1213 te
3151 1169 3330 1214 vinden
3359 1169 3394 1218 —

1509 1259 1749 1317 beslagen
1777 1252 1926 1302 sijn,
1954 1250 2044 1296 als
2073 1248 2251 1294 anders
2280 1248 2340 1294 te
2369 1249 2489 1296 doen
2517 1252 2547 1298 (
2576 1253 2695 1301 waer
2724 1256 2814 1303 van
2842 1259 3020 1304 echter
3049 1257 3227 1303 duchte
3257 1257 3316 1302 op
3345 1256 3378 1302 —

1505 1355 1778 1415 d'affreeq
1807 1349 1929 1398 noch
1957 1345 2079 1393 vele
2108 1341 2441 1389 onbereffent
2471 1344 2683 1393 blijven
2712 1349 2834 1397 sal)
2862 1353 3043 1400 sullen
3074 1355 3315 1402 gelieven
3345 1356 3405 1403 te

1506 1448 1776 1505 vernemen,
1805 1442 2014 1493 daertoe
2042 1438 2133 1486 mij
2163 1437 2222 1482 in
2252 1437 2401 1483 desen
2430 1438 2581 1487 oocq,
2609 1443 2699 1489 ome
2728 1444 3027 1496 cortheijts
3056 1452 3234 1499 wille,
3264 1453 3420 1500 refer

1507 1542 1765 1597 besijden
1795 1538 1893 1585 dat
1925 1535 1990 1581 nu
2021 1534 2246 1580 sasadra
2278 1534 2343 1580 Jn
2375 1535 2697 1584 Madrespat:
2727 1539 2857 1585 door
2888 1541 2954 1588 s'
2983 1543 3211 1591 Conincx
3241 1547 3404 1596 bevel

1513 1642 1578 1689 in
1608 1630 2056 1685 verseeckeringh
2088 1629 2344 1676 gehouden
2375 1631 2567 1677 werdt,
2599 1631 2919 1679 mitsgaders
2950 1635 3398 1685 wardappeneijcq

1504 1738 1633 1790 ende
1661 1725 2106 1781 connerechittij
2136 1726 2264 1772 naer
2294 1728 2642 1777 Tegenampath
2672 1732 2926 1781 gevlucht
2956 1737 3114 1783 sijn,
3146 1735 3368 1783 wesende

1515 1832 1629 1880 dees
1654 1824 1770 1875 drie
1796 1819 1883 1868 van
1909 1817 2024 1863 seer
2052 1817 2223 1863 bosen,
2250 1819 2364 1867 ende
2392 1823 2618 1872 valschen
2646 1827 2789 1873 aert,
2816 1828 2929 1873 naer
2958 1828 3184 1874 welckers
3212 1825 3388 1873 raedt,

1514 1924 1639 1975 ende
1665 1909 1915 1967 Inductie
1945 1907 2192 1953 Chinanna
2223 1907 2347 1954 sich
2376 1910 2655 1960 doorgaens
2685 1915 2931 1966 gevought
2962 1921 3147 1969 heeft,
3178 1923 3270 1968 soo
3299 1918 3394 1967 dat

1503 2021 1574 2071 nu
1605 1994 2044 2063 Godd'voorste)
2076 1992 2144 2039 te
2177 1993 2448 2044 verhope,
2480 2000 2616 2050 onse
2648 2006 2884 2055 hartste
2917 2010 3187 2058 vianden,
3220 2012 3355 2059 ende

1502 2114 1593 2166 der
1617 2100 1797 2157 selver
1823 2089 2146 2143 machinatien
2174 2088 2263 2134 ten
2291 2089 2584 2139 principale
2612 2094 2817 2146 gestut,
2846 2101 2905 2147 s'
2932 2102 3138 2150 compj=s
3167 2098 3401 2150 directie

1503 2198 1673 2254 alhier
1697 2192 1756 2240 in
1782 2185 1952 2236 corten
1979 2183 2035 2229 in
2062 2181 2174 2228 vrij
2202 2181 2342 2228 beter
2370 2183 2538 2231 stant,
2565 2186 2651 2233 als
2677 2189 2817 2236 noijt
2844 2192 2956 2238 voor
2984 2193 3152 2240 desen,
3179 2195 3403 2242 gerestan

1473 2293 1683 2352 „reert,
1708 2277 2009 2335 mitsgaders
2038 2275 2129 2322 een
2158 2276 2427 2324 g'achter,
2455 2280 2575 2327 ende
2604 2283 2932 2331 aensienlijk
2962 2286 3081 2332 naem
3110 2286 3230 2331 daer
3259 2285 3394 2332 door

1514 2388 1650 2437 meer
1682 2378 1888 2431 andere
1921 2371 2194 2422 gesmede,
2229 2371 2365 2418 ende
2399 2373 2536 2421 noch
2569 2377 2706 2424 voor
2737 2378 2807 2424 te
2841 2378 3012 2425 nemen
3045 2377 3386 2424 attentaten

1505 2476 1713 2534 siende
1744 2467 2019 2519 d'sobere
2053 2466 2325 2512 effecten
2359 2467 2461 2514 der
2496 2469 2735 2518 selver)
2768 2473 3041 2522 geweert,
3074 2477 3211 2523 voor
3245 2478 3315 2524 d'
3347 2481 3387 2530 E

1507 2577 1702 2633 Compje
1733 2565 2123 2621 uijtgewrocht
2156 2564 2253 2610 sal
2285 2563 2448 2610 sijn,
2479 2565 2546 2611 t'
2576 2567 2642 2613 Is
2674 2568 2804 2616 oocq
2836 2572 2933 2617 wel
2965 2572 3225 2619 apparent
3257 2570 3388 2617 onse

1503 2669 1841 2731 geveijnsde
1872 2663 2109 2712 vrunden
2142 2661 2547 2710 d'Engelschen
2578 2664 2716 2711 door
2748 2666 2850 2712 dit
2883 2668 3186 2716 gewenscht
3219 2665 3390 2714 geval

1503 2768 1840 2827 d'vruchten
1871 2758 2042 2811 harer
2074 2754 2446 2802 aenhalingen
2479 2756 2581 2802 van
2613 2757 2919 2807 Chinanna,
2951 2763 3086 2810 ende
3119 2765 3390 2812 d'sijnen

1510 2860 1872 2924 namentlijck
1904 2854 2036 2904 vele
2067 2847 2363 2898 onlusten,
2394 2846 2494 2893 een
2526 2850 2983 2902 g'imbruljeerde
3016 2857 3213 2905 reecq,
3245 2856 3378 2906 ende

1517 2969 1684 3022 quade
1715 2953 2015 3013 schulden,
2045 2948 2181 2997 ende
2212 2942 2381 2991 sulcx
2412 2944 2678 2992 d'rechte
2711 2947 3043 2997 beloninge,
3075 2951 3175 2999 van
3208 2950 3376 2999 voor—

1521 3061 1794 3121 verhaelde
1822 3046 2157 3104 machinatien
2187 3042 2278 3089 ten
2308 3041 2641 3089 uijttersten
2671 3045 2762 3092 met
2792 3047 2943 3096 raedt
2973 3051 3095 3098 ende
3125 3054 3246 3099 daet
3276 3050 3398 3099 gevo

1517 3167 1633 3219 ende
1660 3151 2005 3211 aengestoockt
2033 3149 2091 3194 te
2118 3144 2321 3193 hebben,
2348 3143 2608 3189 erlangen,
2635 3144 2694 3190 en
2722 3145 2838 3193 sijn
2865 3149 3009 3196 Inden
3037 3151 3123 3197 put
3152 3152 3267 3199 voor
3294 3154 3389 3202 ons

1508 3261 1753 3320 gegraven
1780 3251 1966 3305 selffs
1995 3244 2240 3295 geraeken
2270 3243 2484 3289 sullen,
2514 3244 2850 3292 tverrichten
2879 3247 2972 3293 van
3002 3249 3216 3297 gemelte
3245 3253 3400 3300 vrund

1516 3368 1577 3415 In
1603 3350 1812 3411 negotie
1841 3341 1989 3392 (daer
2017 3337 2166 3385 onder
2194 3335 2284 3382 wel
2314 3335 2757 3381 t'principaelste
2785 3335 2905 3381 uijt
2934 3336 3260 3389 particulier
3288 3344 3379 3390 en)

1518 3465 1581 3514 Is
1609 3447 1854 3509 t'sedert
1883 3438 2066 3490 mijnen
2094 3433 2370 3482 Jonghsten
2399 3431 2491 3477 aen
2521 3431 2552 3476 U
2582 3431 2644 3476 E:
2672 3431 2734 3477 d:
2764 3430 2886 3476 door
2916 3431 3159 3479 fardance
3189 3434 3312 3483 ende

1515 3550 1913 3611 mancquement
1942 3540 2057 3594 van
2093 3536 2201 3584 hun
2236 3533 2562 3581 overlangh
2597 3534 2923 3581 verwachte
2959 3534 3248 3580 secours,
3283 3533 3396 3581 van

1508 3665 1624 3719 soo
1660 3650 1923 3708 weynige
1958 3630 2409 3693 consideratie
2445 3629 2747 3680 geweest,
2782 3636 2896 3682 dat
2932 3637 3083 3683 geen
3119 3639 3382 3698 verhael

1504 3758 1921 3817 meriteert.

1511 3996 1666 4055 Ende
1701 3989 1856 4039 naer
1891 3984 2046 4033 dien
2084 3984 2122 4029 u
2160 3981 2275 4029 Ed:
2310 3978 2465 4024 bijt
2502 3976 3187 4026 voorgementioneerde
3224 3972 3340 4020 den

1523 4086 1828 4142 toestant
1865 4081 2055 4130 deser
2092 4076 2283 4126 Custe
2320 4074 2435 4120 ten
2472 4071 2853 4119 principale
2890 4076 3387 4126 Gedeclareert.

1516 4195 1651 4243 ende
1680 4188 1785 4238 mij
1817 4185 1852 4231 a
1884 4179 2120 4230 present
2154 4177 2289 4224 geen
2322 4174 2524 4221 verder
2556 4172 2792 4219 materie
2826 4174 2927 4220 ten
2960 4175 3195 4221 dienste
3229 4175 3398 4224 nodic

1829 335 2296 394 Coromandel

3018 345 3218 394 1646

1840 452 1984 505 Copir
2011 450 2208 497 missive
2235 449 2348 495 door
2376 448 2460 494 den
2488 445 2769 492 Gouverneur
2797 445 2966 493 Arnold
2993 449 3190 494 Heussen

1843 545 1896 591 In
1919 541 2025 588 dato
2049 537 2153 585 ult.
2178 536 2205 581 o
2230 537 2359 583 febr:
2384 537 2436 582 p.
2462 537 2488 582 r
2513 536 2565 582 't
2591 535 2746 581 s'acht
2771 535 2849 580 lis
2875 533 2952 580 aen
2977 531 3081 577 haer
3106 526 3216 576 Ed=s

2997 4303 3398 4352 occurrerende

755 240 907 290 aal
957 239 1209 289 16a65
