3567 4883
1227 794 1828 854 Masulijpatam
1878 794 2079 841 ende
2128 796 2230 841 d'
2278 795 2479 844 Cust
2529 793 2679 839 van
2729 791 3080 839 Oricxa,
3130 790 3341 837 omme

1266 924 1353 976 Jn
1393 920 1518 967 die
1559 911 1976 964 quartieren
2017 911 2059 956 t
2100 911 2392 959 gereede
2433 913 2558 960 soo
2595 904 2891 957 cleeden
2932 900 3057 948 als
3098 898 3268 950 Rijs

1242 1056 1286 1101 t
1329 1047 1896 1101 jnbarcqueren,
1939 1047 2026 1092 op
2069 1047 2157 1093 't
2201 1030 2680 1091 spoedighste
2722 1024 2898 1074 niet
2940 1022 3028 1068 en
3068 1015 3333 1067 behoor

1230 1192 1323 1241 te
1367 1178 1873 1235 dispacheren
1918 1176 1965 1222 t
2010 1161 2561 1221 voorschreven
2606 1156 2746 1204 van
2790 1158 2975 1206 sijn
3018 1161 3111 1208 E:
3154 1154 3297 1206 met

1214 1333 1434 1389 Goede
1477 1323 1874 1377 voordacht
1916 1318 2357 1367 overleijdt
2400 1315 2577 1363 ende
2618 1297 3280 1359 geconsidireerdt

1253 1460 1518 1510 sijnde
1560 1456 1694 1506 hoe
1737 1449 1915 1500 veel
1958 1446 2047 1492 d'
2090 1448 2179 1495 E.
2223 1447 2488 1497 Comp„e
2531 1443 2664 1492 Bij
2707 1429 3061 1486 vervolch
3104 1421 3282 1472 ende

1250 1602 1509 1652 nader
1560 1600 2076 1648 ondersoeck
2127 1594 2437 1643 vanden
2486 1582 2952 1639 malacxsen
3003 1573 3316 1626 handel

1250 1723 1932 1785 insonderheijdt
1980 1722 2174 1770 omme
2222 1721 2320 1766 in
2367 1717 2514 1765 die
2562 1709 3047 1761 quartieren
3086 1686 3338 1753 goede

1224 1858 1755 1918 quantiteijt
1803 1856 2045 1903 goudt
2092 1840 2624 1899 terlanghen,
2671 1833 2866 1883 ende
2913 1819 3352 1877 herwaerts

1229 1994 1337 2042 te
1389 1985 1761 2040 trecken
1810 1976 2187 2030 gelegen
2239 1975 2346 2021 is
2398 1967 2612 2019 wert
2661 1959 2824 2010 met
2864 1936 3249 2002 gemeene

1229 2125 1595 2178 stemmen
1646 2118 1908 2170 goedt
1958 2106 2378 2162 gevonden
2398 2100 2638 2148 ende
2689 2078 3368 2143 gearresteerdt

1225 2259 1377 2312 dat
1421 2255 1576 2302 men
1619 2255 1675 2300 t
1714 2248 2173 2299 cargasoen
2204 2242 2470 2295 boven
2519 2236 2669 2284 den
2717 2220 3016 2279 eijsch
3060 2210 3266 2264 medt

1226 2387 1646 2443 diversche
1691 2377 2206 2433 sorteringhe
2252 2374 2392 2420 van
2438 2361 2765 2418 cleeden
2811 2338 3325 2403 vergrooten,

1246 2521 1446 2578 meer
1494 2507 1840 2564 gemelte
1888 2500 2234 2552 fluijdt
2282 2495 2530 2544 schip
2574 2477 3071 2543 mitsgaders
3118 2471 3268 2520 den

1226 2661 1732 2720 oppercoopman
1773 2656 1900 2705 s„r
1941 2654 2068 2701 van
2103 2644 2320 2699 gendt
2362 2639 2446 2686 op
2487 2634 2740 2684 mergen
2781 2623 2993 2677 (:god
3029 2613 3119 2669 d'
3158 2602 3412 2654 voorsz

1230 2780 1761 2838 dispacheren
1808 2778 1953 2824 sal
2001 2776 2194 2825 medt
2242 2773 2484 2821 ordre
2531 2768 2724 2816 ende
2768 2744 3399 2812 recommandatie

1227 2937 1321 2983 d'
1367 2933 1602 2984 reijs
1647 2927 1789 2976 soo
1835 2924 1977 2972 dra
2006 2911 2444 2966 mogelijck
2489 2904 2679 2955 over
2723 2888 3289 2946 masulijpatam

1230 3061 1438 3121 ende
1486 3053 1590 3104 d'
1641 3051 1896 3101 Custe
1946 3054 2100 3101 van
2150 3042 2457 3098 Oricxa
2507 3034 2712 3085 naer
2760 3020 3173 3078 mallacca

1232 3200 1335 3248 te
1384 3185 1849 3247 spoedigen

1250 3400 1557 3463 Aldus
1617 3377 1983 3443 Gedaen
2035 3370 2287 3421 ende
2344 3360 3079 3418 g'arresteert
3127 3346 3323 3404 int

1281 3523 1735 3595 Casteel
1798 3500 2252 3561 geldria
2316 3492 2641 3544 datum
2705 3487 2900 3536 als
2963 3480 3288 3530 Boven

2183 3643 2442 3710 Was
2523 3595 3214 3683 geteecqt

2217 3918 2662 3971 Arnold
2731 3912 3251 3965 Heussen

2040 4068 2809 4142 Lauwerens
2888 4063 3236 4115 Litt

1965 4231 2585 4294 Hendricq
2659 4217 2895 4272 van
2971 4208 3281 4256 gent
