3642 4828
996 518 1232 586 april
1274 508 1471 561 1646

1366 681 1506 730 aende
1533 681 1644 727 oude
1672 681 1866 727 schuldt
1894 681 2005 726 noch
2030 677 2282 726 resteerde
2310 678 2393 723 hem
2420 678 2449 724 5
2474 676 2643 724 Lacken
2669 673 2892 724 paegoden
2919 672 2975 719 en
3002 673 3058 719 10
3086 671 3363 718 oliphanten

1361 794 1581 851 geliefde
1607 792 1662 838 te
1687 780 2015 836 contribueren
2040 776 2259 824 (gelijck
2285 775 2369 821 hem
2394 776 2530 823 sulcx
2557 776 2720 823 alrede
2746 773 2856 820 door
2883 771 3045 818 sijnen
3072 770 3371 817 Ambassadeur

1307 900 1513 957 wengena
1541 893 1687 944 hadde
1715 891 1833 938 doen
1860 882 2210 935 presenteren)
2238 879 2326 926 soo
2355 878 2530 924 souden
2559 878 2733 923 metten
2762 878 2966 925 anderen
2994 881 3169 926 Vrede:
3197 877 3404 925 maecken

1345 1007 1464 1056 ende
1491 1004 1581 1050 aen
1610 1004 1669 1049 't
1697 995 2021 1049 gepasseerde
2049 992 2168 1039 niet
2197 989 2315 1036 meer
2342 983 2637 1033 gedencken,
2664 980 2784 1028 ofte
2812 976 3107 1025 andersints
3134 974 3256 1025 dese

1347 1113 1493 1167 goede
1520 1106 1754 1157 conditie
1782 1101 1899 1150 niet
1927 1096 2160 1145 willende
2189 1095 2450 1141 aennemen,
2479 1095 2596 1143 ende
2622 1096 2828 1144 weijger
2857 1096 2973 1141 ende
3000 1093 3147 1141 soude
3176 1092 3350 1138 alsdan
3379 1092 3472 1140 ter

1351 1219 1655 1274 Contrarie
1688 1213 1958 1263 bebinden
1992 1213 2093 1258 van
2127 1213 2229 1259 wat
2262 1214 2532 1262 vermogen
2566 1214 2667 1260 hij
2701 1211 2836 1259 was—

1283 1359 1592 1409 Seecker
1634 1350 2163 1402 moorgenaempt
2206 1351 2514 1400 gahasij
2555 1346 3128 1400 Commanderende
3168 1340 3348 1390 over

1319 1476 1445 1525 2000
1473 1466 1694 1520 peerden
1724 1463 1881 1510 onder
1912 1457 2256 1508 mustafschan
2285 1454 2599 1503 sorterende
2629 1453 2785 1499 heeft
2817 1452 2911 1498 den
2941 1452 3160 1499 Coninck
3191 1452 3347 1499 laten

1338 1574 1486 1627 weten
1514 1570 1603 1618 ten
1631 1564 1836 1614 aensien
1863 1561 1953 1608 van
1981 1558 2128 1605 oudts
2156 1555 2537 1603 grootteliefde
2565 1556 2654 1603 tot
2682 1559 2741 1604 't
2769 1556 3092 1603 Carnatische
3120 1555 3414 1605 rijckhadde

1340 1675 1596 1736 gedraegen
1624 1672 1737 1720 niet
1764 1672 1933 1718 geerre
1960 1669 2074 1717 sien
2101 1667 2242 1714 soude
2269 1667 2354 1713 dat
2382 1667 2523 1713 vande
2551 1665 2916 1712 visiapoursche
2944 1665 3196 1713 overheert
3224 1665 3393 1713 wierde

1344 1789 1490 1840 wandt
1518 1787 1606 1834 dat
1633 1782 1808 1830 altijt
1837 1781 1982 1827 hadde
2010 1779 2126 1825 sien
2154 1779 2213 1825 te
2242 1777 2473 1825 beletten
2501 1771 2936 1822 voornamentlijck
2964 1768 3168 1816 eenigen
3194 1762 3316 1813 tijt

1336 1901 1655 1953 herwaerdts,
1682 1897 1799 1945 ende
1828 1894 2059 1943 t'sedert
2087 1892 2174 1938 dat
2202 1891 2261 1937 d'
2289 1888 2549 1935 Voortocht
2577 1887 2722 1933 hadde
2751 1883 2954 1932 gehadt,
2982 1883 3040 1929 nu
3068 1880 3155 1927 Was
3184 1880 3213 1925 —

1332 2001 1671 2065 Mustafschan
1701 2000 1793 2046 met
1823 1999 1885 2045 d'
1915 1996 2129 2044 geheele
2158 1994 2313 2041 macht
2342 1991 2680 2039 aengecomen,
2710 1989 2832 2036 ende
2862 1986 3108 2034 weerdich
3138 1985 3455 2033 Innewaerts

1335 2114 1395 2163 te
1422 2106 1651 2158 trecken,
1678 2103 1905 2152 daeromme
1933 2099 2104 2147 Indien
2132 2099 2189 2144 d'
2217 2098 2359 2144 mags.
2388 2097 2530 2143 Hdem,
2556 2094 2671 2142 ende
2699 2093 2785 2139 syn
2813 2092 3013 2138 broeder
3040 2091 3182 2138 walde
3210 2088 3414 2136 beloven

1333 2219 1428 2266 net
1459 2215 1617 2263 staet
1648 2213 1711 2259 te
1742 2211 2057 2260 verheffen,
2088 2208 2214 2254 ende
2245 2207 2308 2253 in
2339 2207 2529 2254 dienst
2559 2209 2655 2255 aen
2685 2210 2748 2255 te
2780 2210 2969 2257 nemen,
2999 2209 3094 2256 Was
3125 2206 3377 2254 genegen.

1328 2333 1388 2379 ed
1414 2327 1535 2376 side
1564 2325 1653 2371 des
1683 2323 1890 2371 Conincx
1917 2319 2185 2367 t'houden,
2215 2318 2304 2364 met
2333 2318 2511 2366 Verder
2540 2318 2865 2366 conditied.k
2894 2317 3043 2365 mags.
3071 2317 3161 2363 van
3189 2316 3345 2364 Voren

1332 2430 1455 2479 ende
1484 2426 1727 2474 achteren
1754 2427 1816 2474 op
1846 2427 2087 2473 d'Mooren
2117 2426 2358 2473 aencomen
2386 2424 2569 2471 Moeste
2598 2423 2779 2470 alsdan
2808 2422 2899 2467 soo
2930 2419 3110 2467 souden
3140 2418 3322 2464 metten

1336 2541 1538 2593 anderen
1566 2534 1914 2585 Conjungeren,
1941 2533 2057 2581 ende
2086 2533 2462 2579 gelijckelijck
2490 2533 2635 2579 tegen
2663 2526 3010 2578 mustaofschan
3038 2525 3125 2570 een
3154 2523 3327 2570 groote

1326 2654 1475 2705 saeck
1502 2651 1622 2698 sien
1650 2646 1769 2696 uijt
1797 2644 1857 2690 te
1887 2641 2093 2689 rechten
2121 2640 2270 2686 Alsoo
2299 2639 2506 2685 daertoe
2534 2639 2683 2685 goede
2710 2635 3007 2683 apparentie
3035 2633 3154 2681 Was,
3183 2631 3301 2678 ende
3330 2629 3420 2675 dat

1326 2759 1569 2814 vermidts
1598 2752 1929 2803 mistafschan
1958 2747 2079 2796 maer
2108 2741 2259 2791 8000.
2289 2741 2499 2789 paerden
2529 2743 2619 2788 bij
2648 2742 2740 2788 den
2769 2743 2980 2790 anderen
3010 2745 3250 2795 vaerdigh
3279 2741 3446 2794 hadde

1330 2868 1397 2918 en
1426 2864 1557 2911 Chan
1587 2863 1716 2910 Chan
1746 2859 1843 2906 dit
1874 2858 2002 2903 saer
2032 2854 2162 2902 door
2193 2854 2257 2899 d'
2288 2851 2767 2898 ongelegentheijt
2799 2852 2894 2898 der
2926 2850 3054 2897 tyts
3085 2849 3213 2896 niet

1333 2980 1474 3033 weder
1500 2972 1696 3025 keeren,
1722 2968 1834 3016 ende
1859 2964 1973 3013 door
1999 2963 2083 3009 die
2109 2961 2332 3008 oorsaeck
2360 2957 2443 3006 den
2471 2956 2665 3002 Conincq
2692 2955 2803 3001 oocq
2830 2951 2942 2999 geen
2969 2948 3164 2995 secours
3191 2949 3357 2995 senden

1334 3080 1525 3134 konde,
1556 3064 1932 3123 dienwoegende
1963 3062 2340 3110 behoordenten
2372 3061 2466 3107 hem
2497 3061 2560 3106 nu
2590 3057 2844 3106 sodanich
2874 3057 2937 3103 te
2968 3056 3192 3104 treffen

1335 3189 1442 3237 dat
1474 3186 1547 3232 d'
1581 3178 1795 3229 mooren
1830 3176 1901 3224 d'
1935 3172 2113 3220 Macht
2148 3169 2255 3217 Van
2289 3167 2608 3215 Carnatica
2643 3165 2821 3214 soude
2855 3156 3213 3209 gedencken—

1310 3333 1457 3383 den
1497 3322 1847 3377 Coninck
1895 3319 2042 3366 dit
2091 3315 2335 3364 alles
2382 3315 2677 3363 vanden
2725 3305 3266 3360 ambassadeur

3274 3313 3320 3358 -

1337 3439 1568 3490 verstaen
1597 3437 1770 3485 hebben
1798 3433 1971 3482 seijde
1999 3429 2173 3478 tegens
2200 3428 2288 3474 die
2315 3428 2403 3475 van
2431 3427 2605 3475 sijnen
2632 3430 2777 3476 raede
2805 3428 2978 3475 Indien
3006 3425 3213 3473 Gasasij

1330 3558 1415 3604 dit
1440 3552 1527 3601 fin
1552 3545 1696 3596 wercq
1723 3539 1921 3589 stellen
1947 3536 2118 3584 wilde,
2145 3534 2232 3581 het
2259 3535 2344 3582 een
2371 3534 2823 3581 voortreffelijcke
2850 3533 2992 3579 saeck
3019 3530 3161 3577 soude
3189 3530 3330 3577 wesen
3355 3530 3388 3578 —

1338 3660 1456 3710 maer
1483 3655 1572 3704 men
1600 3652 1774 3700 mochte
1802 3651 1890 3697 hem
1917 3648 2035 3696 niet
2063 3646 2179 3693 alte
2208 3643 2324 3691 veel
2353 3641 2671 3687 vertrouwen,
2700 3639 2846 3686 alsoo
2874 3640 2961 3685 hij
2990 3638 3106 3685 Voor
3133 3636 3280 3682 desen
3307 3634 3366 3681 in
3392 3631 3425 3679 —

1327 3767 1505 3828 andere
1531 3748 1911 3810 gelegentheden
1940 3748 1999 3793 op
2027 3746 2232 3792 bedrogh
2257 3746 2318 3793 Is
2346 3743 2580 3791 bevonden
2608 3741 2841 3787 geweest,
2870 3739 2987 3786 doch
3015 3736 3074 3783 in
3100 3733 3248 3781 desen

1333 3868 1560 3923 nodigen
1591 3863 1690 3912 tit
1719 3857 1851 3906 wast
1882 3852 2142 3901 geraeden
2173 3850 2239 3895 te
2271 3848 2400 3895 doen
2433 3848 2530 3894 wat
2559 3848 2627 3895 In
2657 3842 2918 3893 vermogen
2949 3839 3079 3887 was,
3111 3837 3176 3883 en
3207 3838 3310 3886 hem

1325 3979 1527 4034 Jahasij
1554 3973 1641 4023 aen
1668 3970 1727 4017 te
1756 3965 2014 4015 schrijven
2041 3963 2129 4010 dat
2156 3962 2272 4007 sijn
2301 3959 2530 4007 voorstel
2559 3958 2817 4005 voorgoedt
2844 3955 3075 4003 gehaght,
3103 3955 3161 4001 en
3190 3956 3249 4002 In

1322 4091 1452 4144 dier
1482 4078 1676 4134 vougen
1708 4071 2094 4123 g'accepteert
2126 4070 2319 4117 Wieret
2350 4067 2512 4114 sulcx
2543 4067 2640 4114 tot
2671 4067 2737 4112 't
2768 4064 3090 4113 verrichten
3122 4059 3382 4109 desselfs

3059 4166 3332 4215 eenlijck

2870 1211 2932 1257 -
