3492 4610
2377 839 2513 888 Srt
2556 843 2735 894 Jago
2779 849 3312 907 verschoncken

2087 872 2166 928 op

1055 897 1198 944 vane
1231 889 1555 941 Oliphant,
1590 891 1698 940 van
1733 896 1988 956 omtrent

2089 965 2204 1012 is.
2241 960 2394 1008 ende
2431 958 2507 1006 om
2545 955 2659 1001 wat
2694 947 3309 1012 nootsakelicheden

1047 996 1194 1050 175
1239 988 1337 1039 lb
1383 985 1671 1032 aldaer
1718 985 1910 1033 voor

1094 1082 1506 1135 beesten,
1557 1084 2024 1132 vercktens

1083 1187 1253 1234 als
1308 1182 1705 1230 groente
1760 1179 1930 1229 tot

1054 1287 1732 1345 ververschinge
1784 1271 2306 1330 vermangelt
2358 1272 2462 1317 te
2514 1272 2880 1333 hebben,

1108 1454 1201 1501 de
1244 1446 1569 1496 vordere
1614 1441 2169 1489 gevraechdens
2214 1444 2491 1496 seggen
2537 1447 2721 1498 vant
2767 1452 3230 1514 gevraechde

1108 1548 1317 1610 geen
1365 1540 1776 1593 kennisse
1827 1546 1931 1592 te
1981 1547 2343 1596 hebben,

1157 1741 1287 1790 Den
1329 1727 1673 1786 Schipper
1714 1723 1886 1771 ende
1928 1720 2315 1769 Constapel
2356 1719 2528 1766 vant
2571 1717 2829 1765 Filuyt
2870 1721 3088 1777 schip
3126 1737 3256 1789 den

1205 1830 1532 1882 Davidt,
1575 1818 2090 1875 responderen
2136 1817 2323 1866 door
2368 1816 2601 1868 ordre
2643 1808 2927 1860 vanden
2972 1806 3162 1856 heer

1287 1917 1797 1981 Commandeur
1844 1920 2299 1968 deutocum,
2349 1918 2501 1965 aen
2549 1911 2651 1959 't
2701 1906 2954 1958 schip
3003 1902 3160 1950 den

1330 2018 1764 2066 Eliphant,
1811 2021 1908 2067 in
1955 2018 2149 2068 drie
2196 2019 2581 2066 vaetgens
2629 2019 2775 2066 125
2799 2015 2914 2067 lb
2962 2006 3252 2059 cruijt

1102 2130 1633 2197 overgegoven
1678 2123 1777 2173 te
1824 2117 2167 2170 hebben,

1135 2247 1222 2294 de
1264 2241 1566 2289 vordere
1608 2222 2216 2287 geinterroqdens
2249 2221 2511 2279 seggen
2551 2214 2725 2261 hier
2767 2208 2897 2258 aff
2940 2202 3112 2253 niet
3154 2196 3242 2245 te

1131 2338 1447 2387 weten

1606 2565 1790 2613 Alle
1835 2559 2202 2611 t'welcke
2246 2552 2522 2604 voorsz
2567 2544 2842 2593 staat,
2883 2537 3301 2591 verclaren

1632 2671 1734 2717 sy
1781 2648 2645 2715 geinterrogeerdens
2694 2622 3304 2692 gesamentlyck

1612 2783 1804 2840 yder
1850 2771 2040 2823 voor
2087 2769 2230 2816 soo
2277 2767 2467 2815 veel
2511 2755 2657 2810 syn
2701 2736 3280 2797 gedeposeerde

1594 2890 1894 2946 aengaet,
1928 2882 2080 2934 ende
2117 2878 2192 2925 op
2228 2874 2414 2922 ijder
2451 2859 2861 2918 vraechbomct
2896 2854 3306 2910 gerespond=t

1420 3026 1592 3085 ende
1632 3014 1721 3068 in
1762 3003 2062 3054 margine
2103 2999 2233 3047 van
2271 2987 2447 3043 yder
2489 2981 2875 3031 derselver
2917 2974 3304 3025 geannot=t

1424 3142 1598 3190 ende
1641 3128 1857 3188 gess.
1899 3112 2158 3169 staet,
2200 3100 2415 3153 alsoo
2456 3096 2544 3144 te
2586 3094 2802 3141 wesen
2845 3084 3277 3141 d'oprechte

1455 3255 1632 3305 ende
1671 3234 1985 3298 sincere
2025 3217 2425 3277 waerheyt,
2469 3205 2867 3261 begerende
2910 3203 3087 3250 daer
3130 3202 3319 3249 noch

1454 3353 1598 3401 toe
1645 3348 1837 3399 ofte
1883 3336 2313 3390 affgedaen
2359 3328 2455 3377 te
2499 3313 2836 3370 hebben,
2883 3307 3074 3360 ende
3121 3304 3264 3356 den

1465 3452 1852 3521 spraecken
1891 3442 2022 3494 tot
2064 3437 2364 3486 meerder
2406 3429 2918 3482 becrachtinge
2961 3425 3260 3474 vandien

1476 3563 1623 3617 soo
1669 3556 2098 3607 waerlijck
2143 3548 2335 3597 most
2382 3544 2525 3591 hun
2571 3543 2762 3590 Godt
2809 3541 3285 3592 almachtich

1463 3661 1858 3715 helpen,
1914 3652 2254 3705 Acttum
2305 3655 2479 3702 int
2535 3655 2930 3705 Casteel
2987 3655 3280 3709 Bat=a

1459 3784 1621 3838 den
1672 3762 1939 3825 17=en
1990 3747 2416 3802 December
2465 3746 2626 3795 @=o
2678 3744 2943 3794 1646,
2995 3742 3157 3793 ter

2370 3841 2570 3893 ten
2634 3846 3237 3903 overstaen

1445 3884 1904 3956 presentie
1953 3884 2161 3942 etc.

2258 3953 3221 4014 Gecommitteerdens

1415 4003 1587 4054 van
1642 3995 1817 4046 d'E
1872 3978 2229 4036 heeren
