3642 4828
1160 564 1518 625 January
1568 558 1722 609 A.o
1772 554 1976 602 1646

1373 749 1480 799 ende
1506 747 1741 794 streskens
1767 746 1846 792 den
1872 746 1950 792 26.
1976 747 2003 793 '
2027 746 2238 793 december
2263 750 2577 797 aldaerbinnen
2602 753 2655 799 d'
2680 754 2837 800 Eevier
2863 755 3098 803 orguaelen
3124 758 3348 810 behouden

1369 856 1656 904 g'arriveert
1681 857 1786 904 was,
1811 860 1890 905 dat
1916 860 1968 905 't
1994 859 2228 906 geeyschte
2254 860 2359 906 ofte
2384 861 2750 910 gepretenseerde
2775 865 2931 912 silver
2957 867 3114 913 aenden
3139 866 3322 914 Coninck

1364 972 1617 1026 tsonderde
1645 972 1925 1018 quantiteyt
1953 973 2009 1018 te
2037 973 2373 1021 specificeren
2400 975 2542 1022 hadde
2569 977 2737 1023 moeten
2764 976 3046 1024 overgeven,
3073 979 3185 1024 ofte
3213 979 3355 1026 werdt

1365 1089 1526 1139 anders
1551 1087 1712 1133 gelast
1736 1086 1896 1133 sonder
1922 1085 2081 1131 handel
2107 1084 2320 1131 behreden
2346 1086 2399 1132 te
2424 1086 2610 1132 blijven
2637 1087 2823 1132 leggen,
2848 1087 2929 1133 des
2954 1088 3034 1134 hem
3059 1088 3353 1136 onvermogens
3377 1093 3407 1140 —

1354 1200 1628 1252 besindende
1654 1199 1710 1244 s'
1736 1198 1926 1243 Conincx
1953 1198 2170 1244 begeerte
2197 1197 2334 1244 hadde
2359 1197 2577 1244 voldaen,
2604 1197 2713 1243 ende
2740 1198 2984 1243 Ingevolge
3010 1197 3147 1244 Corto
3172 1198 3337 1246 daerop

1355 1319 1437 1368 het
1461 1315 1542 1364 pas
1568 1314 1647 1360 tot
1673 1314 1726 1359 d'
1752 1315 1883 1360 Vrije
1909 1314 2093 1360 negotie
2119 1314 2330 1360 becomen,
2355 1310 2487 1358 Welcq
2513 1310 2725 1356 begonnen
2749 1308 2908 1357 sijnde
2933 1308 2986 1354 ds
3012 1307 3065 1353 op
3091 1305 3144 1351 29
3169 1304 3385 1353 Januarij

1354 1435 1437 1483 een
1463 1434 1599 1480 kinck
1626 1435 1680 1481 in
1707 1436 1815 1482 dien
1842 1435 1977 1482 Cabel
2004 1434 2221 1480 geraeckt
2247 1434 2355 1481 door
2382 1433 2409 1479 2
2435 1432 2625 1478 droncke
2651 1426 2895 1476 matroosen
2921 1425 3003 1471 die
3030 1425 3111 1471 des
3137 1423 3327 1470 Conincx
3353 1423 3381 1468 —

1376 1552 1520 1603 wacht
1548 1557 1720 1602 voord'
1749 1557 1921 1603 poorte
1947 1556 2064 1603 vant
2092 1556 2178 1602 Hof
2207 1556 2293 1601 met
2321 1553 2522 1600 Houwers
2550 1551 2722 1598 hadden
2749 1547 3009 1596 gequetst,
3037 1546 3152 1592 doch
3179 1543 3295 1590 sijn
3323 1538 3439 1587 dese

1366 1677 1594 1726 troublen
1622 1674 2080 1723 wedergecesseert,
2107 1673 2251 1719 niets
2279 1673 2336 1718 d'
2365 1671 2479 1718 doot
2507 1670 2593 1716 van
2621 1668 2707 1715 een
2736 1667 2878 1713 deser
2907 1665 3164 1712 matroosen
3189 1662 3278 1710 die
3306 1662 3393 1708 met

1366 1794 1734 1850 stockslaegen
1765 1793 2009 1840 sodanich
2038 1793 2132 1840 van
2161 1795 2436 1842 voornomde
2466 1797 2618 1843 wacht
2648 1795 2862 1841 getreft
2891 1794 2985 1840 was
3014 1795 3106 1840 dat
3135 1794 3228 1840 hij
3256 1790 3443 1837 daeghs

1352 1918 1545 1967 daeraen
1572 1916 1628 1963 se
1655 1913 1932 1961 overleden,
1959 1913 2236 1960 mitsgaders
2262 1915 2374 1961 door
2400 1917 2539 1966 drije
2566 1920 2815 1966 schuijten
2842 1921 2980 1967 goudt
3008 1920 3229 1967 waermede
3256 1920 3339 1965 den

1357 2040 1552 2093 anderen
1579 2038 1773 2085 matroos
1800 2037 1883 2083 bij
1910 2036 1993 2082 den
2020 2036 2214 2082 Coninck
2241 2037 2324 2083 (in
2351 2038 2489 2085 forma
2516 2040 2599 2085 van
2626 2040 2985 2093 schenckergie)
3011 2049 3431 2106 geranetfoeneert

1386 2150 1526 2200 wert,
1552 2155 1719 2204 daerop
1746 2159 1995 2206 vercregen
2022 2156 2216 2204 wederom
2244 2156 2327 2201 den
2354 2156 2549 2203 liberen
2576 2158 2742 2204 handel
2769 2158 3019 2205 Waerijnne
3045 2160 3433 2211 Constinueerden

1360 2276 1446 2322 tot
1474 2275 1532 2321 15
1557 2269 1703 2318 april
1731 2268 1932 2315 daeraen
1960 2269 2219 2316 volgende,
2246 2271 2333 2316 als
2361 2270 2647 2317 weanneerd'
2676 2271 2848 2317 Maijs.
2876 2272 3191 2321 sieckelijck
3219 2276 3449 2324 werdende

1347 2385 1409 2434 d'
1439 2383 1645 2430 Negotie
1675 2383 1794 2429 oocq
1822 2381 2118 2429 allenekens
2148 2380 2296 2426 begon
2325 2379 2384 2425 te
2413 2379 2621 2427 stutten
2650 2382 2858 2428 vernets
2886 2384 2946 2430 d'
2973 2383 3304 2434 Coopluijden

1349 2497 1456 2548 voor
1480 2494 1794 2541 avenstaaende
1820 2494 2028 2541 oorlogen
2054 2495 2263 2541 bevreest
2288 2496 2445 2542 werden
2470 2497 2705 2543 oversulcx
2730 2495 2783 2541 't
2809 2493 3070 2540 meerendeel
3095 2496 3148 2543 in
3171 2497 3277 2544 mago

1340 2613 1474 2664 begon
1500 2611 1554 2657 te
1579 2606 1819 2655 vlughten,
1846 2605 2138 2651 eijndelijck
2163 2604 2298 2651 heeft
2323 2603 2404 2648 den
2430 2603 2616 2650 Conincq
2643 2604 2776 2650 22en.
2802 2604 2882 2649 Van
2909 2604 3042 2649 ditto
3068 2604 3228 2651 maendt
3252 2603 3387 2650 synen

1344 2722 1538 2776 tweeden
1565 2720 1675 2767 sone
1702 2718 1784 2764 tot
1811 2718 2003 2764 eersten
2029 2717 2194 2764 Prince
2221 2717 2330 2764 ofte
2357 2714 2631 2763 successeur
2658 2714 2740 2760 des
2765 2714 2904 2760 rijcx
2931 2711 3177 2759 gesteldt,
3204 2708 3287 2756 met

1349 2833 1546 2880 ondancq
1573 2834 1687 2881 ofte
1714 2833 2108 2880 tegenstemminge
2136 2833 2220 2879 van
2249 2834 2390 2881 groot
2417 2835 2530 2881 ende
2558 2832 2755 2880 cleijne
2782 2826 3036 2876 persoonen
3064 2823 3148 2869 den
3175 2819 3373 2867 eersten

1343 2957 1505 3009 prince
1531 2954 1664 3001 alsoo
1691 2954 1958 3001 verwerpen,
1984 2956 2091 3002 hier
2117 2955 2224 3001 over
2250 2954 2278 3000 s
2303 2952 2517 2999 gemelten
2544 2949 2757 2997 oudtsten
2784 2948 2890 2994 sone
2917 2947 2997 2993 met
3023 2944 3157 2991 synen
3183 2945 3425 2992 Jonghsten

1324 3080 1532 3135 broeder
1558 3073 1678 3123 ende
1707 3072 1796 3118 Oom
1824 3069 2032 3117 tesamen
2061 3069 2327 3115 spannende
2355 3069 2533 3115 tegens
2562 3068 2740 3115 sijnen
2768 3069 2916 3116 Vader
2944 3070 3004 3116 in
3033 3062 3359 3115 Conspiratie

1377 3192 1668 3241 vervallen,
1696 3187 1930 3237 waerdoor
1959 3187 2017 3232 op
2045 3185 2133 3232 den
2163 3185 2251 3230 26.
2279 3186 2337 3231 en
2365 3185 2424 3230 d.
2453 3185 2483 3230 o
2512 3185 2687 3232 binnen
2715 3186 2774 3232 d'
2802 3181 3327 3232 Conincklijckestadt

1335 3314 1582 3373 Coutchin
1610 3311 1703 3358 soo
1732 3306 2007 3355 bloedigen
2038 3304 2251 3351 geveght
2282 3304 2525 3351 ontstaen
2556 3304 2647 3350 Is,
2678 3304 2769 3350 dat
2798 3302 2891 3349 van
2920 3300 3013 3346 50O
3043 3294 3318 3344 gewapende

1315 3430 1508 3490 Mannen
1539 3423 1730 3474 dieder
1762 3421 1857 3468 van
1888 3414 2240 3466 wederlijden
2270 3411 2335 3458 In
2365 3406 2525 3455 slagh
2557 3405 2716 3451 ordre
2748 3406 2971 3452 stonden
3001 3403 3194 3450 overde
3226 3402 3353 3448 4000

1337 3549 1525 3603 koppen
1554 3537 1893 3592 gesneuveldt
1923 3531 2077 3581 sijn,
2108 3530 2200 3576 den
2231 3529 2416 3575 prince
2446 3530 2538 3576 met
2568 3526 2753 3574 sijnen
2783 3525 3061 3571 Jonghsten
3090 3517 3307 3569 broeder

1336 3658 1456 3706 ende
1484 3653 1576 3701 den
1605 3648 1846 3698 geheelen
1875 3642 2116 3692 aenhangh
2143 3638 2295 3685 werdt
2324 3636 2625 3683 geslaegen,
2654 3635 2924 3683 gevangen,
2953 3633 3015 3680 en
3042 3629 3134 3678 met
3164 3626 3315 3674 haere

1303 3768 1528 3829 Moeders
1560 3765 1687 3812 ende
1718 3763 1877 3810 sonen
1907 3751 2182 3808 gedoodt,

1331 3918 1682 3975 Gedurende
1721 3915 1877 3963 dese
1916 3915 2228 3962 Timulten
2266 3917 2385 3963 was
2423 3919 2540 3965 des
2579 3920 2969 3969 Compagnies
3007 3916 3359 3967 ommessagh

1303 4034 1523 4086 middelen
1549 4032 1605 4078 en
1631 4030 1769 4076 volcq
1796 4028 1905 4076 (soo
1933 4028 1960 4073 e
1987 4028 2179 4075 Vrunden
2206 4031 2479 4081 schrijven)
2505 4034 2562 4081 En
2588 4033 2753 4079 groodt
2779 4033 2972 4080 gevaer,
2998 4033 3108 4079 doch
3135 4034 3190 4079 Io
3217 4031 3355 4081 alles

1336 4142 1634 4194 eijndelijck
1661 4141 1715 4187 te
1742 4138 1904 4186 goeden
1929 4136 2282 4183 uijtgevallen,
2308 4138 2363 4183 d'
2390 4138 2498 4183 onse
2525 4136 2687 4183 hebben
2712 4135 2849 4182 Corte
2874 4135 2983 4180 nmer
3009 4134 3119 4180 dese
3145 4134 3367 4184 krouslen
