3587 4883
729 246 1146 299 december
1199 246 1407 300 1645

1141 420 1255 465 ende
1284 418 1370 465 met
1397 417 1484 463 een
1511 415 1799 462 behoorlijk
1826 415 2056 466 bamboese
2083 422 2255 470 pagger
2283 423 2370 469 wel
2398 424 2598 471 versien
2626 426 2770 475 onder
2797 431 3027 483 tusschen
3054 440 3197 491 sijne

1136 548 1303 596 maij:t
1328 546 1385 593 op
1412 545 1495 591 den
1522 543 1715 590 middagh
1741 541 1825 589 ons
1852 541 1964 588 nogh
1990 543 2046 588 te
2073 542 2184 588 hove
2210 543 2541 589 ontbiedende,
2568 543 2624 588 de
2651 543 2735 589 den
2761 544 3011 598 versoeken
3036 555 3287 617 alsoovers

1143 670 1291 717 vande
1319 667 1467 715 teijs
1496 663 1702 712 quamen,
1731 663 1791 709 en
1819 665 2114 712 dierhalven
2142 668 2553 716 vrijvermoeijt,
2583 670 2671 716 dat
2700 670 2789 716 ons
2817 670 2907 716 tot
2935 672 3113 724 morgen
3140 681 3288 731 wilde

1140 787 1513 844 wachtenlaten;
1541 785 1712 833 twelcq
1740 785 1855 830 door
1882 786 1969 833 den
1996 789 2253 839 Capiteijn
2280 795 2508 840 Onghwaij
2537 793 2651 840 voor
2679 794 2907 840 gedragen
2935 795 3108 845 bierd,
3133 802 3280 855 sulcx

1141 923 1246 970 ons
1279 917 1455 966 thuis
1489 913 1629 961 liet
1662 911 1768 959 tot
1801 906 1913 956 den

977 1052 1106 1107 17:e
1136 1049 1232 1096 d:o
1260 1039 1675 1091 voormiddaghs,
1704 1036 2024 1084 alswanneer
2054 1040 2150 1086 ons
2181 1041 2244 1086 te
2275 1040 2594 1089 hoveroepen
2624 1045 2688 1090 en
2719 1046 2973 1094 nagedane
3004 1050 3323 1109 reverentie

1153 1166 1215 1213 by
1243 1161 1338 1210 hem
1367 1157 1615 1204 opmatten
1646 1154 1986 1202 nedersitten
2016 1157 2325 1203 vragenliet
2355 1157 2417 1203 de
2448 1157 2788 1207 gelegenth:t
2818 1162 2911 1209 van
2941 1165 3159 1214 Batavia

1145 1292 1367 1345 Taijman
1398 1287 1683 1337 Japanetg.
1713 1289 1840 1336 ende
1869 1286 1997 1336 door
2028 1283 2375 1330 watluijden,
2406 1283 2501 1329 als
2532 1284 2659 1329 mede
2689 1285 3004 1338 hoedanigeh
3036 1293 3100 1338 de
3130 1294 3264 1346 res„

1100 1415 1327 1463 „pective
1354 1412 1582 1460 plaetsen
1609 1407 1978 1457 gegouverneert
2006 1405 2233 1452 wierden:
2261 1404 2544 1450 mitsgaders
2572 1405 2657 1451 wie
2685 1406 2799 1451 daer
2826 1406 2912 1452 van
2940 1408 3026 1455 den
3053 1411 3284 1471 oppenste

1148 1541 1336 1586 mochte
1367 1539 1557 1586 wesen,
1587 1536 1713 1587 Item
1743 1535 1808 1580 uy
1838 1536 2027 1582 twiens
2057 1535 2184 1582 name
2214 1533 2278 1580 en
2308 1528 2592 1578 inwelcker
2622 1528 2812 1576 voegen
2842 1532 2905 1577 de
2937 1532 3282 1586 schenckagie

1131 1667 1316 1713 aenhem
1346 1665 1624 1712 t'elckens
1655 1664 1994 1711 g'address:t
2024 1664 2210 1710 quamen
2238 1662 2333 1710 met
2363 1658 2487 1706 meer
2517 1658 2795 1704 diergeljk
2826 1659 3228 1712 ircumspectien

1145 1801 1238 1850 van
1268 1799 1389 1846 geen
1419 1796 1540 1844 alte
1569 1795 1781 1842 grooten
1812 1796 2023 1842 emprte,
2053 1795 2174 1841 daer
2204 1794 2265 1840 op
2295 1794 2386 1839 bij
2416 1794 2507 1840 den
2537 1792 2900 1840 oppercoopman
2930 1793 3141 1841 Antonio
3171 1796 3269 1850 van

1107 1945 1451 1992 Broeckhorst
1479 1944 1544 1991 na
1573 1940 1885 1987 vereEijsch
1916 1940 2009 1985 van
2041 1939 2227 1985 saeken
2257 1937 2569 1984 behoorlijk
2599 1935 2849 1983 antwoord
2880 1935 3287 1987 gepastobierd,

1140 2081 1203 2128 de
1232 2079 1417 2126 welcke
1448 2079 1571 2125 dang
1601 2079 1878 2125 eijndight
1907 2077 2062 2124 wesen
2092 2074 2308 2122 begoude
2338 2073 2400 2118 te
2430 2071 2615 2118 vragen
2644 2070 2737 2116 hoe
2765 2066 2922 2115 offte
2951 2065 3137 2112 waerby
3167 2062 3260 2112 het

1146 2207 1274 2256 quam
1305 2207 1400 2254 dot
1431 2209 1526 2255 men
1557 2210 1652 2255 hem
1683 2210 1809 2256 geen
1840 2209 2060 2256 meerder
2092 2208 2218 2254 goet
2249 2206 2375 2253 vant
2405 2201 2690 2251 t'eenosht
2720 2200 2879 2247 ander
2909 2199 3005 2245 als
3036 2199 3256 2246 lakenen

1139 2342 1420 2396 Sarassen,
1450 2343 1573 2389 fyne
1603 2343 1787 2388 Rhits,
1816 2340 2123 2388 moenissen,
2152 2337 2338 2385 alamb:
2367 2335 2521 2382 Tetg.
2552 2334 2613 2380 te
2642 2329 3042 2378 coopensonden,
3070 2328 3195 2376 daer
3224 2328 3286 2375 in

1093 2480 1319 2537 plaetse
1350 2482 1445 2528 van
1475 2484 1602 2531 een,
1633 2486 1727 2532 tin
1759 2483 2042 2531 t'elckens
2073 2483 2168 2528 met
2199 2482 2325 2529 twee
2355 2479 2513 2526 adrie
2543 2474 2765 2522 Schepen
2796 2472 2859 2520 's
2889 2467 3048 2515 Jaers
3076 2464 3267 2512 quamen

1149 2608 1527 2661 aenstrijken:
1559 2616 1685 2663 naer
1716 2618 1936 2666 bemente
1968 2621 2345 2667 Jegewoordigh
2376 2619 2502 2665 wel,
2533 2613 2722 2663 dattet
2753 2611 2848 2658 ons
2879 2610 3005 2656 maer
3037 2610 3100 2655 te
3131 2608 3258 2655 doen

1152 2746 1240 2793 was
1268 2748 1384 2796 omde
1413 2751 1587 2799 groote
1616 2754 1850 2801 winsten,
1877 2757 1965 2805 die
1994 2760 2052 2806 uy
2080 2759 2110 2804 t
2138 2757 2255 2803 sijn
2284 2756 2400 2802 land
2429 2755 2633 2801 haelden
2661 2751 2778 2799 door
2807 2750 2923 2796 dien
2952 2747 3068 2795 sagh
3096 2746 3214 2792 maer

1151 2893 1497 2944 bevoirderden
1522 2896 1754 2944 spoedige
1781 2898 2010 2946 voyagies
2038 2898 2096 2944 te
2124 2898 2239 2943 doen
2267 2897 2354 2943 tot
2381 2896 2525 2942 Comp.
2553 2896 2583 2942 s
2609 2895 2868 2942 proffij't
2896 2891 3068 2940 sonder
3096 2891 3154 2936 om
3182 2891 3270 2938 hem

1156 3028 1282 3076 eens
1312 3032 1374 3077 te
1405 3031 1656 3078 dencken.
1684 3033 1967 3079 dierhalve
1998 3032 2154 3079 wilde
2185 3031 2466 3079 inplaetse
2497 3033 2591 3079 van
2622 3033 2684 3078 25
2715 3030 2903 3080 kisten
2933 3027 3058 3075 gelt
3089 3025 3152 3072 nu

1148 3161 1342 3212 hebben
1373 3161 1470 3207 35.
1500 3159 1566 3206 te
1598 3157 1758 3204 weten
1790 3157 1984 3203 voor't
2015 3158 2175 3204 Schip
2207 3158 2336 3204 daer
2368 3158 2466 3206 den
2496 3162 2657 3209 Cap:n
2689 3163 2817 3208 mede
2849 3160 3074 3207 gekomen
3106 3160 3202 3206 was
3233 3156 3267 3204 —

1150 3302 1247 3350 25.
1277 3297 1408 3345 ende
1440 3296 1602 3342 voort
1633 3294 1700 3341 t'
1727 3294 1893 3342 ander
1924 3294 1989 3340 12
2021 3291 2247 3339 'tsamen
2279 3290 2377 3336 37.
2408 3289 2603 3337 twelcq
2633 3290 2861 3338 dannogh
2893 3294 3023 3340 voor
3054 3294 3248 3342 gratie

1147 3420 1363 3467 hadden
1399 3422 1760 3471 aentenemen
1796 3426 1869 3472 /.
1904 3427 2049 3473 goud
2083 3424 2229 3470 ofte
2264 3422 2878 3470 Silvermancqueerde
2913 3423 3023 3469 hem
3058 3425 3209 3475 niet

1152 3556 1282 3603 maer
1314 3554 1411 3600 nam
1443 3556 1539 3601 die
1571 3555 1668 3601 als
1701 3556 1797 3602 tot
1829 3557 1926 3602 een
1958 3557 2087 3602 pene
2119 3557 2216 3602 dat
2247 3555 2345 3602 hem
2376 3554 2506 3601 niet
2538 3554 2925 3601 overvloedigh
2955 3551 3085 3599 ende
3118 3548 3217 3596 nae

1156 3685 1414 3732 behooren
1446 3687 1543 3733 met
1574 3687 1961 3733 voorgenoemde
1993 3686 2284 3733 onselands
2315 3688 2476 3736 waren
2508 3690 2799 3738 versagen,
2830 3693 2895 3738 op
2927 3693 3024 3738 dat
3056 3692 3120 3738 op
3152 3692 3251 3742 een

1151 3826 1328 3874 ander
1363 3829 1505 3875 tijt
1540 3829 1646 3874 als
1681 3826 2071 3874 wederquamen
2105 3824 2176 3870 te
2211 3824 3062 3877 beteromhemdenckensouden.
3095 3834 3277 3882 vande

2898 3976 3257 4025 Japanders
