3505 4869
1963 696 2185 748 Copia

2710 591 2941 643 1024

1539 576 1769 645 mo.

332 634 507 700 Aen
563 657 856 712 sijne
912 669 1204 718 Magt„
1261 675 1436 722 den
1493 677 1785 729 groot

403 755 677 806 Mogol,
723 761 907 810 uijt
951 766 1043 811 de
1086 764 1273 811 name
1317 767 1456 814 van
1500 771 1686 824 haer

400 849 618 903 Ed=ts
659 861 747 908 op
787 864 1091 910 Batavia
1134 861 1609 911 geschreven.

802 1423 924 1472 Den
964 1422 1208 1473 Brieff
1246 1430 1329 1476 (:
1367 1433 1491 1483 die
1528 1440 1651 1488 uwe
1690 1444 1893 1495 mag„t
1932 1451 2095 1503 drie
2133 1459 2377 1513 Jaeren
2416 1470 2700 1520 geleden
2738 1476 2862 1524 aen
2900 1481 3023 1529 ons

900 1519 1073 1567 heeft
1105 1523 1382 1575 gelieven
1414 1532 1484 1579 te
1517 1536 1895 1594 schrijven:)
1928 1550 2135 1601 hebben
2167 1557 2237 1603 in
2271 1558 2374 1605 een
2407 1560 2649 1608 sirckel
2682 1564 2787 1611 van
2819 1568 3029 1619 conve¬

877 1618 1100 1665 „nable
1137 1619 1286 1668 eere
1323 1624 1435 1673 ter
1471 1629 1695 1679 goeder
1732 1635 1918 1684 uijre
1954 1639 2068 1688 wel
2103 1644 2476 1698 ontfangen,
2510 1653 2586 1699 en
2624 1653 2772 1700 uijt
2809 1655 2922 1702 den

901 1715 1191 1765 Inhoudt
1231 1720 1356 1767 van
1397 1723 1562 1771 dien
1603 1726 1727 1772 met
1768 1727 1892 1774 een
1933 1729 2388 1780 uijtnemende
2428 1736 2760 1788 vreuchde
2799 1745 2977 1794 ende

898 1812 1346 1862 sonderlingh
1384 1817 1709 1869 genougen
1749 1825 2073 1878 verstaen
2112 1834 2194 1881 de
2233 1837 2760 1892 Conincklijcke
2798 1849 3041 1897 gonste

903 1912 1011 1961 En:
1046 1912 1365 1959 affectie,
1400 1915 1507 1962 die
1541 1918 1649 1965 uwe
1682 1921 1860 1971 mag=t
1894 1927 2001 1976 ons
2035 1932 2178 1982 daer
2212 1938 2319 1984 bij
2353 1938 2425 1985 is
2460 1941 2884 1990 toedragende,
2919 1944 3066 1995 waer

901 2018 1051 2070 voor
1088 2016 1199 2063 wij
1235 2015 1346 2061 bij
1383 2016 1604 2061 desen,
1641 2016 1790 2064 niet
1825 2021 2194 2078 onderlaten
2230 2034 2452 2084 connen
2487 2039 2600 2086 uwe
2635 2042 2821 2089 magt„
2856 2044 3043 2094 Inden

900 2119 1258 2167 hooghsten
1297 2119 1496 2165 graet
1534 2120 1615 2166 te
1654 2121 2051 2173 bedancken,
2089 2129 2249 2176 ende
2288 2132 2408 2179 van
2446 2136 2645 2184 onser
2683 2139 2883 2186 zijde
2922 2140 3001 2187 te

900 2221 1411 2274 verseeckeren,
1448 2222 1567 2268 dat
1606 2222 1724 2270 wij
1762 2226 2036 2275 genegen
2074 2230 2231 2278 zijn
2270 2233 2426 2279 omme
2465 2234 2621 2282 alle
2660 2237 3051 2292 onderlinge

893 2327 1328 2379 vrientschap
1367 2327 1525 2374 end:
1565 2329 1920 2377 alliantie
1958 2333 2078 2379 met
2116 2333 2235 2380 uwe
2273 2333 2472 2382 mag„t
2510 2338 2984 2389 oprechtelijk

896 2437 971 2483 te
1008 2434 1456 2482 onderhouden,
1493 2434 1755 2482 gelijck
1791 2438 1903 2484 wij
1941 2439 2091 2486 oock
2126 2441 2277 2487 niet
2314 2442 2725 2493 twijffelen,
2761 2447 2874 2493 off
2911 2445 3023 2492 uwe

887 2540 1043 2592 magt
1082 2538 1350 2585 (:wiens
1388 2537 1618 2585 landen
1657 2540 1734 2585 nu
1771 2540 1887 2587 soo
1925 2540 2118 2587 lange
2155 2542 2386 2590 Jaeren
2424 2545 2616 2591 onder
2654 2544 3007 2592 desselffs

889 2641 1197 2689 schaduwe
1235 2640 1506 2685 vreeden
1543 2641 1928 2687 gefrequent
1966 2642 2275 2688 hebben:)
2313 2643 2429 2689 sal
2467 2643 2583 2689 ons
2621 2643 2737 2689 bij
2774 2644 3007 2693 Conti¬

877 2746 1140 2799 „nuatie
1177 2745 1252 2791 de
1289 2742 1590 2789 vruchten
1626 2744 1739 2789 van
1776 2743 1888 2789 soo
1926 2741 2113 2789 veele
2150 2742 2638 2791 preeminentien
2674 2747 2861 2794 (:die
2898 2748 3014 2796 wij

892 2851 1005 2898 soo
1042 2850 1118 2896 nu
1155 2850 1231 2895 en
1267 2848 1381 2895 dan
1419 2847 1532 2893 van
1569 2846 1682 2892 uwe
1718 2848 1907 2897 mag„t
1945 2850 2359 2897 geobtineert
2396 2849 2698 2895 hebben:)
2735 2850 2962 2897 volco„

882 2955 1181 3004 mentlijck
1213 2954 1412 3002 laeten
1445 2956 1743 3003 gauderen,
1775 2957 1908 3004 ende
1941 2958 2041 3005 tot
2073 2959 2206 3004 dien
2239 2958 2438 3004 eijnde
2471 2959 2571 3006 aen
2603 2961 2702 3007 ons
2735 2959 3034 3008 verleene:

887 3064 1258 3113 formannen
1299 3062 1506 3109 aller
1547 3062 1795 3108 weegen
1836 3062 2043 3108 onder
2084 3062 2208 3108 uwe
2248 3062 2456 3110 magts
2495 3061 2744 3111 gebiet
2785 3058 3033 3106 jegens

887 3167 1042 3219 alle
1080 3162 1652 3211 contraventeurs:
1689 3161 1804 3206 van
1842 3161 1995 3207 dien
2033 3162 2414 3208 behoorlijk
2452 3163 2965 3216 maintineeren,

887 3272 1196 3320 'twelcke
1233 3270 1350 3316 wij
1388 3271 1542 3317 oock
1580 3269 1928 3316 mitsdesen
1966 3268 2044 3314 In
2081 3267 2236 3312 alle
2275 3267 2853 3316 onderdanicheijt
2891 3269 3010 3316 aen

881 3379 1010 3428 uwe
1051 3376 1221 3424 magt
1263 3375 1348 3421 de
1390 3371 1559 3419 novo
1601 3371 1771 3416 sijn
1813 3370 2362 3417 versouckende,
2403 3369 2532 3416 ten
2573 3368 2785 3415 sijne
2826 3366 2957 3413 uwe

867 3488 1100 3547 mag=ts
1137 3482 1365 3533 gebodt
1402 3478 1895 3527 ongevioleert,
1932 3476 2084 3523 ende
2122 3475 2274 3522 onse
2311 3476 2652 3522 alliantie
2690 3474 2880 3521 alsoo
2917 3470 3035 3518 des

886 3596 971 3643 te
1012 3588 1804 3641 onverbreeckelijcker
1845 3589 2138 3636 blijven
2178 3587 2388 3636 mach/

840 3766 1213 3814 palenkijn
1255 3767 1421 3813 ende
1462 3767 1919 3817 tachtrewaen
1959 3772 2044 3818 (:
2084 3774 2167 3820 op
2208 3773 2541 3819 seeckere
2582 3773 2960 3823 modellen,

880 3870 993 3919 aen
1028 3869 1212 3916 onsen
1249 3867 1580 3914 Capiteijn
1612 3866 1946 3914 weijlandt
1982 3870 2130 3917 voor
2166 3873 2349 3921 desen
2386 3876 2496 3922 ter
2533 3877 2716 3923 handt
2753 3877 3048 3926 gestelt,

873 3972 1255 4022 gemandeert
1293 3971 1369 4017 te
1407 3970 1675 4018 maecken
1712 3975 1789 4020 :)
1824 3971 1979 4021 gaen
2017 3973 2170 4022 hier
2206 3977 2475 4025 nevens,
2511 3981 2741 4029 sijnde
2779 3985 3047 4035 deselve

876 4076 1051 4125 omde
1094 4076 1528 4126 costelijck
1571 4081 1745 4128 ende
1787 4083 2438 4132 konstrijckheijt
2480 4086 2611 4132 des
2654 4086 2917 4137 wercks

876 4184 1006 4233 dus
1047 4185 1300 4232 langhe
1342 4187 1806 4237 onderhanden
1848 4192 2017 4240 ende
2057 4195 2227 4242 niet
2268 4197 2649 4247 mogelijck
2689 4201 2985 4248 geweest

862 4290 985 4345 uwe
1024 4290 1223 4336 mag„t
1261 4292 1499 4342 eerder
1538 4297 1657 4344 als
1696 4300 1776 4346 nu
1814 4302 1894 4349 't
1932 4304 2170 4354 laeten
2209 4309 2566 4360 toecomen,
2603 4314 3000 4363 verhopende

1520 1039 2299 1132 Grootmachtige
2356 1089 3075 1154 doorluchtige

1608 1172 2135 1229 Hooghgeboren,
2174 1186 2255 1232 en
2294 1188 2457 1235 seer
2496 1191 2658 1239 wijt
2697 1195 3061 1249 beroemden

1605 1274 2032 1327 Coninck

2620 4449 2770 4495 dat
2790 4440 2969 4494 uwe

0 615 158 662 sch

1633 931 1735 991 ell
