3662 4773
1369 504 1683 553 Oorloogh
1722 509 1801 555 In
1839 510 1957 557 dat
1995 512 2192 558 rijck
2229 510 2583 559 (:vermits
2621 508 2817 555 sijne
2856 507 3052 555 mag„t
3090 509 3208 555 van
3246 509 3490 559 parsia

1366 609 1567 658 onsen
1606 608 1845 656 vyandt
1884 611 2242 657 achtumael
2282 612 2560 658 douleth
2599 613 2759 659 naer
2797 612 2999 658 sijne
3037 615 3474 668 verdiensten

1368 712 1550 760 van't
1585 714 1765 762 leven
1800 718 2051 763 berooft
2087 718 2266 764 heeft
2302 718 2374 764 :)
2410 719 2518 765 een
2553 721 2768 768 Eijnde
2803 722 3092 771 genomen,
3126 727 3270 773 ende
3301 726 3452 775 wij„

1365 818 1561 867 alsoo
1596 822 1716 869 met
1753 825 1949 874 voors
1985 828 2181 874 zijne
2219 829 2375 875 magt
2413 829 2530 875 een
2569 827 3112 874 provisioneelen
3151 824 3345 873 vrede

1355 919 1687 973 getroffen
1723 927 1981 974 hebben,
2017 929 2129 976 die
2164 932 2496 984 verhoopen
2531 939 2642 985 bij
2679 939 2863 985 onsen
2900 940 3047 986 Eed:
3083 941 3195 990 H„r
3229 945 3488 992 gouvern

1343 1030 1688 1082 generael
1730 1037 1946 1083 (:aen
1989 1036 2161 1083 wien
2204 1039 2806 1089 hooghgedachten
2849 1045 3064 1093 zijne
3106 1048 3279 1096 magt
3322 1050 3454 1096 van

1347 1144 1620 1193 parsia,
1658 1149 1775 1197 een
1813 1152 2241 1198 ambassadeur
2279 1153 2591 1201 gesonden
2630 1154 2825 1201 heeft
2861 1153 2941 1200 :)
2980 1152 3488 1202 geconfirmeert

1357 1261 1466 1307 sal
1503 1262 1760 1310 werden,
1794 1267 1977 1312 sulcx
2013 1265 2196 1312 ijder
2232 1265 2342 1312 een
2378 1267 2560 1313 (:als
2597 1267 2889 1313 vooren:)
2925 1268 3107 1314 weder
3144 1269 3477 1317 vrijstaet

1360 1367 1479 1415 den
1515 1370 1745 1418 handel
1783 1373 1860 1420 op
1898 1376 2013 1422 dat
2051 1377 2244 1424 rijck
2280 1379 2358 1426 te
2395 1378 2587 1426 mogen
2625 1381 2970 1429 vervolgen
3008 1384 3239 1430 zijnde
3276 1385 3468 1432 dien¬

1336 1479 1634 1531 volgende
1670 1483 1817 1531 oock
1853 1486 1927 1534 't
1963 1488 2147 1534 schip
2184 1488 2294 1534 van
2330 1490 2588 1538 saijedt
2624 1493 2846 1539 sadoch
2880 1496 2991 1542 met
3028 1497 3102 1542 de
3138 1498 3468 1547 geinbarc„

3177 1558 3287 1606 on

1322 1595 1612 1646 „queerde
1647 1597 1970 1648 goederen,
2004 1603 2149 1649 ende
2184 1605 2400 1653 coopl:
2435 1609 2650 1658 (:door
2686 1612 2902 1659 d'onse
2936 1613 3009 1659 in
3044 1614 3260 1663 voorsz
3293 1617 3474 1663 trou„

1321 1708 1556 1759 „belen
1595 1709 1750 1755 voor
1788 1710 2021 1756 gamron
2058 1711 2446 1762 aengehaelt
2485 1717 2564 1766 :)
2601 1722 2679 1768 't
2717 1723 3028 1771 eenemael
3066 1727 3453 1775 ontslagen,

1324 1828 1707 1875 weshalven
1749 1829 1834 1876 't
1875 1830 2089 1876 bevel
2130 1832 2258 1881 van
2300 1837 2513 1887 haere
2554 1843 3233 1892 doorluchticheijt
3273 1841 3361 1889 de

1346 1939 1710 1989 princesse
1750 1940 1912 1986 ende
1951 1942 2072 1989 uwe
2112 1944 2355 1993 Extie.
2393 1948 2916 2001 volcomentlijk
2956 1956 3077 2002 ten
3117 1957 3399 2003 effecte

1350 2046 1654 2094 gebracht
1691 2050 1843 2097 zij:
1881 2052 2148 2100 gelijck
2184 2056 2298 2103 wij
2336 2058 2413 2106 't
2450 2063 2641 2112 selve
2677 2068 3171 2121 hooghgedachte
3208 2076 3475 2124 princes

1341 2162 1463 2208 p=r
1502 2164 1582 2210 d'
1623 2165 1865 2214 nevens
1904 2170 2146 2218 gaende
2186 2174 2468 2224 missive
2507 2179 2629 2227 met
2668 2183 2830 2232 onse
2869 2188 3192 2237 needrige
3232 2191 3474 2239 antw=t

1358 2280 1441 2327 op
1482 2282 1648 2328 haer
1688 2282 1979 2332 becomen
2020 2288 2394 2337 neefsanij
2432 2293 2600 2339 sijn
2637 2293 3261 2345 verwittighende,
3303 2299 3430 2346 uwe

1320 2393 1558 2448 Ext=ne
1597 2391 2068 2442 versouckende
2107 2397 2225 2446 ons
2264 2401 2539 2451 gelieve
2578 2406 2657 2453 't
2695 2409 2931 2459 faveur
2970 2414 3049 2461 te
3088 2416 3443 2463 bewijsen,

1350 2511 1474 2560 dat
1515 2509 1720 2556 haere
1760 2507 2006 2556 reijne
2046 2512 2577 2566 doorluchtich„
2617 2522 2904 2571 deselve
2944 2527 3108 2575 mach
3148 2530 3394 2576 werden

1337 2622 1985 2676 overgelevert,

1259 2779 1383 2831 Met
1423 2778 1586 2825 dese
1626 2781 1910 2830 occasie
1948 2785 2031 2831 en
2071 2787 2315 2836 connen
2354 2792 2516 2839 niet
2557 2794 2719 2841 voor
2759 2795 3043 2845 bijgaen
3083 2800 3204 2845 uwe
3245 2793 3455 2847 Extie

1347 2875 1428 2921 te
1467 2876 1869 2934 relateeren
1907 2890 2028 2939 hoe
2067 2893 2268 2942 zijne
2307 2898 2588 2947 hoogh„t
2628 2900 2748 2947 den
2788 2902 3029 2950 prince
3068 2903 3469 2949 Oranghierb

1351 2986 1698 3034 onlanghs
1741 2990 2045 3043 geleden
2086 2999 2173 3047 In
2216 3002 2649 3054 ammadabath
2689 3009 2822 3056 een
2864 3011 3340 3058 chirurgijn,
3382 3013 3473 3060 in

1343 3097 1540 3147 onsen
1578 3096 1927 3143 actueelen
1965 3098 2199 3146 dienst
2236 3103 2470 3152 zijnde
2507 3108 2741 3159 (:naer
2778 3114 2896 3162 dat
2934 3118 3050 3165 d=o
3089 3120 3205 3166 van
3244 3121 3361 3167 ons
3399 3120 3477 3168 om

1346 3210 1694 3259 desselffs
1731 3214 2000 3265 misdaet
2037 3220 2153 3266 als
2191 3221 2306 3268 een
2344 3223 2574 3271 schelm
2613 3226 2767 3273 wegh
2804 3229 3111 3275 geloopen
3148 3228 3264 3274 was
3302 3228 3381 3275 :)

1343 3327 1538 3377 onder
1575 3327 1730 3376 zijn
1767 3331 2151 3383 sauvegarde
2189 3338 2459 3383 genomen
2496 3339 2650 3388 ende
2688 3343 2804 3388 hem
2841 3344 2918 3391 (:
2956 3346 3263 3394 alhoewel
3301 3349 3456 3396 door

1349 3433 1523 3480 onse
1564 3436 2082 3490 Cappiteijnen
2124 3445 2211 3491 In
2254 3445 2685 3499 ammadabath
2727 3455 2902 3503 daer
2943 3460 3202 3509 tegens
3245 3461 3419 3510 op't

1344 3549 1714 3603 hooghste
1760 3549 2357 3601 geprotesteert
2403 3556 2680 3609 wierde
2722 3565 2817 3612 :)
2862 3567 3094 3620 heeft
3132 3576 3367 3624 laten

1335 3660 1707 3708 besuijden,
1742 3664 1853 3709 Jae
1890 3662 2076 3709 boven
2112 3661 2262 3707 dien
2298 3662 2595 3712 gebooden
2631 3668 2742 3715 den
2779 3670 3114 3720 besnedens
3150 3677 3298 3724 goet
3335 3679 3448 3725 aen

1338 3776 1458 3822 hem
1497 3776 1657 3822 over
1697 3777 1777 3824 te
1816 3779 2096 3825 leveren
2135 3779 2296 3825 ofte
2335 3780 2454 3826 soo
2494 3781 2654 3830 niet
2693 3786 2815 3833 dat
2853 3790 2973 3837 hij
3012 3792 3173 3841 onse
3212 3798 3412 3846 Logie

1340 3887 1417 3934 't
1454 3885 1758 3932 eenemael
1795 3887 2173 3934 ruijneren,
2211 3887 2363 3933 ende
2400 3889 2476 3935 op
2513 3890 2628 3938 den
2664 3895 2892 3943 grondt
2929 3899 3270 3948 desselffs
3307 3902 3423 3949 een

1329 3999 1616 4051 massijt
1656 3998 1901 4045 bouwen
1942 3998 2188 4045 wilde,
2228 4001 2310 4047 't
2351 4002 2556 4051 welck
2595 4008 2842 4058 d'onse
2881 4015 3045 4060 (:om
3085 4016 3371 4065 vordere

1341 4113 1710 4162 onheijlen
1750 4114 1832 4161 te
1871 4116 2239 4165 eviteeren
2278 4121 2360 4167 :)
2400 4121 2930 4176 genoodtdruckt
2969 4131 3173 4177 waren
3213 4128 3462 4178 prompt

1321 4242 1484 4293 naer
1522 4239 1604 4285 te
1643 4233 1884 4282 comen,
1923 4234 2083 4281 ende
2123 4236 2324 4284 alsoo
2363 4240 2524 4288 dese
2561 4244 2922 4293 geweldige
2960 4249 3122 4298 daet
3161 4251 3362 4299 onsen

3097 4375 3413 4452 Ed=len
