3451 4937
819 238 1079 312 Junio
1122 238 1332 285 anno
1380 243 1582 299 1646

1187 454 1412 502 latende
1443 453 1862 500 ondertusschen
1894 455 2345 509 goudrafineren,
2376 466 2472 511 dat
2504 465 2601 511 met
2633 464 2827 510 eenige
2856 464 3019 511 syner
3051 463 3308 513 grootste

1186 574 1517 623 schrijvers
1550 574 1617 621 na
1650 576 1816 625 China
1848 580 2247 631 soudelenden:
2279 587 2412 632 omme
2445 587 2511 632 te
2544 587 2810 634 vernemen
2842 589 2943 635 wat
2975 591 3142 638 vande
3173 594 3307 642 sake

1180 701 1304 748 sij,
1334 697 1519 744 watter
1550 697 1889 746 onderwijlen
1919 700 2043 745 nogh
2073 698 2167 744 van
2197 699 2382 747 vallen
2413 702 2506 748 wil
2536 704 2691 750 leent
2720 706 2813 754 den
2844 708 2970 756 tijt

932 823 1124 870 Onder
1162 821 1585 870 wijlencompt
1623 821 1739 866 den
1776 818 2085 865 Japander
2123 819 2585 866 kisemondonne
2622 822 2777 869 inde
2814 825 3007 874 logie
3044 830 3276 884 eenige

1175 934 1425 984 Gemiase
1461 933 1673 980 hockis
1708 932 1885 978 aende
1920 931 2132 977 Comp:e
2167 931 2485 979 vercoopen
2521 934 2876 986 denwelcken
2909 942 3193 996 verhaeld
3227 952 3300 1002 en

1177 1047 1381 1094 vanden
1415 1049 1618 1095 Capado
1651 1049 1890 1096 Ongaton
1923 1051 2195 1097 verstaen
2229 1052 2297 1097 te
2331 1051 2569 1100 hebben,
2601 1056 2738 1104 syne
2771 1060 2941 1108 may:t
2975 1063 3317 1122 voorgeslag

1140 1167 1235 1218 had
1265 1166 1448 1214 (edogh
1479 1168 1571 1213 met
1601 1168 1723 1214 vast
1754 1168 2152 1217 geresolveert)
2182 1173 2244 1219 de
2271 1173 2519 1221 Chinesen
2548 1177 2610 1224 op
2640 1180 2732 1227 den
2762 1182 2885 1232 12:e
2915 1187 3008 1233 der
3037 1189 3098 1234 5.
3129 1189 3161 1235 e
3190 1188 3314 1236 main

1178 1279 1237 1325 te
1266 1281 1414 1330 laten
1442 1285 1765 1334 vertrecken,
1795 1289 1972 1338 nevens
2000 1293 2060 1341 10
2088 1296 2264 1345 kisten
2294 1300 2470 1346 silver
2499 1300 2558 1346 en
2588 1299 2705 1345 1000
2734 1299 2823 1344 stx
2851 1299 3058 1347 chryghs
3086 1301 3263 1349 geweer

1175 1396 1233 1443 te
1260 1397 1401 1447 weten
1429 1403 1542 1451 500.
1569 1405 1823 1454 musquets,
1850 1409 1936 1456 250
1963 1412 2132 1460 pieken
2160 1415 2244 1460 end
2272 1414 2357 1460 250
2384 1414 2694 1461 nanganetten
2721 1411 2835 1458 ofte
2863 1411 3144 1459 seepmessen
3171 1408 3292 1456 Item

1187 1510 1303 1561 voor
1330 1517 1417 1564 den
1444 1519 1760 1567 ambassedeur
1786 1523 1872 1571 tot
1900 1526 2186 1577 vereeninge
2214 1532 2300 1579 100
2328 1534 2416 1581 stx
2442 1537 2528 1585 d„o
2555 1537 2757 1584 inelijk
2784 1535 3042 1583 verdeelt,
3070 1535 3155 1581 wat
3184 1534 3301 1580 daer

1183 1642 1343 1688 wijder
1369 1641 1423 1686 op
1449 1641 1583 1689 staet
1609 1645 1928 1694 g'arresteert
1955 1649 2009 1695 te
2035 1650 2221 1697 werden,
2248 1652 2301 1698 is
2328 1653 2488 1699 gansch
2514 1655 2727 1701 dubieus,
2754 1653 2913 1700 sijnde
2939 1646 3310 1698 ondertusschen

1169 1761 1231 1808 de
1260 1759 1500 1807 Joncquen
1530 1759 1711 1809 rondem
1739 1764 1920 1810 dapper
1950 1765 2040 1810 met
2069 1764 2341 1814 meenighte
2369 1770 2609 1816 galeijen
2639 1766 2910 1816 besingelt

936 1895 997 1943 8:
1026 1893 1115 1939 d:o
1145 1893 1234 1939 des
1262 1893 1441 1940 avonds
1468 1891 1589 1938 inde
1618 1893 1884 1940 voornacht
1912 1894 2002 1940 ons
2031 1896 2180 1945 staet
2208 1900 2563 1947 seerschelijk
2593 1902 2681 1948 een
2711 1903 2918 1948 grooten
2947 1899 3125 1948 brandt
3153 1898 3302 1944 onge„

1174 2017 1303 2064 veer
1333 2020 1397 2065 10
1428 2019 1967 2066 Roedenbovenwindts
1999 2021 2094 2068 van
2125 2024 2315 2074 Comp:s
2346 2029 2601 2076 logogie,
2631 2028 2917 2074 dewelcke,
2949 2027 3171 2074 vermits
3202 2027 3303 2078 den

1134 2138 1469 2187 hardenwindt
1499 2139 1711 2186 sulcken
1741 2141 2015 2192 haestigen
2044 2147 2196 2197 voort
2226 2153 2379 2201 gangh
2407 2156 2530 2204 nam,
2559 2159 2650 2205 dat
2680 2160 2741 2205 de
2771 2160 3044 2207 bamboese:
3073 2157 3286 2204 huijsen

1161 2263 1264 2310 Ao1o
1290 2264 1368 2310 80:
1394 2264 1446 2309 do
1471 2262 1601 2309 dicht
1627 2262 1783 2308 omende
1808 2264 1964 2311 achter
1989 2267 2094 2314 onse
2118 2270 2351 2319 huijsinge
2377 2272 2558 2321 staende
2583 2270 2843 2317 beginnende
2868 2272 2947 2318 aen
2971 2274 3153 2323 tegaen,
3178 2277 3283 2324 onse

1174 2373 1408 2422 bamboese
1437 2376 1584 2425 Corps
1612 2381 1875 2431 diguarde,
1904 2387 2021 2433 daer
2049 2388 2109 2435 de
2137 2390 2459 2444 matroosenin
2487 2400 2721 2449 woonden,
2749 2403 2808 2449 en
2835 2401 3041 2448 daervan
3070 2400 3216 2446 Comp.
3244 2400 3276 2447 s

1172 2501 1302 2549 woon
1334 2502 1462 2549 huys
1494 2504 1623 2551 mede
1655 2506 1816 2553 inden
1846 2508 2008 2557 brand
2039 2512 2361 2566 geraecten,
2392 2521 2616 2569 slaende
2648 2524 2713 2571 de
2744 2526 2938 2574 vlamme
2968 2530 3258 2582 soodanigh

1159 2627 1217 2673 de
1245 2629 1476 2675 vensters
1505 2630 1620 2676 (die
1649 2631 1765 2677 niet
1793 2633 2024 2685 haestigh
2053 2640 2256 2688 genoech
2283 2644 2458 2696 conden
2485 2652 2573 2699 toe
2601 2655 2832 2701 crijgen)
2860 2657 2918 2702 in
2947 2657 3034 2702 dat
3062 2657 3271 2711 genoot„

1165 2756 1315 2804 saect
1343 2756 1523 2803 bleven
1552 2756 1761 2803 (indien
1789 2758 1911 2807 niet
1938 2765 2235 2818 verbranden
2264 2773 2472 2823 wilden,
2501 2776 2740 2824 daeruijt
2769 2780 2829 2826 te
2858 2782 3097 2830 wichten,
3125 2786 3275 2835 edogh

1164 2883 1277 2928 niet
1303 2885 1665 2936 sonderbranden
1691 2892 1776 2938 van
1803 2894 2110 2945 verscheijde
2136 2901 2386 2952 personen;
2414 2906 2637 2956 Jaselffs
2664 2912 2748 2958 den
2775 2913 3110 2962 oppercoopman
3136 2918 3278 2969 ant:o

1157 3013 1254 3061 van
1284 3014 1632 3065 Broeckhorst
1662 3021 2199 3075 weckesijnevingers
2229 3031 2325 3078 soo
2354 3034 2418 3079 de
2449 3035 2701 3083 vensters
2732 3036 2890 3084 wilde
2921 3039 3016 3087 toe
3047 3042 3269 3093 trecken

1112 3146 1238 3195 ende
1266 3148 1541 3196 pampieren
1570 3152 1662 3199 die
1691 3155 1753 3201 de
1782 3158 1995 3204 sommige
2025 3159 2421 3214 aleenighsints
2449 3170 2571 3218 sijn
2601 3173 2905 3225 beschadigh
2935 3180 2966 3225 t
2996 3178 3179 3226 sochte
3205 3172 3275 3221 te

1157 3274 1372 3325 bergen,
1401 3281 1524 3328 heel
1553 3284 1858 3333 verbranden
1889 3288 2164 3336 beneffens
2194 3292 2378 3344 andren
2407 3300 2560 3348 meer,
2590 3304 2805 3353 wesende
2834 3309 2926 3357 den
2956 3313 3261 3362 tolcqmeest

1155 3418 1498 3469 overtgansche
1525 3424 2009 3474 lichaemverbrandt,
2037 3428 2180 3475 andre
2208 3431 2408 3485 d'armen
2435 3441 2607 3491 beenen
2634 3447 2777 3494 doort
2805 3450 2921 3497 vier
2946 3454 3091 3502 vende
3117 3459 3289 3510 vlamme

1153 3552 1490 3602 beschadight
1520 3557 1642 3605 ende
1672 3560 1886 3607 tenware
1914 3559 2007 3607 god
2038 3559 2100 3606 de
2129 3562 2284 3612 Heere
2311 3570 2495 3622 Comp:s
2524 3578 2768 3625 middelen
2798 3580 3104 3637 merckelijk
3133 3594 3286 3642 hadde

1158 3684 1336 3731 willen
1364 3685 1600 3734 bewaren:
1628 3690 1805 3739 moeste
1833 3694 2186 3744 nootsakelijk
2215 3699 2275 3746 na
2302 3702 2421 3751 alle
2449 3708 2686 3758 menschen
2713 3715 2918 3762 oordeel
2948 3717 2977 3762 t
3006 3716 3272 3770 packhuijs

1127 3811 1214 3857 (a.
1243 3811 1275 3858 o
1299 3812 1505 3860 passado
1534 3813 1738 3861 gebout)
1767 3817 1912 3864 eerst
1941 3819 2117 3868 schade
2144 3824 2350 3877 geleden
2377 3833 2582 3884 hebben,
2610 3840 2756 3889 alsoo
2784 3844 2872 3889 den
2900 3844 3076 3893 brandt
3104 3849 3253 3896 eerst

2918 4001 3122 4052 inde
