3348 4883
1032 752 1430 804 Heeren
1494 761 1702 811 Be„

1268 1030 1508 1083 Aende
1554 1027 1747 1075 E.d.
1793 1031 1985 1086 heer
2032 1037 2512 1089 Gouverneur

1399 1129 1702 1180 Generael
1738 1128 2041 1176 Cornelis
2077 1131 2305 1177 vander
2342 1133 2530 1185 Lijn,

1393 1218 1546 1264 ende
1584 1218 1737 1265 d'E.
1774 1220 2082 1275 presente
2119 1231 2351 1279 Heeren
2386 1236 2580 1284 Raden

1370 1304 1478 1350 van
1511 1307 1724 1355 India.
1760 1307 1796 1355 /

691 1509 866 1566 Deven
899 1510 1001 1556 met
1035 1511 1441 1561 behoorlijcke
1474 1516 1949 1574 eerbiedicheijt
1982 1529 2050 1576 te
2084 1531 2322 1578 kennen,
2354 1534 2390 1581 u
2422 1537 2492 1586 E:

768 1602 1129 1652 onderdanige
1161 1608 1391 1656 burgers
1422 1612 1749 1665 ondergesz,
1780 1620 1879 1668 hoe
1910 1622 2011 1670 dat
2040 1626 2140 1672 sij
2172 1628 2540 1676 supplianten

775 1686 844 1734 in
877 1690 1013 1737 dese
1046 1692 1252 1741 sobere
1284 1697 1658 1749 constitutie
1691 1704 1828 1753 ende
1861 1709 2304 1761 gelegentheijt
2336 1717 2404 1762 om
2437 1715 2542 1762 een

775 1783 1036 1831 stuijver
1068 1785 1165 1831 tot
1197 1786 1489 1835 sustentie
1521 1789 1650 1836 ende
1682 1791 2104 1842 gerequireerde
2135 1797 2556 1849 huijshoudinge

774 1864 970 1911 metten
1001 1865 1229 1914 anderen
1261 1868 1684 1922 geprojecteert
1715 1879 1846 1928 ende
1877 1884 2267 1934 voorgeslagen
2297 1885 2495 1934 hebben

778 1953 988 2003 eenige
1022 1954 1368 2004 requisitie
1402 1959 1541 2005 ende
1574 1961 1818 2010 bequame
1850 1967 2129 2018 middelen
2161 1974 2579 2029 t'ondernemen

653 2025 797 2086 waer
824 2045 964 2092 door
997 2043 1104 2091 als
1137 2047 1416 2097 getrouwe
1450 2053 1833 2106 huijsvaders
1866 2061 1972 2108 hun
2006 2063 2284 2110 famillie
2318 2062 2634 2110 voordeel„

776 2129 914 2176 ende
949 2129 1018 2175 d'
1051 2131 1120 2177 E.
1154 2132 1464 2180 Compagnie
1497 2135 1636 2186 geen
1669 2142 2048 2195 prejuditie,
2081 2151 2219 2197 ofte
2253 2152 2460 2199 nadeel

766 2214 1018 2263 mochten
1052 2219 1443 2270 aenbrengen,
1478 2226 1656 2273 sulcx
1690 2228 1797 2274 dan
1832 2229 1974 2275 naer
2009 2230 2080 2277 de
2116 2232 2258 2281 mate
2291 2235 2399 2281 van
2434 2234 2541 2280 hun

775 2303 993 2352 begrijp
1024 2307 1367 2356 overgeleijt
1397 2311 1491 2358 is,
1522 2314 1647 2360 seer
1677 2316 2052 2369 gevoechlijck
2082 2324 2238 2370 soude
2268 2316 2582 2369 geschieden

776 2392 1024 2442 connen,
1057 2399 1163 2446 met
1197 2401 1304 2447 het
1337 2403 1760 2456 contribueren
1793 2412 1900 2458 tot
1933 2414 2005 2463 d'
2039 2420 2356 2470 Equipagie
2389 2422 2534 2470 ende

775 2485 876 2536 toe
908 2489 1176 2540 rustinge
1207 2496 1308 2543 van
1341 2498 1442 2545 een
1474 2501 1640 2548 schip
1674 2503 1774 2551 met
1805 2507 1940 2557 sijn
1973 2512 2073 2558 toe
2104 2508 2372 2557 behooren
2405 2505 2546 2553 ende

760 2576 1032 2628 ladinge
1069 2584 1186 2633 van
1222 2591 1300 2638 't
1338 2590 1571 2643 patria
1608 2599 1956 2649 herwaerts
1995 2597 2419 2649 tenderende,
2457 2589 2612 2641 Ende

764 2676 946 2724 alsoo
981 2676 1054 2722 de
1089 2677 1484 2731 supplianten
1520 2684 1951 2734 vastelijcken
1986 2689 2382 2735 vertrouwen,
2417 2689 2453 2734 u
2488 2688 2563 2736 E.

755 2767 912 2816 niet
950 2769 1181 2819 anders
1220 2773 1297 2819 en
1334 2774 1759 2825 inclineren,
1798 2780 1914 2826 dan
1952 2782 2029 2827 om
2067 2781 2184 2827 des
2220 2773 2493 2826 Burgers

750 2863 864 2910 wel
900 2860 1091 2909 varen
1129 2860 1206 2907 te
1243 2864 1548 2917 soecken,
1580 2872 1698 2919 soo
1735 2872 1963 2919 keeren
2000 2870 2115 2917 sij
2153 2865 2571 2915 supplianten

759 2952 929 3000 haer,
963 2950 1441 2999 demoedelijcken
1474 2954 1578 3001 tot
1611 2957 1645 3002 u
1679 2957 1748 3004 E.
1781 2959 2224 3010 jnstantelijck
2258 2963 2639 3012 versoecken,

765 3051 840 3096 om
876 3048 951 3095 te
988 3046 1174 3093 mogen
1211 3046 1696 3095 gelicentieert
1732 3050 1881 3099 ende
1918 3055 2031 3102 toe
2066 3057 2327 3103 gestaen
2363 3049 2627 3102 werden,

745 3145 863 3193 hun
898 3145 1430 3196 geprojecteerde
1467 3143 1848 3191 equipagie,
1885 3147 2037 3192 ende
2074 3147 2379 3196 voijagie
2417 3148 2494 3194 in

732 3251 926 3301 Godes
960 3246 1119 3295 name
1157 3246 1274 3293 aen
1309 3247 1389 3294 te
1428 3248 1700 3295 vangen,
1738 3251 1893 3296 ende
1931 3250 2087 3298 sijn
2124 3249 2594 3299 Majesteijts—

754 3341 944 3392 segen
981 3341 1132 3388 daer
1170 3341 1246 3388 op
1282 3340 1359 3387 af
1396 3341 1472 3386 te
1509 3341 1812 3394 wachten,
1849 3350 2000 3398 Mits
2037 3353 2151 3401 sij
2187 3347 2604 3401 supplianten

747 3437 857 3483 hun
893 3435 1112 3483 geerne
1149 3436 1369 3483 willen
1404 3439 1807 3489 submitteren
1842 3446 1989 3493 ende
2024 3441 2464 3494 onderwerpen,
2500 3437 2610 3485 die
2645 3436 2793 3483 tijd

758 3540 869 3588 bij
904 3539 941 3584 u
978 3539 1051 3585 E.
1087 3537 1489 3585 goetvinden,
1525 3540 1635 3586 den
1671 3541 1781 3588 eet
1817 3543 1927 3589 van
1962 3538 2479 3589 getrouwicheijt

732 3641 806 3691 te
841 3638 1197 3688 presteren,
1231 3642 1304 3689 't
1338 3644 1445 3690 sij
1480 3644 1587 3690 van
1623 3645 1765 3692 geen
1800 3647 2014 3694 andere
2048 3647 2156 3694 als
2191 3645 2439 3692 burgers
2475 3647 2617 3693 ende

731 3738 878 3784 geen
913 3737 1277 3785 Compagnies
1313 3738 1603 3787 Dienaren
1639 3740 2112 3796 directelijck,
2147 3750 2293 3796 ofte
2329 3748 2657 3796 jndirecte

739 3829 925 3876 lijck
961 3832 1109 3878 hier
1146 3831 1332 3878 onder
1367 3830 1443 3878 te
1480 3832 1665 3880 laten
1702 3835 2183 3887 participeren,
2220 3842 2369 3890 ofte
2405 3844 2517 3891 soo

743 3923 828 3973 't
868 3929 910 3976 u
951 3931 1035 3977 E.
1076 3931 1701 3979 dienaenlangende
1742 3934 1867 3983 wel
1907 3936 2241 3984 gevallen
2281 3931 2577 3981 mochte,

743 4026 978 4072 gelijck
1012 4027 1113 4073 sij
1144 4026 1515 4073 supplianten
1547 4027 1648 4073 dan
1681 4026 1882 4072 geerne
1915 4026 2017 4073 als
2049 4029 2217 4074 hooft
2250 4026 2384 4073 ende
2417 4026 2585 4075 uijt„

761 4124 1002 4174 voerder
1036 4125 1141 4174 van
1173 4130 1243 4177 't
1275 4131 1482 4179 voorsz
1515 4129 1755 4176 project
1788 4125 1961 4174 soude
1994 4124 2371 4171 gebruijcken
2405 4125 2508 4171 een
2542 4126 2648 4175 der

756 4224 1210 4276 Supplianten:
1247 4231 1701 4279 namentlijck,
1737 4231 2039 4280 Hendrick
2077 4226 2304 4276 Horst,
2338 4213 2606 4270 schepen

743 4333 936 4384 deser
974 4327 1204 4377 stede,
1243 4324 1358 4372 die
1396 4323 1551 4369 naer
1588 4323 2049 4371 wenschelijck
2087 4315 2472 4367 arrivement

2591 3531 2622 3577 „

2311 4409 2558 4463 alhier

1178 818 1335 866 ma

2323 947 2521 997 1484
