3567 4801
2720 515 2882 563 899

512 483 889 546 novembr.
934 479 1129 528 1645

906 739 935 784 1
961 733 1106 784 groen
1130 724 1335 777 fluweel

913 824 941 870 1
967 816 1158 869 Chinees
1183 810 1320 861 Goudt
1346 808 1536 854 laecken

910 920 967 966 1½
989 900 1408 961 bhaerhandelhout

908 1016 992 1065 100
1017 1010 1074 1058 lb
1099 1003 1293 1054 Nagelen

990 1092 1089 1144 wat
1121 1083 1414 1136 Beujuwijn

960 1183 986 1229 4
1010 1174 1161 1227 packen
1183 1165 1389 1218 suijcker

956 1271 981 1316 2
1005 1263 1153 1316 groote
1176 1255 1447 1307 porsteleyne
1471 1249 1676 1300 schotels

966 1363 1000 1410 7
1028 1351 1303 1405 Cleeredo.

915 1474 972 1522 20
993 1445 1398 1515 Engelschemellen
1422 1439 1533 1487 ende

909 1572 1072 1631 eenige
1095 1565 1284 1615 Contmen
1309 1560 1418 1609 ende
1442 1560 1682 1607 pieringhs
1709 1560 1869 1606 sijnde
1894 1561 1948 1607 d'
1974 1558 2267 1607 schenckagie
2293 1558 2373 1603 ten
2400 1557 2694 1604 Principaele

905 1689 1141 1746 geschiet
1169 1684 1287 1733 omme
1314 1677 1549 1727 seeckere
1578 1675 1695 1721 doep
1723 1672 1929 1720 omtrent
1957 1671 1990 1718 S
2016 1676 2046 1722 t
2073 1674 2220 1723 Thome
2250 1670 2454 1719 genaemt

911 1806 987 1856 sal
1008 1798 1133 1849 waere
1154 1787 1400 1841 Portugesen
1424 1784 1522 1831 vele
1546 1781 1693 1828 wevers
1716 1779 1815 1825 ende
1838 1777 2059 1823 schilders
2080 1776 2156 1823 soo
2180 1775 2253 1821 tot
2277 1770 2595 1820 bevoorderingh
2618 1769 2692 1815 van
2716 1768 2814 1815 haer

905 1905 1000 1956 als
1028 1897 1123 1946 des
1153 1893 1217 1941 E.
1246 1884 1558 1936 Compagnies
1588 1880 1744 1928 wercq
1774 1877 1993 1925 hebben,
2024 1877 2057 1923 )
2084 1877 2149 1924 in
2179 1874 2335 1922 pacht
2365 1873 2428 1919 te
2458 1871 2677 1918 becomen

903 2006 1006 2058 omme
1029 1994 1359 2049 d'portugesen,
1385 1993 1486 2039 ende
1510 1991 1587 2038 ons
1612 1989 1764 2036 aldaer
1788 1986 2067 2033 hinderlijck
2092 1985 2143 2030 te
2167 1980 2295 2030 sijn,
2318 1977 2421 2024 ende
2446 1975 2522 2023 tot
2546 1973 2648 2019 haer
2672 1972 2724 2018 te
2749 1971 2954 2021 trecken.

897 2114 1009 2165 doch
1035 2103 1287 2158 aengesien
1314 2099 1619 2147 meergemelte
1647 2094 1925 2144 Engelschen
1952 2092 2064 2139 geen
2091 2090 2397 2137 sonderlingh
2422 2083 2647 2134 Capitael
2674 2075 2842 2128 apres.
2859 2065 2897 2116 t

892 2227 1070 2288 hebben,
1093 2221 1220 2271 tomme
1242 2217 1319 2264 die
1343 2211 1519 2261 luijden
1543 2209 1594 2255 in
1618 2207 1718 2254 haer
1743 2207 1868 2252 wercq
1892 2205 1943 2251 te
1967 2204 2118 2251 connen
2142 2201 2242 2250 gaen
2266 2200 2441 2246 houden,
2466 2198 2616 2245 sullen
2639 2191 2966 2242 genoodtsruckt

889 2344 1010 2394 wesen
1030 2338 1105 2388 van
1126 2334 1223 2382 daer
1245 2331 1295 2378 te
1318 2325 1580 2375 vertrecken,
1602 2321 1699 2370 ende
1723 2318 1866 2366 andere
1889 2317 2081 2363 plaetsen
2105 2317 2153 2362 te
2175 2312 2415 2361 verkiesen,
2438 2312 2581 2358 sulcx,
2603 2310 2653 2357 't
2676 2306 2772 2354 voor
2794 2301 2868 2351 den

898 2451 1117 2509 Engelsman
1139 2449 1213 2495 aen
1236 2445 1333 2493 dien
1355 2441 1477 2490 kandt
1500 2435 1693 2486 weijnich
1715 2427 1957 2479 beschieten
1980 2424 2078 2471 sal,
2099 2419 2269 2467 beelden
2292 2416 2389 2463 haer
2413 2414 2461 2460 in
2484 2411 2557 2458 ons
2580 2405 2749 2455 daeraen
2772 2400 2870 2449 veel

894 2560 1070 2611 gelegen
1094 2553 1245 2604 souden
1269 2546 1420 2597 laeten
1444 2541 1545 2590 daer
1569 2538 1645 2585 ter
1669 2531 1895 2583 contrarie
1919 2529 1995 2575 ons
2018 2523 2220 2573 Capitael
2244 2521 2295 2567 op
2320 2518 2470 2566 andere
2494 2513 2696 2563 plaetsen
2718 2510 2770 2556 om
2795 2509 2846 2554 d'
2867 2503 2970 2552 huid

899 2677 981 2724 ten
1005 2664 1223 2719 genougen
1248 2656 1411 2707 cunnen
1437 2645 1654 2699 besteden
1679 2642 1762 2689 als
1788 2637 1978 2686 nemende
2004 2633 2112 2681 dien
2139 2629 2301 2678 handel
2326 2624 2436 2672 (god
2461 2616 2705 2669 lofsweder
2732 2612 2923 2661 Schoot,

897 2784 975 2833 dat
997 2777 1076 2828 tot
1100 2772 1178 2820 ons
1201 2767 1330 2816 leeds
1354 2763 1482 2812 wesen
1505 2759 1559 2808 p.
1582 2757 1609 2803 r
1633 2749 1914 2801 mancquement
1939 2747 2016 2793 van
2040 2745 2092 2791 't
2116 2741 2245 2790 beste
2269 2737 2372 2786 niet
2395 2729 2550 2780 cunnen
2574 2723 2829 2773 vervolgen,

893 2901 969 2955 als
989 2890 1133 2944 sijnde
1155 2887 1204 2934 d'
1225 2883 1321 2931 onse
1344 2880 1392 2927 in
1414 2877 1486 2924 die
1508 2870 1745 2921 quartieren
1767 2868 1839 2915 tot
1862 2864 2004 2913 verder
2028 2859 2216 2909 verogres
2238 2857 2310 2903 ten
2334 2853 2546 2902 hoochsten
2569 2851 2617 2898 om
2639 2844 2854 2895 Contanten

886 3016 1145 3077 benodight,
1168 3011 1221 3059 d'
1243 2997 1502 3055 Engelschen
1526 2989 1681 3040 hadden
1704 2986 1808 3033 mede
1833 2981 1987 3030 vanden
2010 2974 2191 3026 Coninck
2217 2973 2294 3019 den
2318 2967 2473 3017 halven
2497 2964 2575 3011 toe
2600 2956 2831 3008 versoght,

885 3136 1071 3193 'twelcq
1094 3128 1202 3180 haer
1226 3116 1490 3172 toegestaen
1515 3113 1595 3160 Is,
1619 3109 1699 3157 soo
1724 3103 1882 3153 wieret
1906 3101 2013 3148 mede
2039 3099 2118 3146 den
2143 3089 2380 3143 odsistent
2405 3081 2694 3134 Clevesteijn
2719 3074 2877 3125 nevens

872 3247 1106 3305 seeckeren
1129 3236 1312 3291 Vrijman
1335 3231 1441 3280 uijt
1466 3227 1519 3275 d'
1543 3216 1880 3271 gevanckenisse
1905 3211 2138 3260 ontslagen
2162 3209 2216 3255 en
2241 3208 2319 3254 een
2344 3204 2423 3253 ole
2447 3203 2526 3249 van
2551 3201 2681 3247 vrije
2706 3191 2914 3245 geleijde

892 3363 1122 3417 verleendt,
1143 3359 1236 3408 ende
1257 3352 1373 3402 alsoo
1394 3348 1465 3396 van
1486 3344 1579 3392 daer
1601 3340 1739 3389 nevens
1760 3338 1807 3384 d'
1829 3332 2059 3382 Engelschen
2081 3328 2219 3376 snweer
2240 3326 2310 3372 dat
2332 3322 2447 3370 byden
2469 3317 2630 3366 Coninck
2650 3313 2722 3362 tot
2743 3312 2767 3357 2
2789 3306 3020 3356 diveersche

893 3479 1044 3529 maelen
1066 3475 1118 3522 t'
1142 3468 1318 3519 elckens
1343 3467 1368 3512 ¼
1392 3465 1468 3512 van
1492 3462 1568 3509 een
1592 3459 1694 3506 uijr
1717 3451 1944 3503 audientie
1968 3447 2144 3495 gehadt,
2167 3442 2269 3491 ende
2293 3432 2619 3487 gesamentlijck
2642 3427 2744 3476 haer
2769 3426 2970 3474 afscheyt

879 3596 1092 3654 becomen
1119 3587 1303 3639 hadde)
1332 3577 1664 3630 vertrocken,
1693 3574 1784 3621 den
1813 3563 2176 3618 Ondercoopman
2203 3557 2386 3607 Willem
2414 3552 2627 3600 Pauwwas
2656 3549 2751 3596 van

887 3709 1179 3766 madhespatam
1203 3705 1310 3752 naer
1337 3702 1496 3750 Deloup
1521 3696 1787 3746 Vertrocken
1814 3693 1920 3741 omme
1945 3691 2026 3738 bij
2051 3689 2158 3736 sijn
2184 3683 2317 3733 mags.
2343 3680 2370 3726 t
2396 3678 2502 3725 mede
2528 3674 2635 3723 sijn
2660 3665 2953 3719 verlossinge

881 3832 935 3878 te
959 3827 1256 3876 procureren,
1282 3822 1444 3871 watter
1469 3820 1524 3865 op
1550 3820 1604 3865 te
1630 3815 1792 3864 volgen
1818 3811 1953 3859 staet
1978 3806 2086 3855 sall
2112 3805 2193 3850 ons
2220 3804 2300 3850 den
2327 3796 2541 3849 alleeren
2568 3795 2649 3841 tyt
2674 3789 2944 3839 openbaren—

728 4075 795 4126 Ao
826 4063 956 4119 255„
984 4057 1084 4106 24„
1114 4053 1180 4102 en
1211 4051 1276 4097 25
1307 4050 1341 4095 d
1370 4046 1405 4093 o
1434 4039 1533 4089 mit
1563 4030 1950 4083 sonerenghotd
1981 4025 2110 4074 voge
2142 4021 2308 4070 allen

0 707 246 755 andere

0 801 132 850 oort

0 1268 32 1314 at

135 1269 187 1314 door
