3410 4985
3231 465 3410 522 Juni

505 423 677 472 april
709 428 812 475 ao.
845 429 1052 480 1646/.

2429 462 2895 510 IMangasachij
2933 465 3012 512 /.

495 2556 722 2603 Maijo
766 2554 948 2602 adij

1003 681 1329 735 Maijesbeijt
1358 683 1652 732 revereatie
1680 687 1858 738 hadden
1885 694 2093 746 gedaen,
2119 703 2209 751 ooc
2237 707 2297 754 op
2325 709 2443 755 sijn
2472 709 2649 757 gunste
2677 712 2795 760 ende
2824 715 3149 776 vanneltchap

1024 797 1123 844 ons
1155 800 1417 849 volcomen
1449 804 1515 850 te
1548 805 1712 852 mogen
1744 807 2006 855 verlaten

825 934 952 985 adij
983 934 1138 979 20:en
1169 934 1293 979 dito
1324 934 1479 981 comen
1510 937 1696 984 alhier
1727 937 1820 984 ter
1850 937 2006 987 reede
2036 942 2162 992 twee
2191 949 2409 997 chinese
2439 952 2688 1005 Ionckjes
2718 961 2812 1008 van
2842 964 3093 1015 hocksuur

1070 1045 1459 1095 aenbrengende
1490 1050 1748 1100 volgende
1779 1055 2262 1115 Coopmanschappen
2294 1070 2359 1116 10
2391 1070 2488 1116 p:s
2520 1070 2681 1117 witte
2713 1072 2874 1119 Rouwe
2906 1072 3103 1120 zijde.

1073 1173 1163 1220 700
1192 1172 1463 1221 ppelinghs
1491 1177 1581 1223 20:
1611 1178 1671 1224 ps
1700 1180 1881 1229 vilems
1909 1186 2090 1235 16000:
2119 1190 2389 1240 pkennippe
2418 1196 2688 1250 lijwaten,
2716 1204 2806 1251 350
2835 1202 2926 1249 p.s
2954 1197 3165 1246 palijr„

1071 1291 1292 1340 suijcker
1319 1296 1429 1342 200:
1457 1297 1540 1345 p:s
1567 1301 1732 1350 aluijn
1760 1304 1954 1356 partije
1980 1312 2146 1359 groove
2173 1314 2505 1366 porceleijnen
2531 1321 2642 1366 ende
2669 1321 2835 1367 choude
2861 1320 3140 1369 cramerijen

1070 1415 1255 1466 werden
1285 1414 1498 1460 gestelt
1527 1416 1679 1465 24809
1709 1421 1922 1471 teijlen
1950 1427 2165 1479 'tsamen
2193 1435 2437 1484 (waardue
2466 1440 2527 1486 te
2556 1440 2685 1493 zijn

877 1555 1000 1604 adij
1031 1550 1154 1600 22:e
1184 1549 1339 1596 ditto
1369 1551 1462 1597 des
1492 1551 1739 1599 middachs
1770 1554 2079 1608 arriwetken
2108 1564 2233 1612 twee
2261 1569 2478 1618 chinese
2507 1572 2724 1619 Ionkjes
2754 1572 2847 1618 van
2878 1572 3186 1630 Cheuchenis

1073 1661 1190 1707 mede
1219 1662 1480 1710 Brengende
1509 1665 1597 1711 320
1625 1665 1712 1712 p„s
1741 1667 1888 1717 witte
1915 1674 2322 1731 poeijersuijker
2350 1687 2410 1735 1:
2437 1692 2525 1738 20:
2554 1693 2641 1738 p:s
2669 1694 2844 1740 gluijn
2873 1695 2990 1742 1600
3018 1698 3047 1743 l

1075 1779 1324 1828 kennippe
1353 1779 1632 1832 lijwaten,
1661 1788 1909 1839 weijnich
1938 1795 2215 1850 pansjens,
2245 1805 2368 1853 ende
2398 1808 2675 1861 peringls,
2705 1814 2890 1862 werden
2921 1808 3106 1860 Beijde

1080 1891 1288 1940 geschad
1318 1895 1378 1941 op
1406 1895 1555 1942 3200:
1585 1895 1801 1944 teijlen

872 2035 993 2081 adij
1022 2036 1172 2084 30:en
1200 2036 1321 2085 nuoo
1351 2038 1651 2087 verschijnt
1681 2041 1801 2087 hier
1830 2040 1921 2086 ter
1950 2040 2131 2090 rheede
2160 2046 2220 2091 en
2249 2046 2311 2095 'n
2340 2051 2460 2100 Iomk
2489 2055 2581 2102 van
2609 2059 2849 2105 hoksieuw
2879 2058 3038 2105 aende

1079 2150 1227 2199 marct
1256 2150 1519 2196 brengende
1548 2150 1665 2198 500:
1694 2153 1784 2199 p:s
1810 2155 1956 2204 witte
1986 2159 2190 2208 poeijer
2219 2162 2424 2212 suijker
2452 2167 2512 2213 2.
2540 2169 2629 2218 p:s
2655 2173 2803 2219 witte
2831 2170 2978 2217 Rouwe
3006 2169 3154 2218 sijde

1076 2269 1165 2320 10:
1193 2267 1222 2312 f
1250 2266 1509 2313 pansjens,
1537 2268 1594 2314 10
1623 2269 1652 2314 Ø
1680 2269 1911 2317 periags,
1938 2273 2025 2320 600
2052 2276 2081 2322 p
2110 2277 2339 2327 kennippe
2368 2282 2597 2333 lijwaten
2625 2288 2826 2335 partije
2854 2284 3115 2333 siapotten

1078 2379 1281 2427 chinele
1311 2379 1601 2430 medecijnen
1630 2385 1748 2433 eete
1775 2389 1892 2437 comt
1921 2392 2037 2441 naer
2066 2395 2301 2443 gissinge
2327 2400 2387 2445 te
2415 2402 2677 2448 monteeren
2705 2403 2852 2451 5400:
2880 2403 3143 2460 teijlen/.

985 2552 1016 2599 5
1041 2549 1176 2595 ditto
1203 2548 1283 2594 met
1310 2548 1499 2594 seecker
1524 2550 1741 2601 Japanden
1766 2557 1874 2606 over
1900 2561 1954 2606 't
1980 2562 2196 2616 opvissen
2221 2572 2303 2620 der
2329 2576 2571 2628 verlooren
2597 2583 2785 2632 stucken
2812 2587 2919 2636 uijt
2946 2591 3027 2638 het
3053 2593 3135 2641 om„

1075 2664 1290 2711 gevallen
1316 2665 1450 2711 Jacot
1477 2665 1532 2710 de
1557 2666 1799 2717 leeuwerck
1825 2673 2148 2727 geaccordeert
2174 2683 2228 2730 te
2254 2686 2393 2734 weten

1071 2785 1183 2831 voor
1210 2786 1350 2832 ijder
1377 2787 1518 2835 stuck
1542 2789 1601 2836 15
1628 2789 1796 2837 teijl,
1823 2793 2047 2841 mitsbeen
2074 2796 2159 2842 een
2186 2797 2270 2844 van
2297 2799 2353 2846 s'
2380 2801 2549 2853 Comp:s
2576 2808 2800 2859 siampans
2827 2815 3051 2866 leemende

1064 2899 1272 2945 vermits
1301 2901 1361 2948 de
1388 2903 1596 2952 Iapanse
1625 2907 1832 2954 Bercken
1861 2910 1980 2959 daer
2008 2915 2097 2960 toe
2126 2915 2333 2964 bequaem
2363 2919 2489 2971 sijn

829 3056 945 3107 adij
971 3054 1003 3099 t
1031 3052 1118 3098 0:n
1147 3052 1263 3098 dito
1292 3053 1584 3102 verstonden
1611 3058 1756 3106 vande
1785 3061 1989 3109 tolcken
2017 3065 2133 3111 inde
2162 3067 2337 3116 lequed
2364 3072 2480 3118 oste
2509 3073 2772 3121 uijterste
2798 3076 3060 3124 Eijlanden

1074 3168 1160 3216 van
1189 3171 1445 3217 sateuina,
1473 3173 1560 3220 een
1586 3176 1871 3230 vaartuijge
1899 3185 1984 3233 aen
2013 3188 2241 3237 gedreven
2268 3191 2354 3238 was
2382 3191 2554 3240 sonder
2581 3195 2752 3242 eenich
2780 3196 2951 3242 mensch
2979 3195 3093 3241 maer

1076 3288 1248 3337 paapse
1276 3292 1536 3346 cledinge,
1564 3302 1651 3349 als
1678 3305 1765 3351 een
1792 3305 1937 3354 Rock,
1965 3308 2052 3356 een
2080 3311 2195 3359 paer
2224 3314 2426 3364 muijlen
2453 3320 2568 3365 vier
2596 3318 2769 3365 potten
2797 3314 3085 3363 Confituren

1086 3412 1209 3461 ende
1239 3414 1330 3459 een
1360 3414 1512 3461 pater
1543 3416 1727 3464 noster

832 3548 952 3597 adij
980 3545 1127 3594 15:en
1155 3545 1331 3592 ditto.
1360 3547 1507 3593 wirde
1536 3546 1711 3593 alhier
1741 3545 1888 3591 aende
1916 3546 2239 3599 Gouverneurs
2267 3552 2560 3599 opgebracht
2589 3552 2648 3598 't
2677 3554 2999 3605 voorschrive
3028 3561 3177 3612 vaar„

1073 3661 1271 3708 tuijge,
1298 3663 1412 3709 doch
1440 3662 1666 3708 onwaeren
1693 3661 1779 3707 dit
1806 3660 1977 3707 ertige
2004 3663 2174 3714 paapse
2202 3669 2428 3721 goederen
2455 3677 2569 3723 ofte
2596 3678 2737 3725 eenig
2766 3680 2965 3731 teecken
2991 3687 3076 3733 van

1073 3783 1197 3829 dien
1227 3785 1474 3832 dankinne
1505 3787 1753 3836 bevonden
1781 3791 1875 3837 zij

1099 3891 1148 3944 en

448 3967 638 4019 Iunius
668 3964 827 4012 -adij
857 3962 955 4012 2:'
978 3952 1142 4000 ditto
1174 3950 1364 3997 wierde
1395 3950 1492 3998 ons
1521 3953 1681 3999 vande
1711 3954 1934 4005 toecken
1964 3960 2280 4015 aengebeijt
2311 3969 2376 4015 de
2407 3970 2660 4023 Iapanden
2691 3978 2786 4024 die
2817 3978 2881 4025 de
2912 3979 3134 4028 stucken

1074 4064 1198 4110 ofte
1229 4064 1445 4110 geschud
1475 4064 1539 4112 op
1568 4068 1630 4113 te
1661 4068 1848 4118 vissen
1877 4074 2186 4128 aengenomen
2217 4083 2341 4129 twee
2372 4084 2588 4130 struken
2619 4084 2836 4131 Becomen
2866 4083 3021 4131 hadde

1071 4193 1194 4240 doch
1224 4189 1379 4237 sulxt
1409 4188 1625 4237 vorders
1655 4192 1779 4238 vand
1809 4192 2056 4242 Contract
2086 4197 2363 4244 ontswegh,
2394 4199 2517 4245 alzo
2548 4198 2640 4244 tot
2671 4198 2794 4245 dato
2825 4196 2948 4243 veel
2979 4185 3103 4241 meer

2578 4380 2963 4430 oncosten.
3004 4385 3090 4432 /.
