3608 4917
2849 282 3035 336 687

280 756 384 804 162
417 757 519 803 stx
552 757 859 806 laeckenen
893 760 962 806 te
995 761 1165 809 weten

1027 499 1273 548 vervolgh
1303 503 1492 554 vanden
1516 514 1762 563 Japansen
1792 512 1977 560 handel
2006 509 2160 556 tegen
2190 509 2252 555 't
2282 510 2589 558 aenstaende
2619 512 2743 558 jaer
2772 514 2868 564 van

1020 572 1348 621 verscheiden
1376 575 1701 630 quartierent
1729 583 1966 630 verwacht
1995 584 2173 632 werden
2201 580 2497 630 namentlijk

822 677 1258 726 Vaderlandschen
1288 679 1480 726 eijsch

505 828 558 874 60
583 829 687 875 stux
712 830 945 879 Carmosijn
969 836 1098 883 roode
1122 838 1354 893 laeckenen
1377 846 1639 898 deughtsaem
1663 854 1715 899 na
1740 854 1843 900 haer
1868 849 1974 899 gelt

725 885 772 931 en
795 886 867 934 van
888 891 1005 937 goede
1028 892 1144 940 verwe
1168 895 1192 940 ^
1214 896 1355 948 hebben
1377 904 1448 950 van
1470 906 1541 952 dit
1564 908 1658 956 jaer
1680 911 1774 956 niet
1797 911 1895 962 meer

720 946 870 995 gehaelt
890 950 956 999 als
975 955 1040 1000 het
1060 956 1296 1010 voorgaende,
1314 967 1527 1016 dierhalven
1548 971 1719 1019 eenlijck
1739 973 1931 1019 vermeerd.
1951 973 1973 1018 r

714 1013 807 1059 wert
829 1014 899 1062 ten
921 1017 1061 1068 insien
1083 1023 1153 1070 van
1175 1025 1361 1075 Tonquin,
1383 1030 1476 1077 dese
1498 1033 1637 1079 sullen
1660 1034 1729 1079 bij
1753 1030 1938 1079 gissinge

719 1077 813 1125 zijn
836 1080 907 1127 van
929 1083 1025 1131 1680
1045 1088 1071 1134 @
1093 1089 1280 1137 gerekent
1303 1093 1328 1138 /
1349 1094 1515 1144 doorden
1536 1100 1701 1149 anderen
1723 1103 1770 1149 op
1793 1101 1958 1148 ƒ7:15:-

714 1143 894 1194 gelijck
918 1149 1022 1197 dese
1046 1153 1278 1205 voorjaren
1302 1161 1509 1212 gesonden
1533 1168 1686 1217 sullen
1712 1168 1917 1218 bedragen
1942 1169 1968 1214 ƒ
1993 1170 2148 1219 13020.
2168 1171 2199 1219 —

712 1209 846 1256 hooger
866 1212 933 1260 van
953 1216 1063 1264 prijs
1084 1219 1130 1267 en
1150 1223 1282 1271 dienen
1303 1227 1414 1275 niet,
1434 1231 1546 1279 alsoo
1565 1235 1654 1283 niet
1674 1238 1871 1283 onderkent
1893 1238 1940 1285 en

719 1271 821 1320 wert,
839 1276 980 1326 gelijck
999 1282 1081 1328 uijt
1100 1284 1203 1331 desen
1220 1288 1361 1338 jarigen
1380 1293 1481 1344 prijs
1501 1299 1623 1346 tesien
1641 1302 1705 1353 is—

516 1351 564 1396 55
586 1351 683 1402 stux
707 1357 852 1406 swarte
875 1361 948 1408 1d.
970 1363 1020 1410 os
1042 1366 1116 1414 ten
1138 1370 1284 1420 prijse
1305 1376 1378 1424 als
1401 1380 1427 1425 t
1449 1381 1594 1433 vooren
1617 1388 1809 1436 gerekent
1832 1389 1889 1439 op

716 1419 823 1466 1540
848 1422 981 1472 ellen
1006 1428 1165 1480 sullen
1190 1436 1487 1493 uijtbrengen

1856 1453 1925 1501 -„
1955 1453 2160 1502 11935.
2193 1457 2266 1502 —.

1686 1451 1727 1496 .

704 1493 771 1540 dit
790 1496 879 1545 werd
899 1501 966 1549 een
985 1505 1162 1556 weijnich
1181 1513 1378 1564 verhooght
1398 1520 1529 1568 booven
1550 1524 1617 1572 het
1636 1528 1811 1576 verleden
1831 1529 1919 1575 jaer

709 1551 905 1603 eensdeels
925 1558 992 1606 ten
1012 1562 1187 1614 insichte
1206 1571 1315 1620 vande
1335 1576 1445 1626 prijs
1465 1582 1530 1629 die
1551 1585 1595 1631 't
1616 1586 1661 1633 nu
1680 1589 1832 1636 gehaelt
1853 1590 1985 1636 heefft

709 1609 757 1658 en
776 1614 912 1664 anders
932 1620 1045 1670 deels
1065 1626 1111 1673 na
1132 1628 1444 1684 ongetwijffelde
1466 1639 1689 1692 rekeninge.
1710 1647 1778 1692 dat
1799 1648 1845 1694 nu
1866 1649 1933 1695 dit

708 1674 792 1720 jaer
811 1676 875 1724 soo
893 1680 1058 1733 weijnich
1077 1689 1202 1739 zijnde
1221 1694 1386 1743 gesonden
1405 1699 1448 1745 op
1467 1701 1530 1748 een
1548 1704 1653 1753 ander
1671 1709 1754 1754 jaer
1774 1709 1816 1755 't
1835 1710 1920 1756 gene

709 1735 753 1782 de
773 1738 1031 1792 vercroppinge
1052 1748 1225 1799 gemaeckt
1245 1754 1354 1804 heeft
1374 1760 1548 1812 vertiert
1567 1768 1653 1815 sall
1674 1770 1761 1819 zijn

508 1813 567 1861 32
596 1813 711 1861 stux
738 1817 1027 1870 Gecoleurde
1052 1827 1197 1877 ditos
1224 1834 1282 1880 te
1310 1836 1456 1888 weten

723 1874 784 1923 14
813 1877 904 1924 sex
934 1879 1117 1931 groene
1144 1888 1236 1937 dos
1264 1894 1477 1946 Namentl

859 1936 939 1985 10:
964 1940 1071 1988 st„x
1095 1944 1175 1994 van
1200 1950 1227 1995 -
1252 1949 1306 1996 3:
1330 1951 1411 1998 18:
1434 1953 1463 1999 —
1488 1954 1595 2002 d'el

878 1991 934 2038 4:
960 1994 1044 2042 sir
1070 1998 1154 2044 van
1180 2000 1209 2046 „
1234 2001 1291 2047 5:
1318 2001 1402 2049 18:
1428 2005 1456 2050 —
1483 2004 1594 2051 d'el

863 2067 940 2114 14:
964 2067 1067 2116 stux
1090 2073 1242 2122 Groene
1266 2077 1493 2132 laeckenen

725 2130 776 2177 12
800 2133 878 2179 six
901 2136 1053 2188 blauwe
1077 2144 1205 2195 ditos
1228 2151 1304 2197 van
1329 2151 1354 2196 ƒ
1378 2151 1532 2201 5:18:—
1555 2157 1656 2203 d'el

739 2192 771 2239 6
799 2189 884 2235 stx
912 2190 1058 2240 geele
1082 2198 1169 2248 van

1343 2206 1406 2254 5:
1434 2208 1554 2257 d'el

688 2268 743 2314 32
769 2268 854 2315 stx
879 2271 1154 2325 Gecoleurde
1180 2281 1427 2333 laeckenen
1454 2288 1646 2339 doorden
1672 2295 1865 2345 anderen

896 2326 1073 2379 genomen
1096 2335 1148 2382 op
1172 2338 1197 2383 ƒ
1221 2338 1273 2386 6.
1296 2343 1347 2389 en
1371 2345 1523 2397 ellens
1545 2354 1621 2400 800
1646 2356 1797 2405 maeckt
1821 2361 1970 2406 tsamen
1995 2361 2020 2406 „
2045 2361 2176 2410 4800.

536 2408 564 2454 5
590 2408 670 2454 sir
695 2409 828 2462 Roode
854 2417 1173 2477 scharlakenen
1197 2433 1278 2480 tot
1303 2435 1596 2492 schenckagie
1620 2448 1674 2495 in
1699 2450 1834 2502 Japan
1858 2458 1917 2508 en

676 2471 859 2521 Conquin
883 2476 989 2526 daer
1013 2482 1118 2533 voor
1142 2489 1325 2542 rekenen
1350 2498 1428 2546 130
1453 2502 1480 2547 @
1505 2503 1558 2549 aƒ
1583 2505 1661 2553 12.
1686 2507 1818 2554 d'ell

1908 2509 1943 2556 „
1971 2511 2132 2559 1560.
2159 2510 2196 2559 —

522 2532 598 2579 10.
618 2536 692 2585 stx
714 2541 883 2590 purpere
906 2546 1122 2601 laeckenen
1145 2557 1218 2604 tot
1241 2559 1505 2613 schenckagie
1528 2568 1578 2614 en
1600 2570 1865 2622 voldoeninge

712 2605 846 2652 vanden
866 2608 1000 2657 eijsch
1020 2612 1177 2661 eeniger
1197 2616 1353 2666 Grooten
1373 2621 1420 2668 in
1439 2625 1550 2672 Japan
1572 2627 1618 2673 en
1638 2629 1707 2678 den
1727 2634 1884 2685 Coningh
1902 2641 1952 2692 in

714 2673 923 2719 Conquin
951 2675 1070 2722 voor
1099 2678 1188 2725 275
1217 2680 1248 2726 a
1276 2681 1306 2726 ƒ
1335 2681 1395 2728 8.
1424 2683 1573 2731 iders
1601 2687 1721 2736 elle
1749 2692 1898 2744 compt
1926 2700 1956 2745 „
1985 2698 2135 2745 2200.
2162 2700 2224 2747 —.
2251 2704 2281 2750 —

456 2784 555 2832 162
586 2783 717 2830 stux
749 2786 1041 2841 laeckenen
1072 2798 1331 2851 bedragen

292 2859 370 2905 105
395 2860 499 2908 stux
525 2862 837 2918 laeckerassen
860 2874 991 2925 langh
1015 2881 1069 2928 na
1092 2885 1301 2939 gewoonte
1325 2895 1405 2943 van
1428 2899 1558 2946 prijs
1583 2901 1637 2948 en
1661 2904 1843 2953 deucht,
1868 2907 1972 2955 mede

591 2915 657 2961 als
676 2917 807 2968 vooren
826 2924 892 2972 met
911 2928 1000 2977 alle
1019 2934 1128 2983 jaren
1147 2939 1279 2992 hoger,
1297 2949 1362 2995 als
1383 2951 1428 2998 nu
1447 2954 1470 3000 2
1490 2956 1513 3002 a
1532 2958 1554 3003 2
1576 2958 1683 3005 jaren
1704 2960 1920 3010 vervolgens

589 2973 634 3019 is
655 2974 834 3028 geschiet
855 2983 924 3031 van
945 2987 1169 3042 sorteringe
1189 2998 1259 3047 als
1278 3004 1414 3055 volght
1434 3012 1481 3059 te
1500 3016 1613 3064 weten

698 3048 784 3098 85:
811 3048 896 3097 six
923 3053 1091 3102 swarte

721 3098 782 3145 5:
812 3098 904 3145 sir
932 3101 1143 3151 purpere

720 3157 782 3203 7:
811 3158 903 3205 scx
932 3160 1115 3210 Groene

710 3216 764 3262 5:
789 3215 872 3261 str
898 3213 1060 3260 blauwe

709 3277 770 3325 3:
796 3272 885 3320 ser
914 3269 1059 3316 geene

653 3366 755 3412 105:
780 3367 856 3412 six
881 3367 1009 3413 ditos
1033 3369 1235 3417 gerekent
1260 3372 1387 3421 tegen
1411 3375 1438 3421 ƒ
1462 3375 1513 3422 76
1538 3376 1640 3423 ider
1665 3378 1968 3433 hallbedragen
1993 3388 2018 3433 „
2044 3388 2069 3433 -
2094 3388 2120 3433 -
2144 3387 2170 3432 -
2195 3387 2221 3432 -
2246 3388 2272 3433 -
2296 3389 2324 3435 -
2346 3393 2373 3438 „
2397 3393 2524 3439 7980.
2549 3394 2601 3441 —.
2625 3397 2650 3442 —

265 3438 343 3485 130
368 3440 474 3492 stux
498 3448 733 3503 Rassetten
759 3458 865 3508 ofte
888 3464 1176 3521 croonrassen
1200 3477 1435 3534 verdeijet
1460 3490 1540 3539 van
1563 3496 1773 3549 coleuren
1798 3505 1877 3551 als
1902 3506 2058 3553 volght

653 3540 740 3589 105
767 3546 854 3595 stx
880 3551 1051 3599 swarte

692 3610 723 3657 8
748 3613 860 3659 stix
887 3615 1082 3667 purpere

695 3677 725 3722 5
755 3677 877 3725 seur
904 3682 1069 3732 geeke

708 3747 735 3793 6
761 3748 841 3795 ser
866 3751 1026 3799 groene

703 3816 733 3862 6
760 3815 847 3862 str
874 3818 1045 3865 blauwe

639 3931 717 3978 130
741 3933 848 3980 sch=
870 3938 1103 3991 rassetten
1127 3948 1335 4001 gerekent
1358 3957 1463 4006 door
1487 3962 1566 4009 den
1590 3964 1771 4012 anderen
1795 3962 1847 4010 op
1872 3966 1898 4011 ƒ
1923 3964 2002 4010 55.
2026 3965 2310 4012 brenghtuijt
2335 3965 2362 4011 „
2386 3966 2516 4012 7150.
2541 3966 2620 4011 —.

958 431 1191 480 Memorie
1222 433 1420 480 vanden
1451 435 1648 483 eijsch
1679 437 1779 483 van
1811 431 2204 481 verscheijden
2237 431 2727 478 Coopmanschappen
2760 431 2860 478 die
2891 434 2991 482 tot

1726 2805 1763 2853 -
1793 2812 1828 2858 -
1859 2814 1895 2861 -
1925 2819 1960 2865 -
1991 2822 2025 2867 -
2056 2823 2091 2870 -
2124 2826 2157 2871 -
2190 2826 2223 2871 -
2251 2823 2290 2871 ƒ
2322 2824 2522 2873 33515.
2554 2829 2622 2876 -.

1915 4137 2073 4185 Drage
2104 4138 2293 4186 voorts
2322 4140 2542 4187 ƒ48645.
2573 4142 2667 4187 —.—
