3553 4917
2761 358 2913 418 659

861 652 988 699 Opde
1018 652 1145 698 twee
1177 652 1304 698 geen
1334 654 1588 700 bescheet
1617 651 1904 700 gevolght,
1934 651 2062 698 doch
2093 652 2124 697 t
2155 651 2314 697 derde
2345 651 2472 697 ende
2503 651 2598 696 wel
2629 650 2662 696 t
2693 651 2914 699 profij¬

870 750 1225 798 telijckste
1258 755 1470 802 voorde
1505 755 1717 802 Comp=e
1750 753 1857 800 dat
1893 752 1963 798 is
1998 751 2070 798 t'
2101 751 2456 799 uijtvoeren
2491 751 2597 797 van
2632 752 2847 805 cooper

871 846 1295 902 toegestaen

861 1011 1177 1062 Hoedanich
1211 1012 1282 1060 de
1315 1016 1629 1067 Tanckinse
1664 1022 1909 1073 saecken
1943 1029 2049 1076 dit
2083 1031 2328 1080 vloopen
2362 1036 2677 1091 saijsoen,
2711 1046 2816 1092 soo
2850 1045 2922 1092 te

864 1106 999 1155 hove
1031 1105 1132 1151 als
1165 1106 1232 1152 in
1265 1108 1499 1160 Negotie
1531 1115 1667 1165 sijn
1698 1121 2033 1173 afgelopen,
2065 1129 2166 1175 sal
2199 1130 2266 1176 in
2298 1132 2466 1180 desen
2498 1135 2566 1181 te
2598 1136 2869 1194 herhalen

861 1204 999 1251 niet
1032 1206 1407 1273 onderstaen,
1435 1226 1678 1275 vermits
1712 1231 1780 1276 v.
1814 1230 1882 1275 E.
1916 1230 2087 1276 alles
2120 1232 2563 1285 diesaengaende
2597 1241 2803 1294 vanden

869 1311 1306 1364 Oppercoopman
1337 1319 1701 1374 Brouchorst
1736 1331 1917 1379 largo
1949 1333 2170 1381 advijs
2204 1337 2458 1385 becomt,
2494 1340 2747 1393 Wijders
2783 1348 2945 1401 nae„

870 1408 1010 1456 dien
1043 1412 1114 1459 d'
1148 1415 1288 1465 Ed=e
1322 1421 1463 1471 H=rn
1496 1427 1706 1479 Raeden
1739 1434 1844 1481 van
1879 1436 2054 1482 India
2088 1437 2298 1484 mentie
2331 1439 2611 1490 maecken,
2645 1446 2959 1499 aengaende

873 1512 908 1558 t
942 1513 1219 1566 voorstel
1253 1522 1463 1575 vanden
1495 1532 1566 1580 E:
1598 1536 1944 1587 Overtwater
1978 1541 2359 1587 betreffende
2393 1542 2463 1588 't
2498 1543 2706 1593 houden
2739 1548 2848 1598 van

875 1610 1208 1664 continuele
1239 1621 1572 1680 residentie
1601 1634 1703 1681 van
1737 1636 2003 1684 s'Comp=s
2034 1639 2301 1694 dienaren
2333 1649 2566 1700 aldaer,
2598 1655 2967 1713 ordonneren,

867 1717 936 1763 UE
967 1719 1101 1767 daer
1133 1724 1200 1770 op
1232 1725 1332 1774 van
1364 1730 1564 1782 advijs
1596 1738 1664 1785 te
1695 1741 1927 1790 dienen,
1960 1745 2126 1791 sulcx
2159 1747 2259 1793 dan
2291 1748 2425 1797 het,
2456 1754 2590 1802 daer
2622 1758 2954 1812 voorhoude,

866 1812 1115 1861 gelijck
1148 1817 1291 1867 oock
1323 1824 1429 1873 den
1464 1829 1884 1882 oppercoopman
1918 1836 2304 1888 Brouckhorst
2338 1844 2445 1895 van
2478 1851 2759 1905 gevoelen
2793 1860 2866 1909 is
2897 1865 2943 1914 —

872 1913 1142 1964 voortaen
1174 1920 1345 1970 beter
1376 1927 1513 1979 ende
1544 1936 2049 1988 profijtelijcker
2082 1943 2151 1991 in
2182 1948 2454 1998 Toncquin
2485 1955 2554 2003 te
2586 1958 2997 2029 continueren,

874 2011 1047 2063 alsoo
1079 2019 1493 2084 seeckerlijck
1525 2041 1731 2092 volgen
1765 2047 1938 2094 moet,
1971 2050 2076 2096 die
2108 2052 2349 2105 luijden
2383 2061 2487 2109 hun
2520 2065 2625 2112 met
2657 2068 2727 2116 de
2760 2072 2968 2126 zijde=

868 2124 1056 2180 teelt
1091 2137 1463 2191 generende,
1499 2147 1872 2198 nimmermeer
1908 2155 1983 2201 in
2019 2157 2317 2212 twijffel
2353 2168 2576 2216 sullen
2613 2171 2873 2224 blijven

871 2247 1004 2293 ofte
1037 2247 1170 2295 haer
1202 2250 1270 2296 de
1301 2251 1469 2298 selve
1501 2253 1835 2306 affgecocht
1866 2263 1967 2312 sal
1999 2268 2199 2316 werden
2232 2270 2365 2316 ofte
2397 2270 2564 2316 niet,
2597 2271 2664 2317 in
2697 2272 2945 2330 sonder„

876 2361 1050 2408 heijt
1083 2364 1153 2410 de
1187 2363 1396 2410 wevers
1429 2366 1534 2412 die
1567 2368 1810 2416 stoffen
1844 2370 2121 2419 maecken,
2155 2374 2260 2422 dat
2294 2377 2468 2424 meest
2501 2380 2905 2440 armeluijden

848 2474 986 2521 zijn
1019 2476 1156 2523 ende
1190 2478 1327 2525 niet
1360 2480 1565 2528 anders
1598 2482 1701 2530 als
1735 2486 2075 2537 dagelijcks
2109 2491 2212 2537 met
2246 2491 2383 2539 haer
2416 2494 2621 2544 handen
2654 2498 2893 2545 arbeijt

855 2581 1098 2630 winnen,
1132 2586 1238 2634 van
1271 2591 1341 2637 te
1375 2592 1549 2640 leven
1582 2595 1826 2646 hebben,
1861 2601 1965 2647 die
1999 2602 2103 2648 een
2138 2603 2312 2651 stuck
2346 2607 2485 2652 ofte
2519 2606 2659 2653 twee
2692 2607 2936 2655 gemaact

868 2692 1165 2743 hebbende,
1197 2699 1463 2751 terstont
1493 2706 1692 2756 gereet
1725 2711 1857 2758 gelt
1890 2713 2022 2760 daer
2055 2715 2187 2762 voor
2220 2718 2517 2764 ontfangen
2548 2719 2749 2767 moeten
2780 2723 2915 2775 ende

860 2805 995 2857 haer
1027 2812 1494 2869 nootsaecklijck
1526 2824 1627 2870 bij
1659 2825 1959 2875 gebreecke
1989 2829 2259 2878 vandien,
2290 2833 2391 2879 tot
2424 2834 2625 2883 andere
2657 2839 2936 2901 diensten

863 2927 1136 2978 begeven,
1170 2933 1476 2983 Ingevolge
1510 2937 1578 2983 't
1612 2937 1850 2985 maecken
1884 2939 1987 2985 van
2020 2940 2259 2987 stoffen
2291 2943 2362 2993 &n
2394 2949 2463 2995 't
2495 2950 2769 3002 aentelen
2802 2958 2910 3012 van

847 3040 1022 3087 zijde
1056 3041 1442 3093 grootelijcx
1475 3049 1931 3106 t'augmenteren
1965 3061 2175 3109 staet,
2210 3063 2351 3109 oock
2384 3064 2595 3111 sullen
2629 3067 2839 3115 d'onse

857 3147 1061 3198 vaster
1093 3154 1229 3206 ende
1261 3161 1699 3213 verseeckerder
1732 3167 1834 3217 int
1867 3172 2204 3223 procureren
2237 3179 2441 3228 connen
2472 3184 2641 3230 gaen,
2674 3183 2776 3230 als
2809 3182 2877 3228 in

862 3258 1129 3311 kennisse
1161 3267 1263 3317 end
1293 3273 1627 3331 contracten
1659 3287 1760 3334 met
1791 3289 1859 3335 de
1891 3288 2258 3336 coopluijden
2289 3289 2456 3335 comen
2489 3290 2623 3339 ende
2655 3295 2689 3341 t
2721 3292 2955 3343 geheele

864 3374 1006 3423 Jaer
1041 3378 1220 3427 door,
1253 3384 1325 3431 op
1360 3387 1501 3434 dien
1536 3389 1785 3443 handels
1819 3399 2280 3451 gelegentheijt
2314 3407 2456 3452 haer
2491 3405 2882 3456 informeren,

867 3484 1005 3533 daer
1037 3490 1107 3538 op
1139 3494 1277 3544 door
1309 3501 1344 3547 t
1377 3502 1684 3553 Jaerlijcx
1717 3509 1854 3559 gaen
1887 3514 2024 3560 ende
2058 3514 2262 3561 keeren
2296 3514 2603 3561 soodanich
2637 3513 2740 3559 als
2773 3514 2876 3560 wel

834 3611 1212 3666 vereijscht,
1246 3615 1382 3663 niet
1416 3618 1587 3665 gelet
1619 3620 1723 3666 can
1757 3621 1995 3671 werden,
2028 3625 2131 3670 soo
2164 3623 2370 3670 sullen
2403 3623 2540 3669 oock
2573 3623 2642 3669 de
2676 3623 2961 3677 Chinesen

863 3725 1005 3770 ofte
1040 3725 1255 3773 andere
1289 3728 1539 3775 natien,
1574 3730 1681 3775 die
1716 3731 1858 3777 dien
1893 3732 2107 3779 handel
2142 3734 2427 3781 trachten
2462 3737 2533 3783 te
2568 3737 2930 3791 becommeren

863 3841 1090 3889 minder
1127 3842 1618 3890 gelegentheijt
1655 3841 1883 3888 hebben
1919 3844 2108 3891 haere
2145 3840 2673 3891 aente-brengene
2711 3840 2902 3893 Coop¬

869 3956 1256 4004 manschappen
1291 3958 1362 4004 in
1395 3957 1573 4005 zijde
1607 3959 1713 4004 end
1746 3958 1924 4006 zijde
1959 3961 2135 4007 stuck
2169 3960 2415 4006 wercken
2447 3955 2521 4005 te
2556 3956 2945 4015 trocqueren,

858 4056 1115 4106 wanneer
1151 4060 1335 4106 alles
1370 4062 1480 4109 soo
1516 4063 1700 4109 haest
1736 4063 1883 4110 uijt
1919 4066 1992 4111 de
2029 4066 2211 4113 maeck
2248 4065 2431 4113 comt,
2467 4063 2577 4109 bij
2613 4062 2798 4109 donse

2328 4193 2741 4245 opgesamelt
2782 4194 2954 4247 wert

2824 247 2952 298 662
