3642 4828
1040 565 1382 626 January
1421 554 1624 610 1646

1252 714 1429 770 TJacht
1457 721 1781 769 Heemskercke
1810 717 2164 766 directelijck
2193 717 2281 762 van
2310 717 2487 763 Parsur
2516 717 2635 765 over
2662 719 2840 765 Ceylon
2868 717 2958 764 met
2986 718 3045 763 d'
3075 713 3399 763 gelargeerde

1333 829 1465 884 sijde
1489 825 1593 873 oude
1618 822 1772 870 anders
1797 821 1901 867 naer
1926 818 2106 865 Batavia
2132 817 2441 863 gedestineert
2466 819 2543 865 was
2569 819 2672 865 uijt
2698 818 2827 864 noodt
2850 817 2955 864 ende
2980 816 3161 863 ommedat
3186 819 3289 865 voor
3314 821 3419 870 geen

1340 934 1369 981 8
1392 926 1521 976 dagen
1545 923 1623 971 rys
1648 921 1776 968 hadde
1801 919 1954 966 aldaer
1979 919 2030 964 op
2055 919 2107 965 29
2132 920 2336 966 november
2361 919 2641 966 aengecomen,
2666 919 2744 965 die
2767 917 2845 963 met
2870 916 3074 962 provisie
3100 916 3176 961 van
3201 916 3227 961 4
3252 915 3407 962 lasten

1309 1029 1415 1083 ende
1438 1024 1569 1072 water
1592 1022 1671 1068 als
1696 1020 1824 1066 ander
1849 1016 2131 1064 verversinge
2157 1016 2336 1062 versien
2361 1016 2541 1062 weesen,
2565 1015 2694 1062 sijne
2720 1014 2873 1060 reijse
2899 1014 2951 1060 op
2974 1014 3027 1060 3.
3051 1013 3078 1058 '
3103 1011 3308 1058 december

1337 1125 1392 1171 op
1418 1123 1526 1169 hope
1552 1121 1634 1167 vas
1658 1119 1821 1167 brough
1847 1118 1901 1164 op
1927 1114 2116 1162 Batavia
2142 1114 2196 1159 te
2222 1113 2384 1161 wesen,
2410 1116 2491 1162 dat
2518 1117 2598 1163 hij
2624 1116 2679 1162 't
2705 1112 3000 1161 vaderlandts
3027 1112 3189 1159 retour
3215 1113 3323 1161 noch

1323 1223 1594 1277 beloopen
1628 1222 1729 1267 kan
1762 1216 2132 1266 aengevangen
2166 1212 2368 1261 heeft,

1317 1368 1393 1415 d'
1430 1365 1736 1415 Engelsch
1773 1363 1850 1410 en
1887 1358 2117 1408 wegens
2154 1355 2459 1403 Courtens
2495 1350 2840 1400 Compagnie
2878 1349 3106 1395 hadden
3144 1349 3373 1397 aldaer

1331 1482 1358 1527 4
1382 1472 1599 1527 schepen,
1625 1471 1706 1516 den
1732 1469 1894 1516 Hester
1919 1465 1975 1512 de
2001 1463 2243 1509 tayelteij
2269 1462 2378 1508 ende
2403 1463 2431 1508 2
2456 1462 2618 1508 nieuwe
2644 1459 2753 1507 uijt
2778 1458 2967 1504 Europa,
2994 1454 3262 1502 aengecomen

1374 1573 1589 1620 welckers
1616 1572 1750 1618 namen
1777 1572 1884 1618 sijn
1910 1570 1965 1616 E.
1992 1569 2099 1615 noch
2126 1567 2341 1613 onbewust
2367 1566 2556 1612 waeren,
2583 1563 2851 1611 verwachten
2878 1561 3174 1608 eerstdaeghs
3200 1560 3309 1606 noch
3333 1561 3418 1609 een

1335 1675 1413 1723 uyt
1438 1671 1591 1720 Atchin
1616 1670 1667 1715 d.
1692 1669 1719 1715 o
1742 1665 1922 1714 vrunden
1948 1665 2101 1711 hadden
2126 1664 2228 1710 uijt
2254 1663 2484 1710 ragiepour
2509 1665 2612 1712 noak
2636 1666 2866 1713 Ragieboch
2892 1665 2968 1711 soo
2993 1662 3096 1709 veel
3120 1658 3360 1707 Contanten

1339 1772 1545 1823 taecken,
1571 1770 1699 1817 loodt
1724 1768 1981 1814 opgebraght
2004 1766 2134 1813 datse
2158 1764 2186 1811 6
2211 1763 2416 1810 Opagoden
2442 1763 2519 1808 van
2544 1760 2698 1808 haeren
2723 1758 2853 1804 ouden
2877 1757 3006 1804 debit
3031 1755 3185 1801 hebben
3211 1752 3417 1800 betaelt,

1325 1878 1427 1927 Ende
1453 1877 1530 1923 200
1554 1873 1709 1921 goenij
1734 1870 1863 1918 vever
1888 1868 1940 1914 d'
1964 1865 2093 1913 Nlovo
2119 1864 2324 1911 gekoght,
2348 1864 2580 1910 aspireren
2605 1864 2708 1910 oock
2733 1864 2836 1909 naer
2861 1864 2938 1909 een
2963 1862 3169 1909 Weijnich
3194 1859 3403 1908 salpeter

1314 1983 1395 2036 soo
1419 1979 1497 2027 dat
1522 1975 1826 2023 gepresumeert
1851 1973 2004 2019 wierdt
2029 1973 2106 2019 dat
2131 1972 2283 2018 sullen
2308 1969 2486 2016 soecken
2512 1969 2614 2015 uijt
2638 1970 2689 2015 't
2715 1968 2944 2015 soberedat
2968 1966 3045 2012 bij
3070 1964 3147 2011 hun
3170 1960 3331 2009 hebben

1318 2087 1399 2137 soo
1422 2081 1528 2130 veel
1553 2077 1632 2125 bij
1657 2076 1736 2121 een
1761 2074 1813 2120 te
1839 2073 2021 2119 samelen
2046 2071 2177 2117 datse
2203 2070 2282 2116 een
2307 2070 2437 2116 schip
2463 2071 2567 2118 naer
2592 2072 2749 2118 Europa
2775 2070 2930 2117 sullen
2956 2070 3165 2116 vermogen
3190 2071 3242 2118 af
3268 2073 3323 2122 te

1323 2194 1508 2243 senden,
1533 2190 1613 2238 wat
1639 2189 1691 2235 se
1717 2189 1796 2234 dan
1823 2186 1901 2234 met
1927 2186 1980 2233 d'
2005 2186 2269 2232 Vierandere
2294 2187 2452 2233 sullen
2478 2183 2741 2233 verrichten
2767 2178 2925 2227 staedt
2950 2176 3004 2222 te
3030 2174 3268 2221 vernemen

1266 2338 1493 2396 gemelten
1520 2336 1577 2382 C:
1605 2334 1690 2380 Van
1716 2331 1859 2378 sanen
1886 2329 2140 2377 aeviseert
2167 2327 2337 2373 naer't
2365 2327 2590 2374 sluijten
2617 2324 2759 2371 sijne
2787 2324 2928 2369 brief
2955 2322 3040 2368 bij
3068 2320 3407 2368 particuliere

1315 2438 1505 2492 missive
1531 2434 1613 2482 aen
1640 2431 1776 2478 eenen
1802 2430 1937 2477 synen
1964 2430 2126 2476 Vruupt
2153 2430 2343 2476 alhier,
2369 2431 2451 2478 dat
2478 2433 2640 2479 aldaer
2667 2432 2748 2477 ter
2775 2431 2910 2477 rhede
2936 2430 2991 2476 d'
3018 2429 3208 2476 schepen
3234 2423 3398 2474 Bergen

1332 2548 1385 2594 op
1408 2541 1488 2591 den
1513 2538 1617 2585 soom
1641 2535 1746 2583 ende
1771 2534 1952 2580 Nassouw
1978 2535 2055 2580 den
2080 2534 2133 2580 24
2158 2533 2340 2581 october
2365 2534 2442 2579 Van
2468 2534 2649 2580 Batavia
2674 2531 2933 2578 geseijldt,
2958 2525 3242 2575 g'arriveert

1316 2645 1488 2693 waeren,
1510 2643 1706 2689 daermede
1730 2643 1755 2688 t
1779 2643 1876 2688 geen
1901 2643 2169 2689 sonderlinge
2192 2644 2314 2690 novoo
2338 2643 2484 2690 bequam
2509 2641 2703 2688 eenlijck
2726 2639 2801 2686 dat
2824 2637 2898 2685 den
2922 2636 2970 2681 C.
2995 2636 3019 2681 e
3043 2635 3092 2680 H.
3116 2634 3141 2679 r
3164 2630 3409 2678 gouverneur

1321 2750 1573 2806 Jeremioes
1601 2749 1684 2795 van
1712 2747 1878 2795 Vriedt
1905 2746 1961 2791 op
1988 2745 2184 2791 Batavia
2210 2747 2349 2795 Comen
2377 2750 2765 2798 extraordinaire
2792 2750 2931 2796 raedt
2958 2746 3042 2794 van
3068 2742 3208 2790 Indix
3234 2740 3297 2788 Is

1317 2859 1589 2909 gemaeckt,
1619 2859 1770 2905 onder
1799 2857 1891 2903 een
1921 2857 2193 2903 tractamen
2222 2856 2314 2902 van
2343 2855 2435 2903 200
2463 2854 2526 2901 gl
2555 2857 2646 2903 ter
2675 2856 2887 2905 maendt,
2917 2860 2978 2905 en
3007 2855 3343 2904 Consinuatie

1306 2974 1406 3021 van
1439 2973 1473 3018 3
1503 2962 1707 3017 Jaeren

1145 3106 1231 3154 Aj.
1258 3103 1344 3149 d:'
1370 3098 1683 3148 Verschyjndt
1711 3098 1881 3144 alhier
1908 3097 1994 3143 ter
2022 3099 2163 3144 rhede
2191 3099 2276 3144 uyt
2304 3098 2502 3144 Gixelij
2531 3098 2588 3144 d'
2615 3098 2842 3145 schaloup
2866 3094 3011 3144 Cleer
3038 3090 3237 3138 pipelij

1308 3199 1419 3247 daer
1447 3199 1531 3244 met
1557 3199 1723 3245 become
1751 3200 1834 3245 een
1861 3199 2056 3246 missive
2082 3201 2248 3246 vanden
2276 3201 2607 3246 opvercoopman
2635 3200 2691 3246 s.
2717 3198 2746 3244 r
2773 3198 2967 3243 martins
2993 3197 3105 3243 ende
3131 3195 3298 3243 Vroede

1305 3305 1532 3360 gedateert
1556 3305 1608 3352 21
1631 3307 1681 3353 d.
1704 3306 1731 3351 o
1755 3307 1930 3352 daerbij
1954 3306 2054 3351 niet
2079 3306 2353 3352 sonderlingh
2376 3306 2403 3352 s
2427 3304 2701 3350 g'adviseert
2726 3300 2901 3349 voerdt,
2925 3298 3124 3345 eenlijck
3148 3296 3224 3342 hoe
3249 3296 3330 3345 dat

1306 3408 1523 3460 gemelte
1554 3407 1801 3453 schaloup
1829 3407 2047 3453 beladen
2077 3408 2201 3454 Comt
2231 3409 2324 3454 met
2355 3408 2509 3454 19016
2539 3410 2602 3457 lb
2630 3410 2755 3458 Eijs
2785 3409 3095 3457 monterende
3185 3409 3401 3459 11118

1306 3516 1390 3562 tot
1416 3510 1614 3560 procure
1641 3511 1724 3556 van
1752 3511 1892 3556 rouwe
1920 3510 2227 3557 bengaelsche
2254 3511 2394 3558 sijde
2422 3511 2506 3557 als
2533 3510 2617 3558 den
2645 3512 2952 3559 geeijschten
2979 3505 3204 3557 salpeter

1305 3619 1456 3667 hadde
1485 3616 1607 3663 sijn
1637 3616 1697 3661 E.
1726 3615 1818 3661 een
1847 3612 2089 3659 Capitael
2119 3612 2210 3659 van
2240 3614 2392 3660 12000
2421 3615 2482 3662 E.
2511 3616 2542 3662 a
2569 3609 2964 3661 afgesteecken

1140 3778 1228 3830 Aen
1253 3771 1313 3820 30
1338 3768 1369 3814 d
1396 3767 1425 3813 o
1452 3764 1708 3812 vertreckt
1735 3762 1792 3808 't
1820 3762 2131 3810 fluijtschip
2159 3763 2442 3810 Bdeenstede
2470 3762 2555 3808 met
2582 3761 2922 3808 Comminicatie
2950 3760 3007 3806 en
3035 3756 3176 3805 goedt
3204 3754 3377 3802 vinden

1305 3866 1475 3916 vanden
1501 3863 1672 3910 raedt,
1700 3862 1813 3909 ende
1841 3863 1897 3908 op
1925 3863 2180 3910 Vastehove
2208 3865 2293 3911 Van
2320 3865 2519 3911 redres,
2546 3867 2660 3913 ende
2687 3869 2772 3914 een
2800 3866 3140 3913 onbecommerde
3165 3860 3367 3912 Negotie

1306 3968 1420 4017 Jnde
1449 3965 1761 4013 bengaelsche
1788 3966 2072 4012 quartieren
2100 3967 2185 4014 tot
2213 3969 2383 4017 vigeur
2411 3972 2639 4022 desselfs
2665 3976 2779 4022 ende
2808 3976 3120 4022 Bemachtinge
3146 3970 3290 4020 vande

1300 4075 1618 4126 vereijschte
1646 4075 1933 4123 quantiteyt
1962 4078 2134 4123 sijde,
2162 4077 2451 4124 salpeterh,
2478 4079 2594 4126 over
2622 4081 2939 4131 visigapatam
2966 4087 3139 4134 Comost
3168 4089 3340 4135 geviel

1303 4186 1372 4233 d'
1403 4180 1472 4227 60
1505 4177 1708 4224 lasten
1742 4177 1878 4223 rijs
1910 4178 2080 4224 wegen
2113 4177 2181 4223 d'
2214 4177 2283 4225 E.
2316 4180 2622 4229 Compagnie
2654 4185 2958 4232 Ingekocht
2992 4185 3094 4233 van
3126 4188 3277 4241 daer

3063 4268 3209 4315 nog
