3642 4828
1037 497 1283 558 april
1325 491 1532 543 1646

1391 670 1521 716 Jacht
1546 667 1702 715 vanden
1727 666 1910 711 Vrijman
1935 665 2169 711 Nicolaaes
2195 666 2351 713 Vanden
2376 667 2506 713 Graef
2532 667 2610 713 sal
2636 668 2688 713 r.
2714 667 2818 713 ende
2843 667 2947 716 sijn
2973 671 3233 719 geselschap
3258 671 3363 718 niet

1387 771 1646 821 largeerde,
1671 770 1775 816 ende
1801 767 2163 816 d'aengeslaegen
2189 767 2396 813 goederen
2420 762 2758 811 restitueerde,
2783 761 3069 808 midtsgaders
3094 761 3172 808 den
3198 763 3359 811 vrijen

1384 880 1543 928 Incoop
1568 878 1648 924 van
1673 876 1780 922 Eijs
1805 873 1964 921 slaven
1989 872 2016 918 E
2042 871 2148 917 niet
2173 867 2463 915 liberalijck
2489 867 2621 914 wilde
2646 868 2857 914 toestaen
2884 867 2963 913 van
2989 868 3094 913 daer
3120 863 3383 913 opbreecken

1379 990 1496 1041 ende
1522 982 1726 1033 arracan
1754 981 1870 1027 niet
1897 978 2013 1026 alle
2041 977 2129 1023 den
2155 976 2330 1024 treijn
2358 976 2588 1023 verlaten
2617 975 2818 1022 souden,
2847 975 2905 1020 't
2933 976 3078 1022 welcq
3105 977 3192 1023 den
3220 968 3423 1022 Coninck

1378 1106 1491 1155 oocq
1517 1104 1601 1150 soo
1627 1094 1957 1148 voorgehouden
1984 1091 2177 1139 weierdt
2204 1091 2286 1137 met
2314 1088 2698 1137 waerschouwinge
2725 1088 2808 1134 bij
2835 1087 2973 1135 resus
2999 1085 3082 1131 van
3109 1078 3302 1129 'tselve
3327 1076 3411 1122 wel

1368 1213 1565 1268 dencken
1592 1210 1731 1257 mocht
1758 1209 1842 1254 tot
1869 1206 1980 1253 geen
2007 1203 2174 1250 cleere
2202 1202 2562 1248 verwijderinge
2590 1202 2673 1248 van
2699 1197 2812 1247 sijn
2839 1195 2978 1241 rijck
3005 1193 3144 1241 soude
3171 1190 3398 1239 strecken

1375 1332 1434 1381 't
1458 1323 1600 1374 welck
1627 1322 1710 1367 hij
1737 1318 1960 1367 Coninckd
1987 1317 2071 1363 oor
2098 1316 2377 1362 overgroote
2403 1317 2793 1365 Ingenomenthiht
2818 1317 2875 1362 in
2902 1316 3014 1362 geen
3040 1310 3264 1361 achtinge
3290 1308 3430 1355 heeft

1342 1438 1519 1495 willen
1547 1435 1722 1482 nemen,
1749 1431 2011 1480 maerbleef
2040 1431 2387 1479 versisteren,
2413 1430 2531 1479 dat'
2560 1430 2619 1475 s'
2646 1428 2763 1476 onse
2791 1425 2907 1472 haer
2935 1423 3081 1469 Iacht
3109 1422 3225 1468 noch
3253 1420 3399 1468 goedt

1357 1546 1472 1597 niet
1499 1544 1557 1590 en
1585 1540 1700 1589 was,
1727 1539 1841 1585 Item
1870 1539 1956 1585 dat
1983 1538 2069 1583 den
2098 1537 2269 1583 Incoop
2296 1536 2382 1582 van
2411 1536 2582 1582 slaven
2610 1535 2724 1580 niet
2751 1532 2895 1579 konde
2922 1528 3179 1578 toestaen,
3206 1525 3378 1572 echter

1359 1658 1475 1708 door
1504 1656 1562 1703 d'
1588 1642 2077 1699 Hardesoluiteringe
2102 1640 2219 1685 ende
2248 1640 2333 1685 dat
2362 1640 2449 1686 hem
2476 1638 2763 1686 twierdicht
2791 1637 2935 1682 aende
2962 1637 3135 1683 voeten
3162 1635 3336 1682 wierdt

1354 1764 1590 1812 geleijdt)
1616 1763 1695 1809 soo
1720 1762 1826 1808 veel
1852 1759 2035 1807 bewogen
2060 1757 2140 1804 dat
2164 1755 2244 1803 hij
2270 1754 2323 1800 de
2348 1749 2611 1799 duijtschen
2636 1747 2716 1793 die
2741 1747 2820 1793 int
2846 1747 2977 1792 Bosch
3002 1745 3160 1792 Waeren
3185 1738 3396 1789 daeruijt

1351 1875 1403 1923 de
1427 1873 1477 1919 de
1501 1870 1675 1917 haelen,
1699 1869 1874 1915 daervan
1898 1866 1998 1913 niet
2022 1864 2121 1911 meer
2146 1864 2221 1909 als
2245 1864 2345 1910 twee
2369 1864 2518 1909 levend
2543 1864 2593 1909 't
2615 1861 2840 1909 gevonden,
2864 1859 2965 1906 ende
2988 1857 3039 1903 d'
3063 1856 3213 1902 onsegt
3236 1852 3463 1900 Intregeen

1352 1979 1463 2029 sijn
1490 1977 1680 2024 daervan
1707 1976 1790 2022 den
1815 1975 1952 2022 eenen
1979 1973 2088 2019 naer
2115 1972 2470 2020 weijnichdagen
2496 1976 2741 2022 overleedt
2767 1975 2850 2021 soo
2877 1975 2959 2020 dat
2984 1969 3149 2019 vanden
3176 1968 3312 2014 wegen

1340 2095 1629 2151 duijtschen
1654 2093 1742 2141 die
1770 2092 1885 2138 daer
1912 2090 1999 2137 met
2027 2091 2084 2136 't
2113 2090 2255 2136 Iacht
2284 2090 2598 2138 aengehaeldt
2625 2092 2797 2138 waeren
2825 2091 2940 2137 niet
2968 2089 3082 2136 meer
3110 2087 3196 2134 als
3224 2085 3311 2131 een

1347 2215 1597 2276 duijtsman
1624 2212 1842 2260 ontcomen
1868 2211 1951 2257 ss,
1978 2211 2033 2256 d'
2059 2209 2170 2256 rest
2196 2211 2306 2257 door
2332 2213 2496 2258 honger
2523 2213 2578 2258 en
2605 2213 2741 2258 Comer
2768 2213 2986 2260 Vergaen,
3012 2212 3123 2259 ende
3150 2210 3395 2258 gestolven

1349 2342 1434 2393 end
1459 2334 1650 2385 mochten
1677 2333 1732 2378 d'
1758 2332 1949 2378 onsed'r
1976 2332 2194 2380 resteren
2219 2334 2248 2380 5
2274 2332 2383 2379 niet
2410 2332 2627 2377 becomen,
2654 2330 2818 2377 siende
2844 2331 2926 2376 dan
2953 2330 3117 2376 d'onse
3143 2331 3225 2376 tot
3251 2330 3361 2381 haer

1351 2441 1593 2492 voornemen
1618 2439 1727 2486 niet
1753 2438 1914 2484 conden
1941 2437 2210 2484 geraecken,
2236 2440 2397 2487 maeckt
2423 2442 2477 2488 en
2503 2442 2611 2488 haer
2637 2439 2852 2486 veerdigh
2877 2437 2986 2484 omme
3012 2435 3093 2482 van
3120 2432 3227 2480 daer
3253 2430 3314 2476 te

1370 2552 1661 2601 vertrecken,
1688 2553 1793 2600 doch
1820 2552 1952 2600 heeft
1978 2553 2059 2600 den
2082 2554 2401 2602 alregerenden
2427 2555 2480 2600 d'
2506 2554 2612 2600 onse
2638 2555 2744 2600 haer
2770 2552 3008 2600 voornemen
3034 2549 3114 2597 ter
3140 2547 3457 2593 onverwachter

1349 2670 1489 2720 uijle
1517 2668 1741 2715 gelieven
1766 2668 1824 2714 te
1851 2666 2074 2713 stutten,
2102 2666 2213 2711 ende
2241 2666 2325 2711 den
2352 2664 2493 2711 ouden
2518 2663 2800 2712 Inpotenten
2826 2665 3217 2713 geldtsuchtigen
3243 2660 3440 2709 Coninck

1355 2793 1410 2841 op
1436 2791 1519 2840 12.
1544 2788 1573 2834 '
1598 2783 1816 2832 december
1841 2779 2032 2827 passado
2058 2778 2168 2824 uijt
2194 2780 2222 2825 e
2249 2780 2465 2827 Weereldt
2492 2781 2736 2827 terucken,
2763 2781 2871 2827 ende
2898 2782 2952 2827 In
2978 2778 3196 2827 desselfs
3223 2775 3412 2824 plaetse

1327 2905 1447 2960 sijn
1475 2897 1707 2949 broeders
1734 2893 1851 2941 soon
1879 2890 1967 2937 die
1995 2888 2169 2935 scheel
2198 2888 2313 2934 half
2342 2889 2458 2934 mal,
2486 2888 2602 2934 oocq
2631 2889 2718 2934 met
2746 2888 2804 2934 s'
2833 2885 3064 2933 Vallende
3093 2880 3297 2930 sieckte

1325 3009 1560 3063 dickmael
1588 3007 1822 3054 bevangen
1851 3006 1910 3052 Is
1939 3004 1968 3050 )
1996 2997 2552 3050 vreedsamichlijcken,
2581 2996 2756 3042 sonder
2785 2996 2844 3041 d'
2872 2994 3048 3040 Minste
3077 2994 3194 3040 drop
3222 2991 3399 3039 bloedt

1341 3128 1399 3176 te
1424 3120 1675 3172 vergieten
1702 3119 1758 3165 te
1785 3117 1924 3164 laten
1951 3114 2256 3162 succederen,
2283 3114 2366 3159 bij
2394 3114 2478 3160 den
2504 3113 2726 3160 Welcquen
2752 3110 2919 3158 d'onse
2947 3110 3113 3155 hebben
3141 3110 3224 3156 soo
3251 3111 3362 3159 veer

1336 3239 1394 3289 te
1420 3236 1586 3283 weeghn
1612 3233 1860 3282 gebraght,
1887 3232 1969 3278 dat
1997 3232 2052 3277 op
2078 3227 2271 3275 belofte
2299 3228 2354 3273 d'
2381 3228 2491 3274 onse
2518 3229 2683 3275 aldaer
2709 3225 2874 3274 souden
2902 3222 3067 3270 blyven
3093 3216 3424 3267 Continueren,

1336 3355 1393 3402 't
1422 3349 1563 3400 Jacht
1589 3344 1760 3394 vanden
1788 3342 1986 3388 gewesen
2013 3340 2212 3387 Vrijman
2239 3337 2466 3385 Nicolaes
2493 3335 2635 3382 Vande
2663 3333 2833 3381 graeff
2860 3332 2975 3379 sal.
2999 3334 3031 3381 r
3056 3328 3171 3376 Item
3199 3328 3256 3373 d'
3283 3325 3407 3374 Vyff

1323 3460 1509 3516 swarten
1535 3457 1640 3504 ende
1666 3453 1876 3501 Weijnich
1901 3450 2190 3498 plunderinge
2216 3450 2505 3498 gelargeert,
2531 3453 2636 3499 ende
2661 3453 2715 3499 d'
2740 3453 2846 3499 onse
2871 3451 2977 3497 doen
3002 3446 3265 3495 Intreseren
3290 3442 3450 3491 heeft,

1332 3576 1413 3629 van
1436 3568 1666 3621 gelijcken
1690 3565 1843 3613 stondt
1867 3563 1919 3609 d'
1944 3563 2045 3609 onse
2071 3563 2349 3611 liberalijck
2374 3564 2450 3610 toe
2476 3563 2552 3609 den
2577 3562 2729 3608 Incoop
2754 3561 2830 3607 van
2855 3558 2983 3606 rijs,
3005 3556 3109 3604 ende
3133 3552 3337 3600 voorders

1337 3689 1418 3736 dat
1442 3682 1603 3733 nodigh
1627 3677 1788 3726 hadden
1814 3675 1973 3722 except
1999 3674 2185 3721 slaven,
2211 3674 2264 3719 en
2290 3673 2555 3719 slavinnen,
2582 3671 2714 3719 synde
2740 3671 2793 3717 d'
2820 3670 2926 3717 onse
2952 3668 3217 3715 dierhalven
3242 3658 3429 3712 bewagen

1331 3797 1597 3857 geworden
1628 3790 1761 3840 noch
1792 3787 1894 3835 een
1925 3788 2057 3834 Iaer
2089 3789 2156 3835 te
2188 3790 2418 3837 blijven
2450 3788 2846 3837 Continueren,
2878 3789 3043 3835 ommee
3075 3786 3339 3834 vruchten

1316 3914 1523 3973 vanden
1554 3905 1794 3957 Nieuwen
1827 3902 2066 3952 Coninck
2099 3901 2167 3947 te
2201 3899 2508 3948 proberen,
2540 3901 2677 3949 ende
2710 3900 2847 3947 sien
2880 3899 2982 3945 wat
3016 3898 3220 3945 faveur

1324 4026 1461 4076 deur
1491 4017 1597 4068 hem
1629 4010 1903 4061 genieten
1934 3999 2142 4055 sullen
