3703 4828
1286 604 1604 657 Comende
1648 613 1785 664 dan
1827 621 1964 669 tot
2008 624 2325 673 verhael
2369 630 2504 678 van
2549 631 2955 679 tweijnige
2999 633 3505 695 voorgevall,

1360 705 1482 754 soo
1522 704 1644 750 ist
1684 704 1846 752 voor
1886 707 2089 754 eerst
2128 709 2412 761 sulcks,
2452 716 2573 763 den
2613 713 3098 764 carnatischen
3139 713 3431 765 maijs=t

2467 752 2682 803 geluchten

1363 798 1637 846 volgens
1675 796 1755 843 d'
1791 794 2419 844 gepreadverteerde
2456 797 2497 843 „
2534 799 2691 845 uijt
2729 798 3004 846 velour,
3041 801 3199 848 naer
3237 803 3513 855 sinsier

1360 895 1832 944 vertrocken,
1875 893 2047 939 ende
2090 892 2176 938 op
2217 889 2391 936 sijn
2432 888 2819 935 aencomste
2862 888 3120 937 aldaer
3162 893 3335 941 door
3377 897 3506 943 den

1378 987 1665 1035 neijck,
1706 986 1870 1033 ende
1911 985 1994 1031 d'
2034 980 2363 1029 gesanten
2402 978 2527 1025 der
2567 974 2896 1022 neijcken
2936 974 3060 1022 van
3101 977 3515 1028 tansjouw=r

1373 1081 1558 1130 ende
1603 1080 1834 1127 madre
1879 1071 2477 1125 verwillecomt,
2522 1070 2707 1116 ende
2752 1067 3028 1115 binnen
3074 1066 3444 1115 sinsier,

1371 1173 1505 1218 met
1550 1170 1819 1218 groote
1858 1163 2221 1214 trinmphe
2265 1152 2669 1207 ingehaelt
2713 1145 3027 1196 sijnde,
3071 1142 3251 1190 ende
3294 1140 3485 1187 naer

1355 1253 1621 1304 eenige
1665 1251 1885 1299 dagen
1928 1247 2411 1296 verblijvens
2454 1240 2894 1291 derwaerts,
2937 1239 3157 1286 ordre
3200 1234 3467 1283 metten

1361 1336 1647 1389 anderen
1687 1336 1768 1383 op
1808 1337 2130 1385 s'rijcxs
2170 1328 2573 1381 vervallen,
2613 1324 2774 1372 ende
2815 1321 3178 1369 d'solaten
3217 1314 3460 1364 staent

1353 1424 1781 1476 beraempt,
1827 1423 1969 1469 ten
2016 1416 2489 1469 principale
2533 1411 2630 1460 en
2676 1404 2866 1454 voor
2912 1403 3196 1449 eerst,
3241 1398 3436 1449 omme

1364 1506 1499 1554 den
1543 1496 2082 1550 visiapourder
2126 1496 2441 1542 volgens
2485 1494 2621 1541 hun
2665 1486 3070 1538 gemaeckte
3114 1483 3487 1532 contract

1351 1587 1845 1649 satisfactie
1889 1587 1979 1633 te
2023 1586 2246 1632 doen,
2286 1586 2468 1633 ende
2512 1582 2734 1630 alsoo
2778 1580 2912 1627 met
2956 1566 3446 1624 vruntschap,

1357 1674 1542 1723 doch
1588 1667 1863 1717 tegens
1909 1665 2047 1712 die
2093 1664 2231 1710 van
2277 1665 2644 1710 golconda
2690 1665 2828 1711 een
2874 1661 3196 1709 formele
3242 1654 3427 1706 ende

1331 1757 1701 1810 bestante
1746 1751 2025 1802 macht,
2069 1749 2255 1796 omme
2301 1748 2394 1794 d'
2438 1745 2670 1792 selve
2716 1744 2855 1791 met
2899 1742 3178 1790 gewelt
3220 1737 3501 1787 vanden

1321 1844 1490 1898 hals
1530 1841 1615 1888 te
1656 1838 1908 1886 weren,
1946 1835 2033 1883 te
2073 1831 2284 1880 velde
2325 1828 2410 1875 te
2451 1827 2745 1873 brengen
2785 1826 2954 1873 door
2996 1822 3498 1871 instantelijc

1347 1927 1696 1982 versoeck
1736 1924 1912 1972 ende
1954 1914 2344 1968 aenhouden
2387 1913 2517 1959 der
2560 1913 2906 1959 neijcken
2949 1911 3209 1958 voorts
3252 1910 3426 1957 naer

1315 2012 1891 2070 Tirapandalom
1938 2004 2322 2056 (wesende
2369 2002 2514 2049 den
2559 2001 3040 2049 middelwegh
3088 2001 3475 2048 tusschen

1330 2103 1682 2159 sinshier
1724 2095 1901 2146 ende
1944 2089 2428 2138 tansjouwer,
2471 2094 2647 2140 omme
2691 2095 2955 2144 aldaer
2999 2097 3482 2145 geconjung=t

1351 2190 1490 2243 met
1534 2185 1851 2235 gemelte
1896 2181 2304 2230 neijcken,
2343 2182 2484 2230 een
2528 2185 2981 2234 solemnelen
3025 2185 3434 2234 rijcxdagh

1340 2277 1691 2333 thouden,
1733 2276 1865 2322 hun
1908 2275 2084 2321 unje
2127 2274 2870 2330 onverbreeckelijcq
2913 2282 3001 2328 t'
3044 2274 3438 2326 vestigen,

1348 2372 1517 2422 ende
1558 2368 1853 2416 verdere
1895 2365 2274 2414 resolutie
2315 2366 2442 2413 tot
2483 2368 2736 2417 redres
2777 2372 2862 2420 en
2904 2375 3114 2421 ruste
3155 2372 3283 2420 van
3323 2369 3451 2417 hun

1332 2454 1540 2506 staet
1581 2453 1664 2499 te
1705 2452 1953 2498 nemen,
1993 2451 2365 2498 verreijst
2406 2453 2530 2502 is,
2570 2458 2736 2506 doch
2777 2461 2942 2508 wert
2983 2463 3107 2511 ons
3148 2465 3231 2511 nu
3271 2463 3479 2511 nader

1326 2536 1841 2591 g'edviseert,
1883 2534 1969 2580 d'
2010 2533 2268 2582 saecke
2310 2537 2439 2584 met
2481 2540 2609 2586 die
2651 2539 2780 2586 van
2823 2541 3208 2592 golconda,
3249 2547 3463 2594 onder

1341 2617 1728 2667 Condietie
1771 2616 1985 2662 aende
2028 2617 2244 2664 selve
2286 2620 2588 2670 300000-
2628 2626 2759 2672 p=s
2801 2622 3448 2671 gecontribueert,

1334 2699 1518 2748 ende
1562 2698 1745 2743 daer
1790 2698 2108 2746 tegens,
2153 2700 2290 2746 hun
2335 2701 2745 2752 veroverde
2789 2703 3153 2753 plaatsen
3198 2701 3382 2748 ende

1323 2783 1745 2836 sterckten
1791 2783 1932 2828 tot
1978 2784 2118 2830 aen
2163 2784 2491 2831 Tariene
2537 2786 2677 2833 den
2724 2781 3285 2833 carnatischen

1292 2878 1601 2937 Maijs:t
1643 2869 2250 2922 gerestitueert,
2293 2868 2467 2915 ende
2510 2869 2986 2917 Ingeruijmt,
3028 2869 3203 2916 mede
3246 2867 3376 2914 Bij

1317 2967 1610 3025 gelecht
1651 2957 1899 3009 sullen
1940 2953 2230 3000 werden,
2271 2953 2395 2999 dat
2436 2953 2602 2999 naer
2643 2954 2809 3003 alle
2849 2958 3472 3009 omstandicheden,

1328 3050 1714 3101 eensdeels
1753 3049 1842 3097 d'
1884 3045 2098 3093 moren
2140 3043 2269 3089 ten
2312 3041 2783 3088 wedersijden
2825 3040 2954 3086 den
2996 3041 3297 3088 anderen

1322 3126 1734 3183 doorgaens
1779 3125 1916 3171 met
1961 3124 2234 3170 raeten
2280 3123 2461 3169 doet
2507 3124 2780 3171 hebben
2825 3113 3417 3170 g'adsisteert,

1325 3211 1449 3258 ten
1490 3204 1779 3255 anderen
1820 3204 1986 3251 tgel
2026 3204 2481 3256 condaetsen.
2522 3212 2729 3259 leger
2769 3214 2976 3260 onder
3016 3199 3348 3257 geseijde

1311 3288 1587 3343 vanden
1632 3288 1768 3335 h=r
1812 3289 1995 3336 mier
2039 3291 2313 3341 sumela
2357 3296 2493 3342 tot
2537 3295 2720 3341 noch
2765 3294 2992 3341 meest
3037 3295 3128 3341 op
3173 3291 3309 3338 een
3354 3287 3446 3335 en

1312 3364 1601 3414 d'selve
1642 3363 1929 3410 plaetse
1969 3365 2134 3413 (als
2173 3369 2338 3418 uEd:
2377 3375 2623 3422 jongst
2663 3368 3154 3421 g'adviseert;
3195 3368 3441 3415 sonder

1318 3444 1599 3491 verder
1646 3445 1975 3492 intocht
2021 3447 2116 3494 te
2153 3449 2395 3498 doen,
2442 3453 2864 3501 wachtende
2909 3454 3287 3502 eenlijck
3331 3459 3426 3505 op

1312 3525 1798 3574 d'resolutie
1842 3526 1931 3571 en
1975 3526 2416 3576 tvoornemen
2460 3531 2725 3577 vanden
2769 3531 3343 3580 visiaxourder,

1309 3608 1763 3662 verbleven,
1801 3608 1987 3656 niet
2031 3607 2258 3654 verre
2302 3610 2527 3657 vande
2571 3610 3022 3657 waerheijt,
3067 3610 3248 3657 maer
3292 3613 3429 3662 wel

1306 3696 1698 3749 apparenst
1741 3696 1872 3742 is,
1913 3691 2088 3741 doch
2131 3690 2218 3736 d'
2261 3687 2781 3734 seeckerheijt
2824 3689 2998 3734 hier
3040 3689 3171 3735 van
3214 3690 3345 3736 sal

1315 3776 1452 3823 den
1496 3774 1952 3820 allerenden
1997 3774 2180 3820 tijt
2224 3775 2315 3820 in
2361 3775 2634 3820 corten
2679 3775 3134 3825 openbaren,
3179 3776 3453 3824 intrim

1307 3855 1670 3909 staende
1721 3853 1928 3900 dees
1977 3855 2341 3907 troblen
2391 3859 2599 3908 ende
2649 3858 3064 3907 oorlogen
3115 3857 3329 3906 noch

1292 3939 2002 3994 ongeredresseert,
2046 3939 2312 3987 blijft
2357 3941 2489 3987 den
2532 3942 2799 3990 handel
2843 3944 2976 3990 aen
3020 3942 3153 3989 der
3197 3937 3420 3987 scant

1279 4023 1578 4080 Buijten
1620 4018 1962 4067 posture,
2003 4021 2088 4069 en
2131 4023 2259 4069 wij
2300 4021 2811 4070 onvermogend,
2853 4025 2938 4073 d'
2981 4023 3450 4075 vereijschte

1301 4109 2054 4160 nootwendicheden,
2099 4117 2381 4167 Immers
2427 4121 2616 4167 niet
2662 4121 2804 4167 van
2850 4112 3416 4168 geschilderde

1298 4202 1639 4256 doecken
1685 4202 1784 4250 te
1832 4205 2317 4253 versorgen,
2366 4208 2511 4253 wat
2560 4208 2706 4254 ons
2754 4210 3142 4256 gemelten
3186 4210 3336 4259 h=r

1308 4291 1769 4354 miersumela
1814 4292 2226 4340 aengaende
2272 4292 2365 4338 't
2408 4296 2775 4344 gouverno
2820 4297 2958 4344 der
3001 4295 3189 4342 stat
