3560 4958
1572 1165 1715 1211 ende
1747 1165 1997 1213 duillij
2030 1166 2068 1213 5
2101 1165 2138 1214 â
2173 1168 2246 1215 5¼
2279 1170 2385 1217 p:s
2420 1168 2632 1215 eijnde
2667 1165 2809 1213 noch
2844 1164 2985 1210 heel
3019 1159 3269 1207 schaers

1571 1293 1653 1340 te
1690 1295 2013 1342 becomen)
2051 1297 2373 1343 vercoft,
2413 1296 2574 1343 door
2613 1295 2814 1344 welcq
2854 1296 3256 1346 Impediment

1560 1418 1725 1468 veel
1763 1425 2088 1478 slechte,
2128 1433 2290 1479 ende
2331 1434 2493 1480 arme
2533 1430 2858 1481 luijden,
2897 1430 3019 1477 dit
3060 1426 3305 1477 Gewest

1557 1569 1895 1620 verlaten,
1932 1574 2083 1621 ende
2119 1577 2270 1625 naer
2306 1581 2382 1626 de
2417 1579 2606 1627 Custe
2641 1578 2756 1624 van
2793 1574 3055 1623 orixia,
3092 1566 3395 1618 (werwaer

1550 1698 1704 1749 (soo
1741 1704 2010 1751 Gelecht
2047 1707 2238 1760 wort)
2276 1715 2354 1761 't
2390 1717 2582 1765 Gewas
2617 1717 2772 1765 noch
2810 1714 3156 1762 Redelijcq
3191 1720 3384 1769 staet

1540 1839 1930 1896 vluchten

1387 2027 1493 2074 De
1545 2029 1912 2077 redenen
1963 2031 2279 2080 waerom
2329 2036 2435 2083 d'
2478 2038 2696 2086 1687
2748 2034 2853 2084 pr
2903 2031 3375 2093 Chialouw.

1527 2172 1803 2226 gingams,
1837 2172 2076 2222 meerder
2108 2177 2211 2223 als
2244 2176 2347 2222 den
2381 2175 2755 2225 patriaschen
2788 2181 2993 2228 Eujsch
3026 2184 3230 2231 hebben

1534 2294 1909 2349 ontfangen,
1946 2302 2134 2348 sijn,
2170 2302 2434 2349 vermits
2471 2304 2734 2352 Gemelte
2770 2306 3034 2355 Gingams
3071 2302 3262 2350 reede

1543 2409 1701 2458 ruijm
1731 2414 1826 2461 een
1856 2416 1982 2465 Jaer
2012 2420 2419 2473 d'pachuijsen,
2450 2428 2513 2475 in
2543 2429 2888 2477 petapoulij,
2919 2427 3107 2475 hadden
3137 2424 3358 2473 bewaert

1544 2525 1673 2574 ende
1704 2528 1959 2576 d'wevers
1989 2532 2086 2581 ons
2117 2537 2467 2595 dagelijcqse
2498 2551 2849 2603 aensochten,
2878 2560 3101 2607 deselve
3133 2562 3262 2609 haer

1511 2664 1659 2712 doch
1693 2665 1913 2719 mochte
1947 2675 2311 2724 affgenomen
2346 2679 2602 2734 werden,
2637 2689 2747 2736 dat
2782 2690 2928 2736 naer
2964 2692 3073 2737 ons
3109 2692 3329 2742 Gering

1537 2792 1755 2844 ordeel
1789 2800 2221 2858 tomdeluijden
2256 2813 2330 2862 in
2364 2818 2474 2865 hun
2508 2822 2688 2870 ander
2724 2825 2904 2871 wercq
2940 2827 3084 2875 niet
3119 2831 3191 2878 te
3227 2827 3265 2878 —

1532 2933 2056 2985 discouragieren)
2089 2941 2230 2989 oocq
2262 2945 2403 2998 niet
2436 2954 2682 3008 buijten
2715 2961 2889 3009 reden
2924 2960 3064 3007 was,
3097 2961 3168 3007 te
3202 2961 3343 3011 meer

1492 3065 1644 3117 haer
1676 3069 2043 3127 aenbesteet
2077 3084 2297 3140 waren,
2329 3096 2550 3147 willen
2586 3103 2913 3153 verhoopen
2949 3107 3095 3154 uEd:
3127 3105 3240 3155 dit

1529 3195 1642 3242 ons
1675 3200 1823 3251 doen
1858 3207 2005 3255 niet
2041 3209 2334 3262 qualijcq
2370 3218 2627 3277 duijden
2662 3233 2809 3284 sult

1439 3394 1536 3442 De
1581 3392 2297 3458 Coopmanschappen
2343 3414 2487 3461 met
2534 3417 2632 3467 d'
2674 3425 3011 3485 Jachten
3055 3442 3309 3503 Lillo

1521 3547 1664 3596 ende
1697 3552 1910 3600 lisch,
1943 3550 2015 3596 op
2049 3550 2227 3607 27=en
2261 3561 2404 3610 Jar,
2438 3565 2581 3613 ende
2615 3570 2793 3623 28=en
2827 3579 3076 3633 augusto
3109 3590 3357 3640 passato

1531 3686 1649 3734 van
1687 3690 2077 3745 paliacatta
2115 3701 2546 3758 aengelangt,
2583 3714 2817 3764 hebben
2856 3719 3012 3766 hier
3051 3720 3170 3769 int

3212 3714 3228 3759 -

1510 3818 1651 3868 naer
1684 3817 1858 3864 wegen
1892 3818 1962 3865 op
1996 3821 2066 3869 d'
2099 3825 2307 3872 schale
2341 3826 2757 3876 uijtgebracht
2790 3831 2894 3877 als
2928 3832 2963 3877 u
2997 3832 3032 3877 d
3066 3830 3208 3880 uijt

1513 3936 1747 3989 nevens
1785 3944 2021 3993 gaende
2058 3950 2331 4001 memorie
2369 3957 2527 4004 sult
2564 3961 2876 4010 Gelieven
2913 3962 2993 4009 te
3030 3952 3384 4007 remarcque

1503 4079 1679 4126 „ren,
1713 4078 1784 4124 d'
1819 4077 1959 4124 note
1994 4077 2309 4123 muschaten
2343 4079 2449 4125 als
2483 4080 2623 4126 mede
2657 4079 2974 4127 d'rompen,
3008 4083 3150 4134 sijn

1510 4210 2073 4258 Extraordinarij
2113 4208 2234 4256 met
2273 4206 2475 4253 Calcq
2515 4207 2836 4255 vermengt
2876 4202 3199 4253 Geweest,

2949 4397 3321 4452 weshalven

589 282 811 350 Julio
851 274 986 323 ao.
1025 273 1205 321 1696

1384 795 1557 843 Dagh
1598 798 1942 847 Register
1985 798 2243 849 wegens
2286 803 2374 852 't
2413 807 2890 856 gepasseerde

1962 578 2183 627 pie

1908 455 2347 509 Tonckin

2888 460 3134 512 164
