3560 4958
1074 1003 1233 1055 :t

1422 789 1593 837 Dagh
1633 784 1972 838 Register
2010 785 2266 838 wegens
2307 794 2394 842 't
2434 798 2901 851 gepasseerde

1550 1184 1817 1234 buijten
1855 1188 1931 1234 't
1968 1188 2199 1238 Eenige
2236 1194 2313 1242 nu
2350 1198 2466 1247 p:r
2503 1203 2731 1249 tluijt
2769 1204 2960 1254 schip
2998 1208 3342 1260 overschie

1544 1327 1617 1377 de
1648 1319 1859 1370 waerde
1892 1320 1963 1365 ƒe
1996 1321 2205 1372 17836:
2238 1328 2343 1375 15:
2376 1331 2447 1378 1.
2479 1333 2689 1379 alhier
2723 1332 2827 1379 was
2860 1329 3287 1390 aengebracht,

1572 1431 1650 1478 en
1684 1436 1795 1484 God
1832 1438 2056 1485 betert
2092 1439 2204 1486 tot
2240 1440 2612 1492 Leetwesen,
2647 1443 2761 1490 met
2797 1436 3095 1488 weijnich
3131 1433 3243 1480 off

1595 1462 1617 1508 4

1543 1554 1713 1604 geen
1754 1547 2137 1598 proffijt.
2175 1552 2387 1610 soode
2429 1563 2682 1610 nevens
2723 1556 2978 1608 gaende
3020 1548 3315 1599 memorie

1507 1685 1630 1732 wel
1670 1685 2041 1731 uijtwijst
2078 1682 2285 1733 aende
2324 1680 2449 1727 man
2486 1671 2817 1725 Geholpen
2857 1666 3022 1715 sij,
3062 1663 3145 1710 in
3185 1655 3333 1706 wat

1548 1804 2033 1858 gelegentheijt
2069 1804 2145 1850 en
2179 1802 2293 1848 met
2329 1799 2442 1847 wat
2479 1792 2777 1843 molestie
2812 1784 2963 1837 sich
2999 1780 3075 1828 de
3108 1766 3373 1823 negotie

1558 1927 1632 1977 te
1666 1922 1846 1971 deser
1881 1920 2273 1968 quartieren,
2308 1913 2700 1968 toedraecht,
2733 1902 3056 1957 vertrouwe
3086 1898 3127 1947 u
3162 1894 3271 1942 Ed:

1542 2061 1679 2108 niet
1712 2059 1815 2106 wel
1848 2057 1917 2103 te
1951 2053 2122 2102 recht
2156 2051 2361 2098 sulcie
2394 2043 2703 2095 inderdaet
2734 2037 2873 2086 sij,
2904 2030 3043 2082 oijt
3077 2026 3146 2074 te
3178 2018 3317 2069 voor

1554 2171 1827 2219 gecomen
1865 2168 1982 2215 is,
2020 2164 2176 2213 noch
2214 2160 2331 2207 wel
2369 2157 2486 2205 van
2524 2152 2796 2202 ijemand
2835 2149 2952 2197 soo
2990 2144 3224 2194 cunnen

1542 2281 1655 2338 off
1691 2279 1871 2326 mogen
1906 2276 2050 2323 naer
2084 2271 2445 2319 waerheijt,
2477 2266 2804 2318 begreepen
2840 2259 3091 2311 worden,
3124 2254 3379 2303 niette„

1513 2398 1554 2444 t
1591 2395 1714 2442 min
1753 2394 1834 2442 de
1872 2389 2152 2438 voorige
2191 2387 2471 2434 vrunden
2511 2384 2951 2434 Genouchsaem
2990 2380 3110 2428 wel
3149 2373 3392 2424 bekent

1519 2514 1826 2564 geweest,
1862 2512 2091 2561 echter
2126 2507 2356 2558 willen
2393 2501 2811 2552 vertrouwen,
2848 2504 2962 2551 God
2998 2504 3076 2551 de
3112 2496 3379 2546 voorste

1528 2652 1712 2701 alles
1746 2646 1931 2695 sulcx
1965 2642 2040 2689 te
2076 2641 2441 2688 dirrigeren
2477 2641 2587 2687 dat
2623 2639 2697 2686 al
2733 2635 2879 2683 mede
2911 2629 3061 2678 voor
3097 2627 3280 2674 naer„

1528 2771 1821 2828 „volgers
1857 2770 2040 2816 onser
2076 2770 2332 2817 voorsat
2368 2772 2441 2817 en
2478 2764 2770 2817 Gehouden
2806 2763 2953 2809 ende
2988 2760 3396 2809 Gereputeert

2664 2822 2693 2869 „
2717 2824 2925 2870 sodanich

1537 2907 1777 2955 sullen
1815 2901 2016 2951 mogen
2055 2899 2334 2946 werden,
2374 2901 2455 2947 de
2493 2903 2733 2953 Comp:e
2773 2903 2932 2953 ende
2972 2902 3132 2948 niet
3171 2902 3291 2952 min

1555 3045 1947 3093 proffuten,
1985 3043 2104 3089 als
2142 3039 2417 3088 vooren,
2454 3036 2534 3084 de
2572 3033 2769 3081 waren
2808 3030 2965 3078 maer
3004 3028 3167 3074 naer

1550 3176 2070 3224 verschijnende
2110 3176 2471 3222 beneffens
2509 3175 2590 3222 de
2629 3170 2870 3219 Gunste
2909 3162 3070 3214 ende
3108 3155 3390 3207 staveur

1537 3309 1657 3356 der
1696 3305 1817 3351 wel
1856 3295 2416 3350 vereijsschende
2455 3293 2576 3340 sal
2614 3292 2696 3338 te
2736 3287 3135 3337 verwachten
3174 3288 3378 3339 staen

1539 3431 1697 3480 omme
1735 3423 1971 3475 welcxs
2010 3423 2088 3469 't
2128 3422 2402 3469 Erlange
2441 3423 2598 3469 alle
2636 3415 3107 3468 menschelijck
3145 3413 3342 3460 vlijt

1535 3550 1651 3597 dan
1688 3552 2033 3598 aenwenden
2071 3550 2377 3597 Crachten
2416 3550 2799 3596 Inspannen,
2836 3547 2990 3595 ende
3028 3545 3144 3592 den
3181 3545 3374 3592 segen

1393 3672 1602 3725 boven
1642 3677 1894 3726 vanden
1934 3679 2394 3729 miltruchten
2433 3684 2644 3731 Gever
2684 3681 2852 3729 seer
2893 3674 3144 3726 Geerne
3184 3667 3316 3717 met

1545 3815 1909 3864 verlangh
1953 3813 2045 3860 te
2081 3812 2360 3861 Gemoet
2405 3811 2587 3858 sien
2629 3808 2952 3862 willen.

1442 4019 1572 4066 hoe
1614 4018 1785 4065 sich
1828 4019 1914 4064 de
1955 4014 2256 4065 saecken
2299 4015 2385 4060 te
2427 4015 2685 4065 vooren
2726 4014 2813 4062 en
2854 4006 2984 4055 tot
3026 3993 3370 4051 susverde

1525 4151 1640 4201 int
1676 4144 1976 4194 vervolch
2014 4144 2126 4190 van
2159 4142 2425 4191 weinige
2461 4142 2687 4190 dagen,
2723 4145 2985 4192 omtrent
3022 4146 3097 4191 de
3135 4144 3359 4192 Gouv=r

1507 4273 1628 4325 den
1666 4267 1903 4317 regent
1937 4261 2375 4311 Phesodonne,
2413 4261 2965 4309 burgermeester,
3002 4256 3320 4304 tolcken,

2980 4435 3251 4483 Cooper

776 265 882 320 lio
915 262 1017 309 ao.
1049 260 1184 307 1696

1996 568 2187 616 pue

1913 443 2366 498 Jonckem

2934 453 3194 503 1646
