3239 4842
2766 274 2969 332 1086

714 552 919 608 vande
958 551 1040 598 H.
1078 553 1120 599 r
1157 550 1320 597 Caan
1360 552 1481 598 ons
1521 552 2125 602 Commandeurschap
2164 558 2245 604 te
2284 558 2609 610 cederen,
2646 568 2767 616 dat
2806 572 2928 620 dan
2967 576 3088 623 soo

717 646 861 699 niet
892 639 1106 690 sijnde
1140 638 1317 686 heeft
1351 637 1457 683 ons
1492 637 1632 682 over
1667 637 1808 683 dese
1842 637 2264 687 impertinente
2298 643 2614 692 bejeginge
2649 648 3044 699 vrijmoedich

736 728 1027 777 gemaeckt
1063 727 1136 773 op
1170 726 1536 773 soodanigen
1571 725 1827 772 maniere
1861 726 2009 773 hier
2044 728 2154 775 van
2190 730 2263 776 te
2298 731 2663 782 schrijven,
2699 729 2917 781 siende
2951 725 3028 772 de

744 816 1240 877 cleijnachtinge
1274 813 1346 860 in
1379 809 1558 857 desen
1591 806 1734 852 daer
1767 806 1876 853 wij
1910 808 2016 854 soo
2052 809 2158 854 wel
2193 809 2300 856 als
2334 813 2440 858 hij
2476 813 2546 858 de
2582 807 2935 858 qualiteijt
2969 807 3077 854 van

728 920 924 975 raedt
962 904 1309 962 ordinaris
1347 901 1540 949 hebbe
1577 896 1848 944 gehadt,
1887 896 2003 942 dat
2041 896 2196 943 oijt
2234 892 2582 940 gedachten
2614 891 2735 939 bij
2773 888 2889 935 ons
2927 885 3126 940 soude

722 1000 988 1053 geweest
1025 993 1177 1044 sijn
1213 989 1290 1036 om
1327 987 1403 1033 de
1439 982 1744 1032 genoemde
1781 980 1970 1026 acten
2005 978 2159 1025 voor
2195 973 2424 1023 wisjes
2461 971 2688 1017 wasjes
2724 969 2802 1017 te
2839 968 3067 1015 houden

726 1085 1025 1141 gelijck
1066 1079 1152 1128 de
1193 1068 1788 1122 Gecommitteerde
1828 1065 2085 1112 hebben
2126 1062 2678 1115 gerapporteert
2714 1056 2932 1105 sulcx
2974 1054 3061 1101 is

739 1165 1247 1228 onwarachtich,
1284 1162 1441 1208 maer
1479 1160 1636 1206 alle
1675 1159 1753 1205 t'
1791 1157 1987 1203 ander
2021 1157 2103 1204 en
2141 1157 2454 1203 ontkenne
2491 1156 2687 1203 niet,
2725 1155 2881 1201 want
2917 1152 3001 1201 de

720 1265 1020 1319 genoemde
1057 1260 1244 1309 acten
1278 1255 1355 1304 op
1392 1251 1505 1300 die
1541 1247 1803 1296 maniere
1840 1244 2027 1292 hebbe
2064 1243 2178 1289 mij
2213 1244 2624 1292 geabuseert,
2662 1243 2774 1289 dit
2810 1240 2961 1287 sijn
2995 1240 3075 1291 in

736 1353 1077 1411 waerheijt
1114 1350 1229 1397 ons
1264 1345 1494 1394 eijgen
1531 1339 1796 1389 woorden
1832 1333 1948 1382 bij
1984 1332 2212 1378 aldien
2250 1332 2364 1378 ick
2401 1331 2515 1378 van
2553 1331 2705 1377 twee
2742 1333 2933 1381 acten

2409 1426 2550 1474 ofte
2584 1423 2723 1470 haer
2758 1423 2828 1468 en
2862 1422 3142 1469 advocaet

728 1453 958 1519 versien
990 1444 1184 1496 waren,
1214 1439 1313 1488 die
1343 1434 1442 1484 bij
1472 1429 1539 1477 de
1567 1421 1700 1470 Hen.
1730 1415 1798 1465 17

735 1542 1023 1599 gelijck
1060 1522 1596 1585 bovengeseijt,
1636 1516 1882 1565 alwaer
1923 1513 2087 1560 meer
2127 1512 2456 1559 genoemde
2497 1509 2743 1557 heeren
2783 1502 2947 1553 hare

2958 1501 2995 1547 -

736 1622 1209 1688 vergaderinge
1247 1611 1484 1666 hadden
1521 1602 1837 1653 gehouden
1875 1596 2033 1646 niet
2071 1592 2464 1640 geteeckent
2503 1592 2740 1637 waren,
2777 1586 3016 1635 souden

720 1722 942 1780 vresen
976 1708 1234 1765 iemandt
1269 1701 1380 1751 die
1416 1695 1636 1745 siende
1669 1690 1745 1737 de
1781 1687 1964 1734 selve
1999 1681 2147 1732 voor
2182 1678 2585 1725 Cartebellen
2620 1672 2804 1721 soude
2839 1665 3098 1715 taxeren

728 1824 808 1873 de
844 1809 1044 1867 wijle
1082 1800 1281 1852 noijt
1317 1792 1556 1843 anders
1595 1787 1793 1837 hebbe
1831 1782 2108 1832 gewesen
2146 1774 2305 1827 ofte
2344 1774 2423 1820 t'
2463 1764 2976 1820 bovenstaende

732 1905 911 1955 moste
944 1893 1126 1948 alles
1160 1889 1233 1937 in
1266 1880 1483 1932 debita
1518 1877 1698 1924 forma
1733 1872 1912 1921 sijn,
1947 1870 2056 1917 dat
2090 1867 2234 1914 inde
2270 1863 2700 1913 vergaderinge
2734 1863 2843 1909 der
2878 1863 2986 1908 17.
3021 1862 3063 1911 e

730 1992 879 2041 alle
915 1974 1288 2036 gewichtige
1324 1969 1586 2018 saecken
1622 1959 1996 2013 verhandelt
2031 1958 2293 2005 worden,
2329 1958 2404 2004 en
2441 1957 2553 2003 wal
2590 1957 2740 2003 daer
2777 1953 3047 2003 buijten

731 2086 988 2140 gedaen,
1023 2067 1388 2129 verhandelt
1424 2062 1570 2111 ofte
1603 2056 1898 2107 besloten
1934 2052 2080 2100 wort
2116 2048 2262 2096 niet
2298 2047 2517 2093 anders
2553 2045 2663 2092 als
2699 2045 2845 2091 voor
2881 2041 3004 2089 een

744 2165 1170 2242 particuliere
1203 2156 1381 2208 Camer
1415 2147 1732 2199 gehouden,
1767 2145 1838 2192 t'
1871 2141 2048 2189 soude
2083 2139 2189 2186 aen
2224 2136 2365 2183 onse
2400 2135 2576 2181 goede
2611 2136 2857 2182 meninge
2891 2134 3069 2181 noijt

739 2262 1185 2328 gemancqueert
1220 2252 1481 2306 hebben,
1517 2248 1629 2296 bij
1665 2244 1888 2292 aldien
1925 2243 2111 2289 enige
2147 2242 2333 2289 ordre
2369 2240 2482 2286 van
2514 2239 2666 2286 UEd:
2703 2239 3116 2290 dienaengaen

746 2365 1020 2420 becomen
1057 2354 1292 2407 hadde,
1329 2348 1525 2398 verre
1562 2343 1680 2391 van
1718 2340 1875 2388 ons,
1913 2339 2030 2385 dat
2069 2338 2224 2384 UEd:
2263 2337 2418 2383 last
2457 2338 2535 2384 en
2573 2336 2846 2382 gegeven
2885 2336 3079 2382 ordre

744 2449 886 2497 niet
919 2441 1309 2493 promptelijk
1344 2439 1556 2486 souden
1591 2439 1803 2485 hebben
1837 2434 2297 2483 achtervolcht,
2332 2434 2403 2480 t'
2438 2434 2544 2480 sal
2579 2434 2720 2480 mijn
2755 2434 2861 2480 Ed.
2895 2428 3074 2480 heren

740 2541 1057 2607 Hendrick
1094 2533 1290 2584 Voet,
1329 2526 1523 2577 Jacob
1562 2526 1757 2571 Roch,
1795 2525 1874 2573 en
1912 2528 2068 2576 Joan
2106 2529 2418 2577 Legousij
2457 2528 2613 2578 noch
2651 2533 2730 2579 in
2768 2534 3041 2583 versche

743 2635 1024 2697 memorie
1062 2624 1302 2678 wesen,
1340 2620 1619 2668 wanneer
1658 2619 1780 2665 des
1818 2622 2215 2671 saterdachs
2254 2621 2455 2670 onsen
2493 2625 2652 2671 Eedt
2691 2624 2811 2670 aen
2850 2625 2930 2671 U.
2969 2625 3090 2672 Ed:

738 2741 957 2800 hebben
989 2727 1244 2784 gedaen,
1279 2724 1352 2771 en
1386 2719 1496 2767 een
1530 2710 1856 2762 geruijmen
1891 2709 2036 2755 tijt
2071 2708 2215 2756 naer
2251 2711 2359 2757 den
2395 2711 2683 2757 officier
2719 2712 2865 2759 mijn
2899 2714 3043 2761 heer

758 2833 834 2886 de
867 2819 1122 2875 schoudt
1157 2813 1374 2863 mosten
1409 2805 1698 2857 wachten,
1733 2799 2058 2850 doenmaels
2090 2797 2275 2844 aende
2310 2798 2600 2846 genoemde
2634 2800 2815 2846 Heren
2850 2795 3141 2846 vraechde

756 2914 868 2964 bij
902 2903 1237 2956 rescontre
1273 2901 1495 2948 vanden
1531 2901 1607 2950 H.
1633 2901 1679 2952 r
1712 2890 1974 2942 Antonij
2010 2888 2195 2934 Caan,
2229 2887 2343 2934 hoe
2378 2887 2490 2933 ons
2525 2884 2748 2932 alsdan
2785 2881 3006 2929 souden

752 2989 980 3041 hebben
1016 2985 1093 3032 te
1128 2978 1433 3029 gedragen
1471 2977 1622 3024 daer
1660 2976 1736 3022 d'
1773 2974 1849 3020 E:
1886 2975 2076 3021 heren
2114 2976 2190 3022 op
2226 2973 2454 3022 diende
2492 2971 2606 3018 dat
2644 2956 2984 3016 genoemde

755 3088 833 3140 H.
862 3077 907 3129 r
939 3069 1089 3117 (aan
1125 3066 1237 3113 hem
1273 3063 1384 3111 wel
1421 3062 1606 3108 soude
1643 3061 1902 3108 wachten
1937 3060 2013 3106 om
2049 3059 2161 3105 bij
2198 3059 2308 3105 ons
2345 3060 2419 3106 te
2456 3059 2641 3106 comen
2678 3057 2753 3105 de
2786 3050 2974 3099 wijle
3009 3044 3121 3095 den

756 3154 1124 3218 Oliphandt
1163 3153 1246 3198 de
1286 3148 1490 3198 vlagh
1530 3147 1775 3194 voerde
1815 3147 1897 3193 en
1937 3145 2060 3192 die
2100 3144 2263 3190 oock
2303 3143 2507 3190 soude
2548 3140 2873 3190 behouden
2913 3139 3037 3185 ten

753 3249 1085 3307 respecte
1123 3239 1335 3293 vande
1374 3234 1583 3282 Camer
1624 3232 1999 3280 amsterdam
2040 3231 2207 3277 ware
2247 3229 2373 3275 ons
2413 3227 2789 3274 doenmaels
2829 3227 3084 3277 belast

758 3342 869 3394 dat
903 3339 977 3385 in
1012 3330 1267 3382 sulcken
1300 3320 1556 3372 gevalle
1590 3321 1701 3367 ons
1734 3320 1917 3368 schip
1953 3318 2170 3366 mosten
2207 3317 2279 3363 ab
2315 3316 2677 3363 andonneren
2712 3316 2785 3362 en
2822 3312 2931 3361 aen

754 3424 1236 3488 meergenoemde
1273 3421 1357 3469 H.
1396 3421 1437 3466 r
1471 3410 1636 3466 Caan
1677 3410 1837 3456 over
1877 3409 2118 3457 geven,
2158 3412 2399 3461 souden
2439 3412 2560 3458 ons
2599 3410 3041 3459 volvaerdich

766 3525 1007 3577 hebben
1045 3516 1327 3570 geloont
1365 3508 1647 3559 niemant
1686 3505 1806 3552 can
1846 3504 2246 3552 geoordeelt
2286 3507 2526 3554 worden
2566 3508 2806 3553 tegens
2845 3507 3093 3557 Heeren

745 3623 1094 3685 placcaten
1128 3605 1517 3667 gepexceert
1553 3602 1632 3649 te
1668 3599 1940 3647 hebben,
1976 3598 2093 3646 soo
2130 3596 2323 3643 lange
2361 3598 2438 3643 de
2477 3598 2669 3643 selve
2707 3598 2861 3649 niet

747 3714 1178 3774 geaffigeert
1215 3711 1295 3757 en
1327 3701 1764 3756 aengeslagen
1802 3701 1998 3748 sijn,
2037 3695 2350 3746 hiermede
2387 3691 2506 3738 soo
2545 3688 2741 3736 lange
2778 3690 2858 3738 d'
2896 3689 2975 3739 Hr

748 3830 868 3884 van
906 3814 1262 3874 amsterdam
1300 3809 1420 3857 ons
1458 3805 1617 3853 geen
1655 3796 1972 3849 speciale
2010 3792 2169 3840 last
2207 3788 2287 3836 en
2324 3781 2524 3832 ordre
2562 3764 3075 3824 dienaengaende

766 3921 1022 3977 hebben
1061 3911 1405 3962 gegeven,
1446 3900 1830 3955 vertrouwe
1872 3898 1958 3945 t'
1995 3891 2171 3942 wijs
2213 3883 2512 3935 oordeel
2554 3879 2682 3927 van
2724 3874 2810 3923 U:
2851 3867 2981 3918 Ed:

782 4017 1093 4075 sodanich
1130 4013 1247 4061 dat
1283 4007 1402 4057 ons
1438 4000 1672 4051 sullen
1709 3990 2096 4043 beschermen
2133 3986 2212 4034 en
2249 3973 2644 4031 protegeren

764 4142 1270 4212 Versoeckende
1311 4140 1437 4186 dan
1479 4140 1522 4185 U
1562 4135 1690 4183 Ed:
1731 4134 1816 4180 en
1858 4130 2152 4179 d'Heren
2192 4124 2320 4173 van
2360 4114 2656 4167 Zelandt
2698 4113 2824 4162 soo
2866 4117 3038 4164 daer

785 4238 969 4293 offd'
1004 4230 1224 4283 elders
1259 4225 1477 4275 anders
1512 4222 1587 4270 in
1622 4214 1986 4266 gepexceert
2020 4213 2240 4261 hebbe,
2276 4213 2349 4259 t'
2384 4207 2566 4257 selve
2602 4206 2712 4252 ons
2746 4198 3004 4251 gelieve

764 4315 1201 4379 pardonneren,
1237 4314 1310 4360 de
1346 4309 1529 4358 wijle
1563 4304 1747 4353 alles
1783 4300 2001 4347 sonder
2036 4296 2293 4345 malitie
2328 4295 2474 4341 maer
2510 4293 2584 4339 om
2618 4289 2729 4337 ons
2762 4273 2984 4334 eijgen

785 4413 861 4460 te
896 4397 1313 4457 maintineren
1350 4390 1652 4440 geschiet
1688 4386 1803 4434 is,
1841 4383 2256 4430 wantluijden
2293 4381 2407 4427 van
2444 4372 2596 4425 veel
2630 4361 2822 4414 gerin

17 881 184 927 enige

0 1123 28 1170 en

93 1123 206 1173 dat

39 1464 199 1512 wint

111 1549 202 1596 twee

8 1629 208 1675 Campen
