3703 4828
1248 577 1411 626 Juny
1449 571 1625 623 1646

1481 720 1704 769 geworden
1729 723 1895 772 synde,
1921 728 2059 774 hadde
2086 729 2416 782 onmegelijcke
2442 738 2690 788 oorsaecke
2716 744 2937 797 omtrendt
2963 753 3019 800 40
3045 757 3074 803 C
3099 757 3265 804 Monnen
3292 759 3515 811 Versamen

1475 824 1573 871 ende
1596 823 1671 869 van
1695 822 1914 868 gelijcken
1938 822 2134 869 omtrendt
2157 825 2376 875 'troijael
2401 829 2523 876 Comen
2546 831 2742 882 legeren,
2765 838 2815 884 d'
2838 839 3010 887 Mags.:t
3033 842 3204 891 Hiervan
3228 846 3325 891 Cund
3350 846 3504 899 tschap

1475 917 1701 973 Crijgende
1725 917 1850 963 heeft
1874 916 1999 962 haere
2024 917 2323 971 Ambassadeurs
2347 927 2447 974 doen
2471 930 2646 978 hoepen,
2670 934 2771 982 ende
2792 936 2893 983 door
2918 936 2994 981 hem
3018 937 3118 984 doen
3142 939 3445 999 verschijnen,
3463 957 3491 1004 —

1466 1021 1674 1071 seggende
1697 1019 1776 1065 hij
1801 1019 1879 1065 met
1904 1021 2032 1067 groot
2058 1022 2238 1069 Verlies
2263 1025 2366 1072 ende
2391 1027 2545 1075 moeyte
2571 1030 2648 1077 tot
2673 1032 2777 1078 daer
2801 1034 2880 1080 Was
2904 1036 3109 1083 gecomen,
3134 1035 3238 1082 omme
3263 1035 3289 1080 —

1464 1119 1674 1173 middelen
1699 1119 1777 1165 tot
1802 1117 2086 1164 resistentie
2112 1117 2266 1162 vanden
2291 1117 2498 1164 vijaniet
2523 1119 2576 1165 te
2601 1121 2910 1174 verschatfen,
2936 1129 2988 1174 op
3013 1130 3091 1176 dat
3116 1132 3348 1181 Carnatica
3374 1133 3480 1181 niet

1485 1213 1693 1262 verlohen
1718 1214 1847 1261 ginge
1873 1216 2106 1262 derhalven
2131 1218 2209 1263 was
2235 1218 2261 1263 t
2286 1219 2339 1264 nu
2364 1219 2467 1265 geen
2493 1219 2596 1264 tijt
2622 1219 2701 1267 ome
2725 1223 2803 1269 van
2828 1223 3138 1272 herstellinge
3164 1227 3242 1272 van
3267 1228 3345 1275 een

1471 1313 1530 1362 te
1555 1307 1780 1356 twisten,
1807 1307 1919 1354 ende
1946 1307 2086 1353 alsoo
2113 1307 2197 1352 den
2224 1307 2531 1357 Ambassadeur
2558 1313 2641 1359 van
2669 1314 2808 1361 maere
2836 1316 3086 1364 antwoorde
3114 1319 3225 1364 niet
3253 1317 3421 1364 anders

1464 1404 1516 1449 en
1540 1398 1696 1448 soghte
1720 1395 1799 1443 als
1824 1395 1876 1441 't
1901 1395 2005 1441 gene
2030 1395 2134 1442 (hen
2159 1398 2237 1443 van
2262 1399 2340 1446 oud
2364 1402 2417 1448 te
2442 1404 2648 1453 toequam,
2673 1408 2854 1455 'twelcq
2879 1410 2957 1457 hem
2982 1412 3085 1458 voor
3110 1412 3291 1458 eenigen
3317 1412 3437 1460 tijt

1456 1501 1545 1550 bij
1573 1494 2013 1544 rounaderweraije
2042 1494 2160 1539 door
2188 1494 2277 1540 een
2305 1495 2598 1547 houwelijck
2627 1502 2715 1551 met
2744 1507 3037 1555 Tanhjouwer
3065 1509 3154 1556 was
3182 1512 3389 1562 Benomen
3416 1519 3477 1565 —,

1468 1592 1526 1637 en
1555 1590 1845 1639 Tanthouwer
1874 1590 1991 1636 voor
2020 1591 2107 1637 hem
2136 1592 2514 1645 geprefereert,
2542 1600 2630 1647 soo
2658 1603 2891 1653 beloofde
2919 1606 2949 1652 8
2977 1606 3123 1655 mags.
3152 1610 3327 1659 daerin
3355 1609 3414 1660 te

1452 1691 1683 1738 versien,
1711 1689 1884 1735 gelyck
1913 1689 1999 1735 sin
2028 1690 2259 1738 gesanten
2286 1694 2373 1742 ten
2401 1698 2517 1746 dien
2545 1702 2689 1749 sijne
2718 1704 2804 1749 aen
2833 1704 3292 1758 Panegouwersondt,
3321 1713 3415 1765 die

1450 1805 1591 1854 Echter
1611 1801 1707 1850 niet
1730 1799 1777 1845 en
1799 1797 1917 1844 wilde
1939 1793 2196 1841 desisteren,
2219 1793 2313 1840 daer
2336 1796 2383 1842 d'
2405 1797 2569 1845 mags:ts
2592 1801 2756 1850 seijdet
2778 1805 2872 1851 geen
2894 1806 3059 1855 reguard
3081 1811 3128 1858 op
3151 1813 3198 1859 te
3220 1814 3361 1861 sullen
3383 1817 3407 1862 —

1458 1907 1601 1956 nemen,
1624 1904 1790 1952 maerdie
1813 1904 1884 1950 van
1907 1903 2073 1949 busietr
2095 1902 2144 1947 d'
2167 1901 2333 1947 eerste,
2356 1902 2474 1948 Maere
2498 1903 2545 1948 d'
2569 1903 2711 1951 tweede
2734 1907 2782 1952 en
2805 1908 3018 1954 Tanhouwer
3041 1910 3136 1956 Inde
3159 1911 3279 1958 derde
3301 1914 3469 1962 plaetse

1446 2006 1497 2054 te
1521 2004 1668 2050 willen
1691 2002 1888 2048 stellen,
1912 2003 1961 2048 om
1985 2003 2035 2049 't
2058 2004 2205 2049 welcke
2229 2003 2474 2049 'efetueren
2498 2003 2548 2049 d'
2571 2004 2694 2053 magst
2716 2007 2841 2054 eerst
2864 2008 3011 2054 naerd'
3035 2007 3084 2052 H.
3109 2007 3256 2056 plaets
3279 2011 3476 2058 Serangam

1443 2107 1500 2155 in
1525 2104 1690 2151 Madere
1718 2103 1827 2149 omme
1854 2103 1936 2149 dat
1962 2103 2018 2149 te
2044 2100 2290 2147 besweeren
2317 2099 2426 2145 ende
2453 2099 2618 2146 daeghs
2644 2102 2836 2150 daeraen
2861 2104 2944 2150 met
2969 2101 3054 2149 den
3080 2100 3244 2146 Meijck
3269 2098 3326 2144 te

1437 2204 1768 2258 bamquetteren
1794 2203 1877 2250 sal
1903 2202 2041 2248 gaen,
2068 2199 2288 2246 daernaer
2314 2198 2372 2245 in
2396 2203 2644 2250 Tansouwer
2670 2206 2726 2252 en
2752 2207 2835 2252 dan
2862 2207 2917 2252 in
2944 2203 3110 2253 sinier

1397 2343 1498 2392 Den
1525 2334 1894 2387 ambassadeur
1927 2333 2026 2379 van
2058 2331 2422 2379 wustafschan
2454 2330 2588 2377 quam
2617 2329 2817 2378 voord'
2850 2329 3016 2375 mays.
3047 2328 3082 2374 t
3113 2317 3379 2374 seggende

1422 2445 1559 2492 sijnen
1581 2444 1627 2490 H.
1650 2444 1674 2489 r
1695 2439 1856 2488 Volgens
1878 2439 1924 2484 d'
1946 2437 2130 2483 beloften
2152 2434 2221 2481 tot
2243 2433 2313 2480 aen
2333 2432 2564 2480 tgenesijde
2586 2434 2632 2479 't
2654 2432 2769 2478 bosch
2791 2431 2838 2477 te
2860 2431 2974 2477 rugge
2996 2430 3065 2475 was
3088 2428 3317 2475 getrocken,
3339 2428 3390 2475 en

1428 2539 1706 2592 dienvolgene
1731 2538 1807 2584 ed'
1832 2532 2210 2583 gecontracteerde
2235 2531 2463 2578 penningen
2487 2530 2689 2576 begeerde
2714 2529 2866 2576 daerop
2890 2528 2941 2574 d'
2966 2526 3092 2572 mags.
3118 2526 3143 2572 t
3167 2525 3423 2574 Andtwoorde

1419 2654 1500 2704 soo
1525 2649 1656 2698 haest
1681 2647 1761 2694 met
1785 2645 1839 2692 d'
1865 2643 2074 2690 reijcken
2099 2641 2231 2687 hadde
2256 2640 2440 2686 gedaen,
2464 2639 2544 2684 hem
2570 2639 2623 2684 op
2646 2635 2727 2682 die
2752 2633 2832 2679 uyt
2857 2630 2988 2677 soude
3014 2629 3223 2675 betaelen
3249 2630 3291 2676 —

1445 2795 1767 2857 CHinanna
1806 2790 2009 2839 heeft
2048 2787 2450 2836 geschreven
2490 2788 2731 2835 aenden
2770 2778 3214 2833 ambassadeur
3252 2775 3416 2822 Van—

1449 2908 1678 2958 Tansjouer
1702 2906 1779 2953 hij
1803 2899 2008 2950 weldebos
2032 2898 2134 2943 veel
2160 2898 2211 2943 te
2236 2898 2515 2944 wegebrengen
2541 2899 2618 2945 dat
2642 2900 2922 2946 Voord'oogen
2946 2898 3023 2944 van
3048 2896 3100 2942 de
3124 2894 3277 2940 magjs.
3302 2892 3411 2939 eens

1426 3011 1580 3057 mochte
1605 3006 1888 3056 verschijnen
1912 3003 1990 3050 als
2015 3001 2195 3048 wanneer
2221 2999 2452 3046 verhoopte
2477 2999 2580 3045 vets
2605 2999 2759 3045 goedte
2785 2997 3068 3045 t'erlangen,

1426 3150 1814 3204 voorschreven
1846 3147 2201 3195 Ambassadeur
2233 3145 2331 3191 dit
2362 3147 2620 3194 versoecq
2653 3149 2750 3195 den
2782 3148 3008 3195 Coninck
3038 3141 3363 3195 Voordragen
3394 3140 3427 3186 —

1409 3255 1572 3306 seijden
1592 3248 1802 3299 dadelijck
1825 3248 1872 3293 d'
1894 3247 2057 3294 grooten
2079 3248 2125 3293 8'
2148 3247 2264 3292 mais.
2287 3248 2356 3293 dit
2379 3248 2472 3294 niet
2494 3250 2541 3295 en
2563 3250 2748 3297 behoorde
2771 3251 2817 3297 te
2841 3250 2956 3297 doen,
2979 3249 3141 3295 gelijck
3164 3249 3256 3295 sijn
3277 3240 3394 3294 magsd

1395 3356 1681 3416 selverseijde
1704 3354 1776 3401 hem
1799 3353 1894 3399 niet
1917 3352 1965 3398 en
1988 3350 2177 3396 begeerde
2201 3350 2249 3396 te
2272 3351 2367 3397 sien
2390 3353 2508 3399 sulcx
2532 3354 2603 3399 dat
2626 3355 2721 3400 dito
2744 3356 3004 3404 Ambassadeur
3027 3358 3288 3404 Vruchteloos
3311 3359 3335 3404 —

1390 3457 1762 3527 vertrock

1394 3603 1503 3649 Den
1537 3588 1938 3645 ambassadeur
1974 3588 2085 3638 van
2118 3591 2591 3641 kistapaneijck
2627 3596 2736 3643 die
2773 3596 2882 3643 den
2918 3594 3172 3641 Coninck
3207 3590 3317 3639 aen

1434 3697 1463 3744 t
1484 3699 1610 3746 volcq
1634 3694 1784 3743 vanden
1807 3691 2033 3739 Cercheijl
2057 3691 2333 3741 Chittewerij
2357 3696 2457 3743 ende
2481 3699 2632 3745 andere
2656 3700 2857 3748 plaetsen
2880 3703 3155 3750 eenichsints
3179 3699 3331 3747 hadden

1396 3800 1659 3852 verbroocken
1681 3797 1778 3844 ende
1800 3797 1968 3843 v'rugge
1991 3798 2086 3845 haer
2109 3800 2157 3845 in
2181 3800 2229 3846 't
2252 3801 2371 3847 leger
2395 3802 2562 3847 begeven
2585 3803 2634 3849 d'
2656 3804 2799 3850 Maijs.
2822 3805 2847 3850 t
2869 3804 3012 3850 diende
3036 3804 3179 3850 daerop
3202 3803 3274 3849 soo
3297 3803 3345 3848 de

1387 3904 1720 3959 visiapoursche
1745 3902 1900 3949 mooren
1925 3901 2180 3948 Vertrocken
2206 3902 2283 3948 syn
2308 3903 2462 3948 hebben
2487 3904 2539 3951 d'
2564 3907 2922 3954 Jolcondaetslhe
2947 3907 3050 3954 niet
3075 3908 3127 3954 te
3152 3905 3331 3954 vreesen

1344 4053 1411 4100 8'
1438 4041 1607 4094 Novos
1639 4036 1739 4085 uyt
1772 4035 1838 4080 't
1870 4032 2299 4080 Moorscheleger
2332 4032 2464 4077 sijn
2496 4032 2661 4078 Hoed.
2694 4033 2893 4079 Mooren
2922 4033 3123 4080 siende
3155 4032 3419 4078 telckens

1384 4139 1513 4187 veele
1538 4136 1719 4184 schaede
1745 4135 1874 4181 vande
1899 4135 2158 4182 Visiadoors
2183 4137 2365 4184 wanneer
2390 4140 2467 4186 wij
2493 4141 2570 4187 der
2596 4140 2751 4186 willen
2777 4139 3061 4187 Inbreecken,
3085 4139 3241 4187 hadden
3266 4135 3450 4183 geleden
