3642 4883
1083 590 1461 646 Januari
1510 585 1730 634 1646

1372 800 1618 847 seeckeren
1642 801 1836 848 Bramine
1861 805 2107 855 allegeren
2133 810 2215 855 Int
2242 810 2380 860 landt
2405 816 2487 864 van
2514 819 2786 867 siapaneyck
2813 821 2923 868 noch
2949 823 3032 868 een
3058 823 3167 869 Heer
3194 823 3412 869 desselfs

1360 893 1641 941 maechschap
1668 895 1753 942 van
1779 897 2060 949 seergroten
2084 903 2228 952 ryckd
2253 909 2310 956 om
2336 912 2449 960 was,
2476 915 2560 962 hij
2587 916 2728 963 wilde
2755 919 2838 965 den
2866 920 3034 966 selven
3061 922 3314 970 aenwijsen

1359 996 1561 1042 hopende
1590 996 1707 1042 door
1734 998 1851 1045 mede
1879 1000 1967 1046 tot
1995 1002 2169 1050 staedt
2197 1006 2256 1052 te
2284 1008 2573 1060 geraecken,
2601 1016 2660 1063 d'
2688 1018 2804 1064 mags
2832 1017 2893 1064 't
2919 1020 3151 1069 hiernaer
3179 1024 3446 1081 luysteren

1363 1097 1562 1143 belaste
1590 1096 1676 1143 den
1705 1098 1961 1147 Cercheijl
1989 1103 2075 1149 met
2103 1105 2445 1159 voorschreven
2473 1114 2672 1162 Bramine
2700 1117 2843 1165 eerst
2871 1120 2986 1167 dien
3013 1123 3129 1170 hoof
3155 1126 3214 1173 te
3241 1129 3444 1183 lichten

1367 1197 1477 1244 ende
1504 1197 1726 1245 daernaer
1752 1201 1835 1247 hem
1863 1202 1973 1248 naer
2000 1204 2249 1255 oudegiere
2275 1210 2331 1256 te
2358 1212 2579 1261 spoeden,
2606 1217 2799 1265 volgens
2826 1220 2909 1265 den
2936 1220 3103 1268 voorsz
3128 1222 3241 1269 last

1361 1301 1447 1347 was
1475 1300 1533 1347 d.
1561 1302 1590 1348 o
1618 1302 1876 1350 Cercheijl
1904 1306 1992 1354 met
2017 1309 2134 1356 7000
2161 1312 2362 1360 paerden
2390 1316 2448 1362 al
2475 1317 2590 1366 sude
2618 1321 2790 1368 mijnen
2818 1323 3047 1370 gecomen,
3076 1324 3219 1371 dooch
3247 1325 3333 1371 Was

1372 1406 1698 1453 hamaneijcke
1725 1408 1785 1454 al
1814 1409 1874 1455 op
1902 1411 1962 1457 't
1991 1411 2287 1466 gebeerghte
2314 1422 2583 1475 gevlught,

1264 1573 1372 1625 Met
1405 1560 1619 1616 welcke
1654 1558 1903 1604 tydinge
1939 1558 2010 1604 d'
2044 1558 2258 1607 Maijs.
2293 1562 2329 1608 r
2364 1563 2472 1610 van
2506 1565 2826 1612 Carnatica
2861 1568 3182 1616 beooymert
3216 1572 3434 1621 synde,

1357 1678 1477 1726 dede
1506 1676 1657 1723 synen
1687 1674 1838 1720 rredt
1867 1675 2138 1722 beroupen,
2168 1676 2500 1725 voorstellen
2527 1680 2708 1726 hoedat
2738 1678 3069 1726 Mustafschan
3098 1677 3190 1723 een
3218 1679 3399 1726 groten

1362 1785 1616 1839 bedrieger
1644 1784 1757 1830 was,
1785 1781 1898 1829 Item
1926 1781 2010 1827 dat
2039 1782 2123 1828 den
2151 1783 2405 1832 Cercheijl
2433 1787 2545 1834 quam
2573 1789 2630 1835 om
2658 1790 2912 1838 oudeguere
2939 1793 2996 1839 te
3024 1793 3193 1839 nemen,
3221 1792 3334 1839 ende

1373 1897 1461 1944 met
1489 1895 1778 1942 d'reijcken
1807 1894 1980 1940 stondt
2008 1893 2095 1939 het
2123 1892 2240 1937 noch
2268 1893 2700 1949 ongetermineert,
2729 1904 2816 1949 wat
2844 1904 2931 1950 dan
2960 1905 3133 1951 diende
3162 1906 3277 1953 best

1367 2011 1455 2062 tot
1483 2005 1768 2055 voorstandt
1795 2004 1882 2051 der
1910 2005 2224 2052 Cronegedaen
2251 2008 2308 2054 te
2336 2009 2536 2059 werden,
2564 2015 2735 2065 wierde
2763 2019 3077 2066 eijndelijck
3104 2020 3333 2066 besloten

1369 2117 1459 2164 men
1488 2117 1548 2162 in
1577 2117 1696 2164 alle
1724 2118 1962 2167 manieren
1991 2122 2317 2171 mistafschan
2346 2127 2436 2174 met
2464 2130 2968 2183 d'gevoughlijckste
2997 2139 3175 2184 middel
3204 2135 3353 2184 soude

1353 2229 1466 2278 sien
1492 2227 1548 2273 te
1575 2227 1908 2276 Contenteren,
1934 2232 2046 2281 ende
2072 2237 2322 2287 oversulcx
2348 2243 2432 2290 hem
2458 2245 2515 2291 te
2541 2247 2790 2296 gemoeten,
2817 2251 3010 2299 wijders
3038 2254 3176 2300 alsoo
3203 2253 3315 2299 oude
3341 2254 3454 2302 guen

1360 2344 1453 2392 van
1481 2341 1846 2389 maintementos
1876 2341 2029 2387 geldt
2057 2343 2180 2392 ende
2209 2348 2483 2401 Ammonisie
2511 2357 2785 2408 teenemael
2814 2364 2905 2410 was
2935 2364 3238 2413 ontbloodt,
3268 2362 3389 2411 ende

1356 2457 1438 2504 der
1465 2454 1655 2501 Conincx
1680 2457 1869 2504 tresoor
1895 2459 2195 2509 onvermogen,
2218 2465 2436 2513 soudemen
2461 2469 2543 2516 die
2568 2473 2758 2522 plaetse
2784 2478 2973 2525 Chinana
3000 2480 3108 2526 (die
3135 2481 3404 2527 gemeyjne't

1358 2568 1517 2619 waerde
1543 2567 1621 2613 wel
1647 2566 1779 2612 geldt
1804 2567 1857 2612 t'
1883 2567 2066 2615 hebben)
2092 2571 2145 2617 om
2170 2572 2224 2618 te
2248 2575 2537 2629 Gouverneren
2562 2584 2850 2636 Intregeren,
2876 2591 2981 2638 ende
3007 2594 3217 2640 naerdien
3242 2596 3454 2646 vermoedt

1356 2684 1525 2733 wierde
1553 2684 1638 2730 met
1666 2685 1722 2730 de
1750 2685 1947 2732 s'samen
1974 2687 2171 2733 spraeck
2199 2689 2284 2736 van
2311 2691 2620 2742 mistafschan
2648 2698 2705 2744 d'
2732 2700 2984 2750 rleijcken
3012 2705 3182 2753 Verser
3209 2709 3352 2761 staen

1349 2799 1547 2848 souden,
1574 2796 1801 2844 sondemen
1828 2797 2196 2847 Connerechutij
2222 2803 2336 2849 naer
2363 2804 2420 2850 d'
2447 2806 2590 2854 selve
2616 2810 2673 2856 in
2701 2811 3095 2866 Ambassaetschap
3123 2821 3380 2874 gelasten,

1368 2918 1447 2965 met
1473 2913 1738 2964 Instructie
1764 2913 1845 2960 die
1870 2915 1950 2961 met
1976 2914 2187 2960 dreijgen
2214 2914 2293 2960 als
2319 2915 2533 2963 beloften
2557 2919 2663 2965 ende
2689 2920 2823 2968 goede
2848 2924 3035 2974 woorden
3059 2930 3113 2976 te
3139 2931 3272 2977 bewen
3297 2931 3378 2978 en,

1366 3032 1531 3080 hierop
1557 3029 1780 3076 d'magjht
1806 3032 1889 3078 een
1915 3032 2026 3078 mijl
2054 3033 2246 3078 buijten
2273 3032 2439 3079 Velour
2466 3035 2715 3085 gereijst,
2741 3041 2906 3086 alnaer
2934 3041 3182 3088 Chinaenna
3209 3041 3378 3090 Chitti

1372 3156 1477 3203 ende
1500 3146 1865 3199 Connerechittij
1890 3146 2098 3195 ontboden
2123 3148 2280 3195 heeft,
2305 3148 2487 3194 d'selve
2512 3150 2771 3197 verschenen
2797 3152 2927 3199 synde
2953 3154 3109 3202 hebben
3134 3157 3186 3203 d'
3212 3158 3342 3206 mags.
3366 3158 3393 3204 r

1364 3270 1416 3317 te
1440 3262 1646 3314 verstaen
1670 3259 1850 3307 gegeven
1875 3258 1952 3304 hoe
1978 3258 2054 3303 dat
2080 3258 2182 3305 haer
2208 3260 2387 3307 saecken
2412 3262 2514 3309 door
2540 3264 2821 3312 palliacatta
2846 3268 3077 3313 (vermidts
3101 3269 3153 3315 d'
3178 3269 3307 3316 mags.
3327 3268 3358 3317 r

1353 3375 1503 3428 hulpe
1530 3371 1767 3419 ontbracq
1797 3370 1914 3416 niet
1943 3370 2002 3415 en
2031 3370 2178 3417 conde
2207 3372 2296 3418 ten
2324 3373 2501 3423 eijnde
2529 3378 2736 3428 brengen
2764 3382 2999 3429 waeromme
3028 3384 3116 3431 met
3146 3386 3265 3433 haer

1364 3492 1517 3544 macht
1546 3484 1913 3536 achterwaerts
1943 3484 2035 3531 tot
2064 3484 2126 3530 in
2156 3484 2521 3531 Wansjelwacke
2552 3485 2887 3535 afgetrocken
2917 3490 3130 3537 waeren,
3159 3487 3344 3534 alwaer

1350 3611 1413 3658 d'
1442 3599 1753 3654 Hollanders
1784 3598 1846 3644 op
1877 3597 2001 3643 haer
2032 3596 2403 3644 uijtgevallen
2434 3599 2589 3648 synde
2619 3603 2837 3650 twaeren
2867 3605 3115 3651 syluyden
3145 3606 3208 3651 op
3238 3607 3368 3656 haer

1351 3712 1501 3762 hoede
1529 3708 1770 3756 geweest,
1799 3708 1949 3754 alsoo
1977 3706 2068 3753 dat
2098 3706 2308 3754 d'selve
2337 3709 2428 3758 met
2457 3713 2667 3761 verlier
2696 3716 2786 3762 van
2815 3716 3026 3762 omtrent
3054 3716 3115 3762 40
3144 3715 3324 3760 mannen

1361 3820 1575 3874 wederom
1604 3818 1728 3864 niet
1757 3817 1942 3865 Cunnen
1972 3820 2155 3866 langer
2185 3821 2522 3874 tegenstaen,
2551 3828 2858 3876 vertrocken
2887 3831 3103 3879 waeren,
3132 3833 3291 3884 aldus

1365 3944 1425 3991 en
1453 3942 1545 3989 was
1574 3938 1785 3986 present
1814 3937 1935 3982 haer
1964 3938 2084 3984 niet
2114 3937 2384 3987 mogelijck
2414 3941 2744 3989 Palleacatca
2773 3944 2834 3990 te
2863 3944 3105 3996 dwingen,
3131 3950 3193 3997 d'
3223 3950 3403 3999 mags=t

1366 4056 1738 4110 repliceerde
1772 4055 2209 4103 tegenwoordigh
2241 4058 2376 4105 laet
2409 4060 2477 4106 d'
2510 4061 2713 4111 saecke
2745 4067 2846 4114 Van
2878 4068 3215 4117 Pallicatta

1361 4184 1537 4234 vaeren
1566 4181 1654 4228 ock
1682 4177 2005 4226 saldaermaer
2033 4177 2296 4223 daerselfs
2325 4177 2385 4223 in
2411 4174 2619 4224 versien
2646 4178 3055 4225 Connerechittij
3085 4179 3173 4225 sal
3201 4180 3318 4230 naer

2921 4277 3237 4328 Cinsier
