3567 4801
2704 469 2936 544 952

658 491 901 547 april
940 485 1144 536 1646

975 643 1234 699 bestaende
1261 644 1319 692 en
1346 646 1632 693 eiveersche
1660 646 1945 693 soeteringe
1974 647 2260 699 sorteringe
2287 654 2374 702 van
2401 657 2573 703 Cleden
2601 656 2687 703 ter
2715 651 2917 701 monture

927 754 1043 809 van
1080 741 1339 799 ƒ62586„
1376 737 1487 786 12„
1524 735 1599 782 8„
1635 734 1748 780 met
1784 736 1970 785 ordre
2006 740 2155 788 ende
2192 743 2674 792 recommandatie
2711 744 2786 792 't
2821 724 3046 787 gerede

957 853 1050 906 soo
1078 846 1256 896 cleden
1283 841 1374 891 als
1403 838 1522 885 rijs
1549 834 1669 882 Iude
1698 833 2083 883 masulipatamse
2112 839 2172 885 en
2200 842 2584 889 visigapatanse
2613 837 2909 888 quartieren
2938 836 2968 881 —

932 947 1138 1007 becomen
1165 937 1370 991 hebben,
1398 938 1457 984 d'
1485 937 1631 984 reijs
1659 938 1747 984 soo
1775 936 1892 982 drae
1920 933 2182 980 mogelijck
2210 933 2327 979 naer
2356 934 2559 983 malacca
2588 937 2646 982 te
2674 929 2937 981 spoedigen
2965 930 2994 976 —

972 1046 1058 1093 den
1086 1041 1373 1092 almogenden
1400 1038 1631 1085 geleijde
1656 1032 1859 1081 gemelte
1887 1032 2060 1082 fluijt
2087 1035 2317 1084 spoedich
2344 1033 2403 1080 In
2430 1030 2574 1078 salvo

803 1180 906 1241 Aon
936 1171 1001 1220 19
1026 1164 1128 1213 tot
1158 1158 1257 1208 22d
1288 1157 1320 1202 o
1352 1153 1480 1201 niet
1512 1150 1930 1199 remarcquabels
1961 1143 2314 1197 (opgevallen
2346 1143 2378 1189 —

824 1301 893 1354 An
920 1292 987 1343 23
1014 1283 1082 1334 d.
1109 1277 1144 1325 o
1172 1269 1365 1319 become
1396 1261 1872 1314 mitswegedateere
1900 1260 1966 1309 14
1995 1256 2155 1303 deser
2187 1255 2314 1301 uijt
2345 1254 2535 1301 Carcal
2566 1250 2756 1298 vanden
2788 1247 3009 1295 Coopman

971 1378 1030 1426 S.
1052 1373 1085 1420 r
1113 1369 1283 1418 Govert
1311 1365 1566 1413 Craeckouw
1593 1361 1708 1410 Item
1736 1361 1906 1409 eenEd.
1933 1361 1963 1407 e
1991 1361 2161 1406 vanden
2188 1357 2472 1406 overcopman
2500 1354 2586 1401 S„r
2612 1350 2840 1398 Adriaaen
2868 1346 3044 1394 vander

954 1467 1137 1526 Meijde
1166 1465 1286 1512 uijt
1315 1462 1554 1510 Caupatam
1583 1462 1644 1509 In
1673 1464 1793 1509 dato
1823 1464 1913 1509 30.
1942 1463 2092 1509 meert
2121 1461 2300 1508 nevens
2330 1460 2509 1506 andere
2539 1455 2808 1505 pampieren
2838 1452 2928 1500 aen

961 1570 1231 1626 gouverneur
1257 1567 1419 1614 Arnold
1446 1564 1634 1612 Beussen
1661 1559 1930 1609 gecarteert
1956 1558 2144 1605 daerbij
2170 1558 2305 1604 onder
2332 1557 2520 1604 anderen
2546 1552 2788 1601 vernemen,
2814 1548 3083 1596 eerstelijk

966 1683 1084 1733 uijt
1110 1677 1172 1725 d'
1200 1671 1436 1721 advijsen
1464 1670 1553 1716 Van
1583 1667 1848 1716 Caylpatam
1876 1668 1935 1713 In
1964 1667 2082 1713 dato
2112 1667 2171 1713 30
2199 1666 2347 1712 Meert
2376 1666 2553 1712 nevens
2582 1665 2758 1712 andere
2786 1658 3052 1710 pampieren

965 1791 1140 1844 aenden
1167 1780 1458 1835 Gouverneur
1487 1776 1661 1824 Arnold
1689 1775 1893 1822 Heussen
1920 1773 2269 1820 gecharteert,
2298 1772 2502 1818 daerbij
2530 1773 2675 1819 onder
2704 1764 2907 1819 anderen
2933 1757 2994 1806 ——

949 1899 1205 1950 vernemen,
1230 1889 1543 1942 eerstelijck
1571 1887 1684 1934 uijt
1712 1886 1769 1932 d'
1796 1884 2023 1930 advijsen
2051 1883 2136 1929 van
2164 1882 2447 1930 Cadjepatan
2474 1880 2729 1926 voornomt,
2757 1880 2927 1926 hoedat

953 2008 1114 2055 aldaer
1140 2007 1221 2052 van
1248 2002 1436 2052 Ceijlon
1461 2000 1517 2047 op
1542 1998 1624 2044 26.
1650 1996 1678 2042 e
1704 1993 1838 2040 meert
1864 1992 1919 2038 't
1946 1992 2107 2037 Galjot
2133 1993 2187 2038 d'
2214 1992 2348 2039 Hasew
2373 1989 2482 2037 niet
2508 1986 2616 2034 omme
2642 1978 2915 2030 diveersche

953 2115 1372 2170 noodwendicheden
1397 2106 1733 2158 g'arriveert,
1760 2104 1873 2151 ende
1900 2103 1984 2148 met
2011 2103 2068 2149 't
2095 2102 2263 2148 gerede
2290 2101 2569 2149 monterende
2596 2102 2624 2147 /
2651 2091 2986 2146 12424//-//-/

942 2240 1226 2298 bestaende
1256 2239 1319 2285 in
1350 2236 1413 2283 40
1442 2223 1631 2279 pocken
1661 2216 1943 2267 dweersche
1974 2215 2286 2265 lijnwaeten
2316 2217 2442 2266 1500
2473 2214 2566 2261 stx
2597 2207 2941 2258 hochevellen
2967 2204 3003 2252 —

936 2369 1056 2425 1322
1082 2361 1144 2411 lb
1170 2352 1319 2404 stael
1348 2350 1465 2397 1000
1493 2348 1524 2394 p
1552 2347 1582 2393 s
1611 2340 1787 2392 goenij
1815 2339 1904 2386 200
1933 2341 1992 2386 p.
2021 2342 2051 2387 s
2079 2339 2431 2388 goenijsacken
2459 2337 2519 2384 10
2548 2337 2606 2382 lb
2635 2334 2932 2383 packgaren—

945 2477 1071 2527 ende
1100 2473 1164 2521 42
1194 2466 1445 2517 packjens
1469 2460 1724 2512 Crauwade
1755 2460 1787 2505 @
1817 2460 1880 2506 op
1909 2457 1974 2505 29
2004 2457 2254 2502 daceraen
2284 2455 2378 2501 met
2409 2455 2722 2501 favorabile
2751 2451 2911 2502 windt

939 2584 1321 2639 wederderwaerd
1348 2580 1410 2629 te
1437 2577 1851 2625 geretourneert,
1879 2576 1998 2623 Item
2026 2575 2115 2621 dat
2145 2573 2469 2620 naersehandt
2498 2573 2557 2618 't
2586 2571 2733 2618 schip
2762 2570 2851 2616 den
2880 2569 3032 2620 Hdaeh

940 2698 1170 2749 daermede
1197 2695 1285 2743 met
1313 2693 1370 2739 't
1398 2684 1801 2738 geprojecteerde
1829 2684 2059 2730 Capitael
2088 2682 2375 2730 aengelangh
2403 2682 2461 2728 't
2489 2684 2606 2733 was,

833 2848 1254 2930 Belangende
1294 2843 1380 2892 s'
1421 2836 1842 2890 Compagnies
1884 2836 2263 2883 toestandt
2302 2834 2390 2882 In
2431 2831 2557 2880 die
2598 2828 3020 2877 quartieren

938 2960 1050 3011 daer
1076 2958 1160 3004 was
1186 2954 1297 3002 door
1323 2952 1379 2998 d'
1406 2945 1791 2997 onveijlicheijt
1818 2940 2038 2989 derwegen
2064 2938 2148 2985 als
2174 2935 2340 2982 anders
2366 2933 2478 2980 snde
2502 2929 2807 2979 specerijen,
2832 2923 2972 2972 thin—

930 3059 1044 3111 veel
1070 3058 1154 3105 min
1179 3053 1429 3102 spiaulter
1456 3050 1567 3098 geen
1594 3049 1705 3095 ofte
1731 3045 1953 3094 weijnich
1979 3042 2174 3089 aftreck
2200 3037 2505 3087 daerentegen
2530 3035 2697 3081 waeren
2724 3033 2780 3079 d'
2806 3030 2974 3078 Cleden
3000 3034 3031 3081 —

945 3171 1096 3221 (niet
1126 3159 1487 3215 Jegenstaende
1517 3157 1577 3203 d'
1605 3151 1968 3201 Maintementos
1997 3148 2118 3195 dier
2148 3146 2298 3192 sijn)
2327 3141 2448 3190 voor
2478 3134 2689 3185 Contain
2718 3133 2899 3181 geldt—

932 3272 1175 3327 redelicx
1204 3269 1325 3317 Coop
1353 3266 1416 3314 te
1445 3261 1746 3310 genaecken,
1775 3258 1897 3305 maer
1927 3256 2017 3303 den
2046 3251 2288 3301 salpeter
2316 3247 2408 3295 die
2437 3241 2679 3291 onderden
2708 3237 2893 3286 groten

919 3377 1085 3432 Neijck
1111 3373 1195 3421 van
1221 3364 1661 3417 Maeredependeert,
1686 3360 1798 3409 ende
1825 3356 2018 3405 alsnoch
2044 3355 2155 3402 uijt
2182 3354 2292 3400 sijn
2319 3348 2457 3398 landt
2484 3346 2649 3394 doord'
2675 3341 2986 3391 onnenichte.

923 3491 1019 3542 met
1049 3488 1143 3535 den
1174 3477 1549 3532 Carnatischen
1580 3472 1830 3521 Conincke
1861 3470 1986 3518 sich
2017 3470 2079 3516 in
2110 3461 2361 3515 Tansjour
2389 3454 2641 3502 Onthout,
2672 3455 2765 3502 sal
2794 3451 2891 3500 bij
2919 3445 2954 3494 —

922 3605 1111 3655 occasie
1137 3598 1327 3649 gelijck
1353 3596 1408 3642 in
1434 3591 1596 3640 vorige
1621 3584 1785 3635 tijden
1810 3581 1946 3628 bijde
1973 3579 2244 3626 portugesen
2270 3574 2513 3625 geschiedt
2537 3568 2648 3619 Is:)
2674 3567 2756 3615 met
2782 3565 2863 3610 hem
2890 3565 2918 3611 —

923 3721 1153 3781 Coninck
1184 3707 1637 3765 gecontracteert
1668 3705 1895 3753 dienen,
1927 3702 2217 3750 laeckenee
2247 3699 2346 3747 den
2376 3689 2540 3744 Peper
2571 3686 2669 3733 soo
2700 3681 2927 3730 wanneer

922 3860 982 3907 d'
1009 3841 1309 3905 Coopluyden
1338 3837 1428 3885 die
1454 3824 1665 3879 d'selve
1693 3822 1874 3869 d'onse
1903 3820 2083 3868 willen
2112 3818 2320 3866 leveren
2350 3815 2499 3863 Inden
2529 3814 2737 3860 toevoer
2767 3814 3005 3861 desselfs

919 3963 1067 4017 vande
1095 3956 1390 4007 portugesen
1418 3951 1537 4000 niet
1565 3949 1625 3995 en
1654 3947 1831 3994 werden
1858 3942 2183 3991 getouleert,
2212 3941 2301 3987 soo
2329 3939 2506 3986 souden
2535 3938 2654 3986 naer
2681 3939 2802 3986 alle

932 4060 1302 4140 apparentie
1337 4057 1413 4104 en
1449 4053 1818 4104 aenstaende
1855 4053 2187 4100 daergoede
2223 4049 2593 4098 quantiteyt
2627 4046 2741 4094 van
2777 4048 3038 4098 Becomen

2446 4154 2795 4221 Baer

8 782 195 836 hadden

0 880 70 930 e

0 991 162 1041 aen

172 880 261 929 ats

0 1553 242 1604 trocken

0 1669 45 1716 ich

0 1783 176 1829 edes

0 2027 281 2079 was

0 2256 27 2301 6

153 2453 170 2498 staende

182 2452 205 2498 taen

170 2132 282 2180 ta

156 2939 244 2985 bodem

106 3267 251 3317 ght,

8 3498 35 3543 8
60 3497 85 3542 8

0 4042 173 4100 fluijt
