3580 4883
1341 897 1753 949 Successijve
1791 885 2389 942 gesuppoorteerde,
2427 887 2502 932 en
2539 885 2913 932 Ingevoerde
2950 884 3175 930 lasten
3212 883 3363 931 door

1379 1014 1695 1068 Chinanna
1733 1006 2170 1058 uijtsstadts
2206 1008 2484 1056 Incomen
2522 1006 2681 1052 voor
2720 1001 2957 1051 altijt
2995 996 3076 1044 te
3114 993 3312 1040 mogen

1368 1136 1734 1184 genieten,
1773 1136 1896 1183 d„e
1936 1134 2180 1180 Expres
2220 1133 2382 1180 Caub
2422 1126 2787 1178 verleent,
2827 1124 2908 1170 en
2947 1122 3356 1173 toegestaen

1377 1268 1625 1316 heeft;
1664 1263 1873 1313 welcq
1910 1258 2038 1307 bij
2078 1255 2326 1303 vigeur
2367 1251 2491 1300 van
2532 1246 2821 1295 Negotie
2860 1244 3027 1291 niet
3068 1243 3193 1290 min
3233 1244 3357 1291 als

1374 1386 1555 1436 1200.
1591 1383 1735 1431 Pag.
1769 1379 1807 1426 s
1842 1376 2130 1424 Jaerl.jk
2166 1377 2274 1422 sal
2310 1374 2489 1422 comen
2525 1373 2597 1419 te
2633 1365 2957 1417 bedragen,
2992 1366 3210 1417 sonder
3244 1372 3353 1420 dat

1372 1510 1521 1558 daer
1558 1508 1781 1555 vooren
1817 1502 2116 1551 gehouden
2150 1496 2339 1546 zijn,
2375 1493 2599 1540 eenige
2636 1487 3008 1539 recognitie
3045 1487 3157 1533 aen
3193 1487 3347 1539 zijn

1352 1622 1580 1676 Maijs.
1617 1631 1656 1677 t
1692 1630 1769 1675 te
1807 1627 1996 1675 doen,
2030 1620 2412 1672 gecesseert
2448 1616 2638 1665 zijn)
2676 1615 2980 1662 voortaen
3016 1611 3359 1661 zoodanich

1373 1747 1522 1793 niet
1557 1747 1708 1794 meer
1743 1746 1819 1793 te
1855 1739 2116 1790 duchten
2152 1738 2413 1788 hebben,
2450 1739 2524 1787 zy
2560 1737 2748 1783 allen
2784 1739 3082 1789 gevallen
3118 1745 3341 1795 sullen

1901 1809 2202 1876 handel

1374 1868 1488 1918 ons
1524 1869 1636 1914 soo
1672 1866 1861 1915 verre
1895 1873 1970 1920 In
2003 1870 2044 1918 ^
2081 1869 2195 1916 met
2228 1870 2304 1918 d'
2341 1864 2713 1913 Portugesen
2749 1862 2898 1909 niet
2935 1863 3344 1910 Ingagieren,

1360 1996 1516 2042 ende
1555 1997 1634 2043 op
1672 1995 1791 2042 hun
1827 1993 2220 2041 aengeboden
2259 1994 2572 2040 discrete
2610 1994 2767 2041 die,
2806 1995 3002 2043 zulcx
3039 1997 3197 2044 uEd:
3234 1996 3354 2043 wel

1367 2119 1645 2168 seggen,
1685 2121 2040 2169 doorgaens
2078 2120 2433 2167 weijnich,
2472 2119 2551 2165 en
2590 2117 2748 2163 niet
2787 2117 2906 2163 als
2945 2117 3024 2164 op
3063 2118 3299 2168 eijgen

1367 2249 1675 2296 voordeel
1712 2247 1944 2295 siende
1981 2248 2097 2295 Is)
2135 2248 2481 2296 verlaten,
2519 2246 2635 2292 dat
2673 2243 2827 2290 zich
2865 2243 3020 2290 daer
3057 2247 3211 2293 door
3243 2240 3289 2291 —

1351 2364 1755 2417 verrijcken.
1791 2371 1865 2418 en
1901 2373 2121 2421 tegens
2158 2375 2232 2422 d'
2267 2377 2342 2425 E.
2376 2380 2561 2429 Comp.
2596 2380 2635 2427 e
2670 2376 2890 2423 stercq
2925 2375 3222 2426 maechg=n

1357 2498 1623 2547 souden,
1660 2501 1850 2550 welcq
1884 2505 2037 2551 oocq
2074 2505 2264 2553 nader
2300 2510 2828 2562 geconsidereert
2864 2517 3129 2565 hebben,
3166 2519 3355 2567 waren

1352 2615 1427 2662 al
1464 2618 1765 2668 bevorens
1800 2625 2174 2678 Maeslandts
2212 2633 2586 2684 arrivement
2623 2639 2735 2687 van
2773 2640 3109 2686 Resolutie
3147 2641 3371 2688 gewer„

1349 2744 1496 2795 den,
1530 2745 1673 2792 geen
1707 2745 1887 2792 Nieuw
1922 2747 2207 2797 Contract
2243 2752 2350 2798 met
2385 2754 2600 2804 gem=te
2633 2760 2884 2807 vrunden
2920 2761 2991 2806 in
3027 2761 3063 2806 s
3098 2762 3169 2807 t.
3204 2761 3384 2810 Thome

1355 2861 1426 2911 te
1459 2856 1700 2908 maecke,
1729 2863 1867 2911 maer
1901 2863 2138 2911 eerlijk
2172 2865 2240 2911 't
2274 2866 2411 2916 noch
2444 2872 2750 2920 weijnighe
2783 2874 3055 2921 resteren
3088 2875 3225 2924 Inne
3259 2879 3329 2925 te

1357 2973 1675 3023 vorderen,
1709 2975 1780 3022 en
1814 2978 2268 3032 middelerwijle
2302 2988 2757 3039 t'onderstaen,
2788 2993 2897 3040 off
2930 2995 3036 3041 met
3070 2994 3317 3042 eenighe

1372 3094 1733 3143 Inlantsche
1768 3094 1986 3145 Coopl.
2020 3102 2057 3148 n
2090 3101 2236 3148 daer
2272 3102 2525 3149 ontrent
2559 3105 2703 3153 Iers
2739 3106 3208 3156 proffitabelde
3241 3110 3315 3156 te

1361 3210 1681 3256 verrichten
1712 3210 1873 3258 soude
1904 3213 2064 3259 zijn,
2096 3213 2191 3259 ome
2223 3213 2319 3260 ons
2351 3215 2478 3262 door
2510 3217 2829 3265 soodanigen
2861 3220 2990 3267 wegh
3020 3223 3118 3270 ten
3148 3226 3375 3281 rechten

1354 3322 1550 3369 vander
1581 3323 1907 3370 Portugesen
1938 3325 2198 3371 gedoente
2229 3326 2295 3373 t'
2327 3327 2684 3379 Informeren,
2716 3334 2846 3380 ende
2878 3335 2975 3383 bij
3007 3338 3171 3388 nader
3201 3344 3379 3397 gele„

1361 3440 1678 3487 gentheijt
1712 3443 1818 3488 van
1853 3443 1994 3488 daer
2029 3443 2240 3491 eenige
2274 3446 2592 3499 Schilders
2625 3456 2943 3505 herwaerts
2977 3460 3048 3507 te
3082 3462 3366 3524 trecken;

2477 3535 2505 3581 ds

1359 3551 1470 3600 tot
1507 3555 1656 3603 dien
1691 3559 1912 3607 eijnde
1949 3562 2060 3610 dan
2096 3566 2207 3613 den
2242 3568 2649 3618 Ondercoop:l
2685 3572 2870 3618 Arent
2906 3574 3017 3619 van
3054 3574 3165 3623 Tob
3201 3579 3349 3627 voor

1354 3678 1671 3725 geseijde
1709 3680 2065 3730 Maeslants
2104 3685 2500 3733 Arrivement
2539 3689 2697 3737 naer
2736 3692 2855 3741 St.
2894 3694 3093 3742 Thome
3131 3698 3370 3757 affge„

1359 3791 1586 3840 souden
1624 3795 1888 3842 hadden,
1926 3796 2002 3842 Jn
2039 3795 2266 3841 vougen
2303 3797 2417 3844 ons
2454 3800 2607 3850 daer
2641 3806 2794 3852 Inne
2831 3806 3096 3857 volgens
3133 3812 3323 3863 VEEd:

1348 3909 1708 3956 Intentie,
1748 3909 1828 3956 en
1867 3911 2387 3964 Recommandatie
2427 3919 2547 3966 ten
2587 3920 2827 3968 besten
2867 3922 2987 3967 van
3026 3922 3107 3971 d'
3146 3919 3228 3970 E.

1360 4013 1585 4062 Comp:s
1621 4018 1920 4068 gedragen
1958 4023 2220 4070 zullen,
2257 4026 2369 4072 dat
2406 4027 2593 4073 VEEd:
2630 4027 2743 4073 ons
2779 4027 3079 4079 gelieven
3115 4035 3229 4086 toe
3265 4042 3341 4090 te

1863 331 2337 393 Coromandel

3050 342 3264 393 1646

1878 447 2019 495 Copia
2047 443 2245 492 mitsive
2272 442 2385 489 door
2413 441 2498 487 den
2525 439 2808 486 Gouverneur
2836 441 3006 490 Arnold
3032 444 3234 492 Heussen

1873 546 1927 593 In
1947 538 2055 588 dato
2079 532 2184 582 ult.
2208 530 2236 576 o
2261 531 2390 577 febr:
2416 530 2468 576 p.
2493 530 2519 575 r
2542 528 2597 575 't
2622 527 2649 572 8
2674 527 2778 573 acht
2803 529 2881 575 lis
2906 529 2984 575 aen
3009 527 3113 573 haer
3139 525 3246 572 Ed=s

2120 586 2210 631 a1
2254 586 2346 633 N.
2389 589 2480 634 20

2785 4194 3252 4252 vertrouwen.

741 239 831 286 da
874 238 967 286 al
1011 236 1199 283 16a6
