3567 4801
2700 512 2881 561 848

819 693 928 742 in
981 687 1520 736 qualiteijt
1573 684 1735 731 van
1787 671 2165 728 soldaet
2194 658 2757 716 aengenomen

839 816 1041 866 ende
1081 811 1240 858 een
1289 793 1789 855 Belooningh
1815 780 1988 834 van
2035 772 2188 823 der
2233 765 2487 817 thien
2528 747 2887 808 guldens

832 940 996 993 pr.
1047 928 1370 982 maendt
1423 917 2012 974 toegeleijt,
2060 910 2172 962 d'
2224 891 2868 953 verbeteringe

837 1066 994 1118 van
1044 1054 1303 1108 gagie
1354 1052 1562 1099 ende
1613 1052 1666 1099 t
1714 1049 2028 1100 nieuwe
2076 1043 2493 1096 verbandt
2544 1037 2752 1089 dato
2801 1025 2958 1079 als

826 1209 1203 1272 vooren
1264 1193 1768 1251 aenvanck
1828 1172 2270 1237 nemende

837 1413 1013 1478 Jan
1065 1388 1686 1453 fredricksen
1739 1381 1911 1430 van
1966 1368 2472 1424 oldewater
2527 1359 2641 1412 jn
2695 1338 2977 1397 jndia

1011 1522 1410 1590 Gecomen
1465 1515 1580 1565 Ao
1635 1507 1863 1557 1642
1918 1499 2090 1552 met
2144 1481 2429 1540 schip
2485 1464 2996 1524 rotterdam

829 1673 936 1729 in
986 1651 1500 1715 qualiteijt
1548 1640 1706 1694 van
1755 1630 2116 1680 soldaet
2161 1629 2218 1678 a
2268 1628 2321 1674 ƒ
2370 1613 2577 1672 9pr.
2626 1603 2936 1657 maendt

839 1809 1049 1858 wert
1100 1804 1207 1853 op
1254 1786 1469 1846 sijn
1517 1771 1994 1830 vertoogh,
2045 1761 2257 1814 ende
2305 1735 2941 1803 Bequaemheijt

843 1931 1061 1989 mits
1110 1912 1598 1976 experatie
1651 1900 1974 1955 sijnes
2027 1890 2457 1942 verbandt
2509 1882 2726 1935 ende
2778 1879 2833 1925 t

2168 1977 2281 2026 w

814 2055 1495 2136 Genegentheijt
1544 2050 1652 2098 d'
1696 2043 1808 2095 E.
1859 2030 2121 2086 Comp.
2173 2030 2226 2076 e
2278 2027 2487 2075 noch
2537 2008 2853 2071 langer

839 2215 940 2265 jn
990 2204 1244 2258 jndia
1291 2194 1396 2246 te
1444 2184 1750 2237 dienen
1800 2178 1953 2229 Bij
2003 2166 2257 2222 desen
2305 2160 2408 2208 d'
2456 2152 2661 2203 novo
2709 2144 2915 2197 voor

841 2346 1088 2404 drije
1131 2328 1431 2387 achter
1478 2320 1627 2371 een
1673 2302 2071 2364 volgende
2118 2286 2414 2344 jaeren
2460 2277 2562 2329 in
2609 2268 2957 2320 deselve

842 2475 1377 2542 qualiteijt
1427 2463 1591 2519 van
1640 2447 2019 2504 soldaet
2064 2425 2662 2494 aengenomen,
2709 2411 2928 2474 ende

844 2638 1003 2692 een
1052 2607 1578 2679 belooningh
1628 2595 1787 2649 van
1833 2587 1996 2639 elt
2046 2573 2414 2630 guldens
2464 2565 2623 2615 ter
2675 2556 2991 2608 maendt

871 2752 1438 2822 toegeleijt
1493 2725 2062 2795 innegaende
2111 2698 2912 2767 d'verbeteringe

848 2909 1008 2968 van
1058 2894 1370 2952 gagie,
1420 2883 1630 2939 ende
1681 2877 1785 2925 't
1832 2865 2148 2921 nieuwe
2177 2844 2613 2908 verbandt
2663 2839 2875 2889 dato

863 3032 1053 3086 als
1113 3010 1497 3073 vooren

969 3138 1199 3201 ane

1010 3235 1368 3293 Gillis
1425 3231 1666 3280 dwit
1725 3226 1904 3276 van
1963 3216 2380 3270 Haerlem
2438 3210 2559 3262 in
2616 3205 2919 3255 jndia

857 3356 1244 3416 gecomen
1294 3346 1408 3398 Ao
1460 3334 1737 3388 1643:
1790 3328 1956 3378 met
2010 3326 2340 3375 tschip
2393 3327 2558 3375 den
2612 3315 2942 3372 arendt

836 3488 1060 3541 voor
1114 3460 1723 3529 Bosschieter
1773 3455 1833 3502 a
1887 3454 2054 3503 si,
2107 3447 2331 3499 wert
2371 3441 2497 3490 op
2549 3428 2773 3482 sijn

839 3608 1283 3680 vertoogh
1324 3592 1557 3650 ende
1611 3562 2328 3637 genegentheijt
2382 3561 2493 3608 d'
2545 3560 2606 3609 E
2652 3532 2929 3585 Compe

2890 3639 2992 3696 ne

854 3755 1051 3808 noch
1097 3741 1393 3797 langer
1441 3732 1539 3784 jn
1587 3720 1832 3774 jndia
1877 3713 1978 3763 te
2025 3702 2369 3757 dienen,
2416 3696 2614 3745 mits
2661 3696 3005 3747 experat

853 3885 1143 3943 sijnes
1185 3867 1573 3929 verbandt
1619 3858 1764 3910 Bij
1808 3843 2050 3898 desen
2097 3841 2193 3887 d'
2241 3835 2433 3886 novo
2480 3828 2671 3878 voor
2718 3818 2958 3872 drije

839 4011 1107 4072 achter
1151 4005 1285 4055 een
1328 3985 1684 4049 volgende
1721 3971 1995 4028 jaeren
2036 3960 2216 4013 inde
2258 3948 2482 4003 selve
2525 3930 2971 3992 qualiteijt

850 4152 1018 4207 van
1068 4111 1676 4191 Bosschieter
1729 4081 2336 4154 aengenomen,
2387 4069 2611 4125 ende
2664 4057 2832 4111 een

839 4260 1412 4337 Belooningh
1466 4244 1639 4299 van
1694 4211 2209 4287 veerthien
2262 4185 2664 4253 guldens
2718 4179 2892 4228 Ter

2354 4378 2857 4463 Maendt

90 3958 156 4003 en
