3567 4883
2874 567 3047 617 rie

1188 697 1281 744 D'
1326 698 1654 746 verdere
1699 689 2212 742 uijsettinge
2259 690 2399 737 van
2445 692 2539 738 d'
2585 686 2725 738 Ed:
2765 676 2911 728 H„r
2957 674 3284 733 maijors
3327 691 3471 753 tot

1301 826 1958 884 versterckinge
2008 824 2160 871 van
2210 819 2513 869 haeren
2563 812 2816 866 staet
2863 802 2967 853 jn
3013 794 3321 845 jndia,

1271 966 1372 1018 d'
1409 951 1814 1008 Behouden
1861 946 2354 996 overcomste
2403 945 2649 992 vande
2696 939 2993 989 retour
3040 932 3336 985 vloodt

1284 1079 1495 1130 onder
1535 1072 1868 1123 tcomando
1910 1073 2034 1119 van
2075 1072 2159 1117 d'
2200 1073 2285 1122 E.
2315 1073 2449 1123 h„r
2490 1064 2823 1116 anthonio
2860 1059 3072 1108 Caan,
3112 1056 3403 1104 mitsgad

1289 1217 1376 1268 't
1418 1205 1754 1262 vertreck
1793 1195 1922 1248 der
1962 1186 2174 1238 negen
2215 1182 2509 1229 schepen
2551 1180 2720 1227 mede
2761 1177 2887 1224 soo
2928 1168 3391 1221 importanten

1289 1331 1688 1395 cargasoen
1731 1324 1952 1375 onder
1995 1319 2084 1366 't
2122 1313 2479 1363 commando
2519 1304 2743 1357 vande
2787 1301 2876 1349 E.
2919 1293 3405 1344 macxmiliaen

1280 1471 1371 1520 le
1415 1462 1731 1516 maijre,
1768 1458 1866 1506 is
1909 1451 2046 1501 mij
2090 1449 2226 1495 van
2264 1439 2541 1494 hersen
2585 1429 2811 1482 lieff
2855 1419 3171 1472 geweest
3212 1415 3310 1463 te

1287 1602 1666 1661 verstaen,
1706 1595 1835 1647 den
1876 1580 2256 1638 oppersten
2297 1568 2593 1624 piloods
2635 1554 2973 1612 geleijde
3014 1556 3269 1604 Voorts
3307 1558 3399 1606 de

1288 1737 1610 1798 comende
1655 1733 1838 1781 ende
1874 1721 2156 1777 gaende
2202 1717 2521 1768 schepen
2566 1695 3113 1762 voorspoedigh
3158 1690 3299 1739 ter

1288 1855 1857 1925 gedestineerde
1900 1850 2293 1899 plaetsen,
2337 1846 2512 1895 naer
2555 1846 2643 1891 d'
2686 1813 3341 1890 geprescribeerde

1270 2009 1491 2064 ordre
1533 1998 1751 2053 vande
1793 1996 1969 2044 h„rn
2011 1980 2535 2042 seventhienen
2575 1973 2708 2029 Bij
2750 1961 2925 2014 haer
2966 1954 3098 2004 Ed„
3140 1947 3404 1998 missiv

1278 2146 1420 2198 ons
1461 2137 1558 2188 jn
1602 2128 1836 2181 copie
1881 2099 2625 2172 gecommuniceerde,
2670 2094 2950 2144 sullen
2993 2087 3135 2137 ons
3181 2083 3367 2130 voor

1283 2277 1411 2329 soo
1450 2266 1618 2319 veel
1659 2262 1742 2310 d'
1782 2251 2116 2305 directie
2155 2245 2281 2294 van
2322 2243 2489 2290 hier
2530 2231 2904 2288 Belanght,
2943 2225 3070 2275 ten
3108 2222 3364 2270 besten

1288 2405 1527 2459 vande
1574 2386 2004 2447 generaele
2051 2384 2338 2433 comp„e
2378 2372 2861 2430 reguleren,
2905 2365 3339 2416 Blijvende

1282 2545 1424 2600 aen
1470 2542 1656 2590 ued,
1700 2532 1888 2586 voor
1933 2525 2074 2575 soo
2119 2516 2491 2569 liberale
2536 2499 3094 2558 communicatie
3140 2493 3326 2543 medt

1276 2655 1965 2731 danckbaerheijt
2014 2651 2162 2700 opt
2205 2640 2603 2698 hooghste
2651 2619 3289 2684 verschuldicht

1274 2924 1495 2982 ued„
1547 2894 2309 2964 Considiratien,
2363 2887 2581 2939 ende
2633 2874 3071 2930 macximen
3110 2856 3287 2917 tot

1276 3036 1809 3098 conservatien
1853 3028 1987 3079 van
2029 3016 2341 3071 scomp„s
2385 3011 2741 3060 handell,
2785 2997 3184 3052 prevensie
3229 2995 3363 3043 van

1279 3170 1554 3234 nieuwe
1597 3152 2051 3212 alteratien
2095 3144 2278 3195 ende
2322 3137 2730 3187 onlusten,
2766 3116 3363 3185 onderhoudinge

1278 3306 1415 3360 van
1458 3277 2040 3348 Neutraliteijt
2081 3268 2174 3320 jn
2217 3259 2397 3310 dees
2442 3254 2891 3304 jnlantsche
2934 3246 3388 3301 onseeckere

1270 3439 1675 3499 oorlogen,
1719 3415 2214 3483 midtsgaders
2254 3407 2393 3458 tot
2434 3383 2976 3450 invorderingh
3019 3376 3156 3428 van
3199 3367 3388 3419 alle

1249 3572 1631 3650 schaeden,
1671 3553 2050 3617 jntresten
2090 3548 2133 3595 @
2174 3545 2259 3591 d'
2299 3542 2343 3588 E
2381 3525 2635 3585 Comp„e
2674 3519 2845 3570 door
2885 3515 3012 3563 den
3052 3498 3389 3558 vervrend

1268 3703 1657 3764 Chinanna
1702 3680 2337 3747 veroorsaeckt,
2384 3659 2773 3722 Bevinden
2822 3633 3356 3704 rechtmasieh

1270 3837 1450 3889 ende
1492 3828 1628 3880 met
1671 3819 1851 3872 onse
1893 3807 2252 3862 jnsentie
2293 3800 2430 3852 ten
2473 3784 2965 3844 principaele
3007 3784 3187 3832 over
3232 3783 3367 3830 een

1281 3968 1365 4017 te
1405 3956 1652 4011 comen,
1693 3944 1940 4001 sijnde
1979 3937 2145 3987 rede
2186 3928 2474 3981 desfelt
2515 3922 2680 3972 daer
2720 3921 2804 3967 op
2843 3915 2968 3963 ten
3009 3898 3379 3958 merendeel

1269 4088 1666 4156 gevolcht,
1708 4074 1928 4131 sulcx
1972 4072 2192 4119 leede
2231 4064 2367 4118 Bij
2408 4051 2630 4107 mijne
2673 4037 2981 4095 voorige
3024 4033 3379 4083 advijsen

1267 4216 1851 4289 aengecundigt,
1895 4210 2075 4261 mits
2118 4203 2298 4254 dien
2342 4198 2521 4247 daer
2565 4193 2700 4242 van
2740 4183 2834 4236 in
2876 4168 3101 4226 desen
3143 4162 3335 4212 Caes

1265 4367 1709 4431 superseue)
1752 4364 1929 4411 geen
1971 4353 2194 4407 nader
2237 4341 2547 4396 verhael
2590 4334 2768 4386 sall
2810 4330 3033 4378 doen,
3076 4327 3391 4376 moetend

3094 4528 3337 4584 nn
