3587 4937
1265 307 1607 358 Februarij
1641 311 1757 359 a:o
1795 310 1948 360 1646

1297 464 1532 512 compste
1565 463 1632 509 te
1664 461 2032 508 bewelcommen
2065 462 2199 509 ende
2232 463 2332 509 int
2366 463 2566 508 nieuwe
2599 462 2734 509 Jaer
2766 464 2900 512 veel
2933 467 3135 518 gelucx
3167 475 3268 521 toe
3300 477 3367 523 te

1295 589 1536 636 wenschen
1565 588 1776 635 Tetg:a,
1804 588 1957 635 sulcx
1987 586 2318 634 daergekomen
2348 586 2528 633 sijnde
2558 586 2649 633 van
2678 587 2950 635 denselven
2979 591 3376 645 danckbaerlijk

1258 722 1380 773 ende
1408 714 1677 766 aengenaem
1706 711 2063 759 g'accepteert
2093 711 2271 757 wierd,
2301 712 2510 760 wesende
2538 716 2866 766 sonderlinge
2894 720 2984 766 wel
3014 721 3224 768 gemoet,
3251 725 3378 780 ende

1295 858 1592 910 aritacheer;
1619 854 1834 903 verblijt
1860 852 1969 899 over
1995 849 2103 896 onse
2129 848 2158 893 s
2183 850 2507 897 besjraetinge
2533 850 2641 896 ende
2667 850 2883 899 alsoover
2909 854 3099 904 soghten
3125 860 3206 905 met
3232 861 3370 913 langh

1286 987 1344 1037 te
1371 984 1536 1032 sitten
1563 983 1618 1029 op
1644 980 1756 1028 onse
1782 977 2057 1024 occupatien
2084 978 2142 1024 te
2166 981 2304 1028 huijs
2332 981 2524 1028 gaffons
2551 977 2771 1026 datelijk
2798 977 3047 1024 minnelijk
3072 981 3349 1030 affscheijt

1269 1108 1445 1156 nevens
1473 1103 1767 1153 vereeringe
1796 1102 1885 1148 van
1913 1100 2089 1146 pertye
2119 1101 2441 1149 ossenvlees,
2470 1102 2647 1149 arracq
2675 1104 2734 1149 en
2763 1103 2969 1149 appelen
2998 1104 3088 1151 van
3114 1108 3354 1165 orangien

1263 1233 1542 1290 Jnvougen
1575 1229 1680 1277 nae
1714 1225 2024 1273 andermael
2059 1225 2266 1272 gedane
2300 1225 2645 1271 reverentie
2679 1225 2852 1273 weder
2883 1226 3230 1277 vertrocken
3264 1231 3301 1278 —

1291 1356 1536 1405 sendende
1566 1355 1659 1401 met
1689 1355 1842 1401 eenen
1873 1355 1996 1401 oocg
2026 1354 2119 1400 den
2149 1355 2302 1403 Tolcq
2332 1355 2486 1402 nae's
2516 1354 2732 1403 Princen
2760 1357 2885 1404 ofte
2914 1360 3100 1407 Jongen
3128 1364 3374 1411 Coninghs

1260 1485 1388 1542 Hogh
1417 1477 1663 1529 teneynde
1692 1476 1756 1522 te
1785 1475 2062 1522 vernemen,
2092 1475 2185 1522 off
2215 1478 2307 1524 syn
2337 1476 2521 1524 altese
2552 1475 2674 1521 mede
2705 1473 2920 1520 gelegen
2949 1472 3073 1519 noch
3103 1475 3165 1521 te
3194 1477 3352 1530 komen

1286 1599 1372 1646 dat
1401 1599 1487 1646 hem
1515 1598 1601 1644 jns
1630 1597 1831 1645 gelijck
1859 1594 2033 1641 quamen
2059 1596 2318 1645 begroeten
2347 1600 2490 1647 alsoo
2519 1599 2835 1647 gaerneheden
2862 1600 2950 1646 een
2977 1597 3150 1646 eijnde
3178 1596 3264 1642 van
3292 1596 3379 1643 die

1295 1723 1459 1772 saken
1492 1720 1887 1768 makenwilden,
1919 1722 2151 1769 weynigh
2183 1721 2380 1769 thuijs
2413 1719 2643 1766 geweest
2672 1716 2906 1764 sijnde,
2939 1714 3103 1761 compt
3135 1712 3405 1760 voornoem

1298 1846 1454 1895 tolcq
1486 1845 1610 1891 mede
1640 1841 1921 1889 terlogie,
1952 1840 2046 1886 met
2075 1838 2326 1885 bescheyt
2357 1834 2699 1885 opstondtwel
2729 1830 3072 1879 verschijnen
3102 1825 3321 1874 mochten

1281 1966 1438 2018 sulcx
1467 1962 1712 2012 derwards
1743 1962 1927 2008 gingen
1957 1962 2049 2008 met
2080 1961 2172 2008 een
2202 1958 2478 2004 matel„jke
2508 1956 2845 2004 vereeringe,
2876 1955 2968 2002 die
2998 1952 3121 2000 sijn
3146 1928 3334 1997 Ex=tie

1267 2084 1505 2135 nagedane
1534 2084 1892 2133 Eerbiedigh:t
1920 2086 2041 2134 ende
2069 2081 2248 2130 groete
2277 2080 2368 2126 als
2396 2070 2873 2124 geluckwenschinge
2902 2067 3022 2115 in't
3050 2063 3230 2111 nieuwe
3259 2063 3380 2109 Jaer

1248 2200 1668 2257 presenterende
1699 2201 1827 2248 den:
1859 2198 2051 2247 welcke
2083 2196 2308 2243 deselve
2339 2194 2436 2240 met
2467 2190 2596 2239 mine
2628 2189 2724 2236 van
2756 2187 2948 2234 groote
2978 2180 3374 2231 danckbaerh=t

1282 2321 1708 2371 accepteerden
1743 2321 1850 2367 met
1885 2312 2276 2365 Jnsgelijcke
2310 2309 2879 2359 geluckwenschinge
2914 2307 3021 2355 als
3056 2306 3306 2357 wanneer

1292 2452 1358 2499 op
1388 2455 1484 2500 ons
1515 2452 1774 2500 versoeck
1805 2450 2062 2496 medecort
2093 2450 2223 2496 ende
2254 2451 2447 2498 vrunde
2479 2454 2800 2500 affscheijt
2831 2451 3120 2498 bequamen,
3152 2448 3379 2496 nevens—

1253 2575 1563 2623 vereeringe
1594 2577 1687 2625 van
1717 2580 1748 2625 8
1778 2578 1965 2625 corven
1995 2575 2150 2622 trijs
2180 2574 2212 2619 2
2242 2572 2336 2618 d:o
2366 2571 2583 2618 appelen
2613 2573 2644 2618 2
2675 2569 3046 2618 pottenarracq
3077 2570 3108 2615 2
3139 2567 3387 2615 verckens

1258 2706 1392 2756 ende
1422 2701 1459 2749 2
1490 2695 1857 2745 koebeesten,
1888 2691 2156 2740 waermede
2189 2691 2256 2737 na
2288 2690 2554 2738 noghmael
2586 2690 2921 2739 betoonende
2953 2694 3386 2745 Eerbiedigheyt

1269 2822 1599 2876 vertrocken
1632 2822 1764 2867 ende
1795 2819 1896 2867 tot
1927 2816 2027 2863 den
2059 2814 2323 2860 Japander
2355 2814 2751 2860 Risemondonne
2784 2814 3113 2861 pengingen:
3145 2816 3277 2862 omme
3310 2816 3382 2862 te

1232 2953 1512 3004 vernemen
1546 2950 1652 2998 aff
1686 2946 2001 2995 gelenth:t
2035 2943 2630 2993 condenaentreffen,
2665 2946 2770 2992 den
2805 2946 3015 2994 Capado
3048 2947 3296 2995 ongaton

1272 3072 1569 3125 Jnsgelijx
1602 3069 1700 3116 met
1732 3067 1896 3113 eenen
1928 3066 2158 3112 vandage
2189 3065 2255 3112 te
2288 3065 2745 3118 congratuleren,
2778 3072 2909 3118 maer
2941 3073 3039 3120 was
3072 3074 3368 3132 denselven

1255 3210 1322 3256 te
1351 3202 1486 3252 hove
1518 3196 1684 3245 sulcx
1716 3195 1816 3241 dat
1848 3193 1914 3239 na
1947 3191 2178 3238 bleeff,
2211 3191 2641 3245 ondertusschen
2673 3200 2904 3248 wierden
2937 3203 3369 3253 gewaerschouwt

1270 3323 1372 3372 den
1406 3319 1710 3368 mandorijn
1743 3318 1980 3365 ongasoe
2014 3314 2285 3363 terlogie
2318 3314 2454 3360 was,
2487 3315 2589 3364 des
2622 3320 2724 3367 ons
2757 3322 3029 3373 derwarts
3061 3330 3400 3384 vervulhden

1284 3443 1420 3491 daer
1454 3443 1590 3488 bbij
1623 3442 1928 3489 denselven
1960 3443 2030 3489 na
2062 3443 2334 3490 vermogen
2367 3444 2706 3499 onthaelden
2739 3452 3247 3510 tot'snamiddaghs
3280 3466 3382 3513 dat

1237 3576 1365 3627 wel
1404 3573 1747 3627 verweght
1788 3570 2212 3616 thuiswarts
2255 3569 2559 3617 gingh/.

1140 3702 1423 3750 hedenis
1463 3702 1584 3748 een
1621 3700 1906 3747 matroos
1946 3701 2148 3747 vande
2187 3703 2389 3752 Fluyt
2427 3708 2994 3762 Hillegersbergh
3032 3719 3399 3768 Overleden

1285 3821 1615 3870 genaempt
1655 3824 1902 3870 mauris
1943 3821 2149 3870 Jansz
2189 3818 2313 3866 van
2353 3817 2646 3864 vuijren

2752 4009 2886 4058 13:
2930 4013 3073 4065 d„o
