3730 4876
2836 231 2983 282 710

561 239 890 307 decembr:
930 233 1054 282 ao.
1092 226 1263 278 1645

984 384 1147 439 silver
1173 382 1280 428 ende
1307 382 1387 428 den
1413 383 1547 429 wavel
1573 383 1760 430 senden,
1787 384 1893 430 ende
1920 384 2001 430 wes
2027 386 2134 434 meer
2160 389 2241 437 van
2266 393 2482 449 Sarassen
2506 405 2748 457 moerissen
2772 413 2880 460 ende
2905 415 3067 470 akenen

974 504 1082 554 nogh
1107 497 1399 548 onderhebben
1425 498 1636 549 moghten,
1663 504 1927 553 passerende
1953 507 2085 553 alsoo
2112 508 2192 554 den
2217 510 2324 556 tijt
2349 512 2536 562 wijders
2561 518 2640 565 met
2667 520 2772 566 over
2798 521 2852 568 en
2878 521 3046 569 weders

969 620 1130 672 gaende
1154 614 1475 663 vrundelijcke
1501 615 1767 667 contingen,
1792 623 1898 670 daer
1925 624 2004 669 ons
2031 624 2138 671 seer
2163 627 2349 674 gaerene
2375 628 2482 676 mede
2507 632 2561 678 te
2587 633 2747 683 vreden
2772 639 2960 686 hielden

967 746 1073 797 door
1096 747 1202 795 dien
1228 746 1411 792 mercten
1437 744 1515 791 van
1541 743 1645 789 niet
1671 743 1776 788 meer
1802 742 1880 788 als
1906 742 1958 787 25
1984 742 2142 791 kisten
2166 747 2272 795 gelt
2297 751 2350 797 te
2375 752 2611 803 scheijden
2636 758 2714 804 had
2740 759 2846 808 den,
2870 764 3085 818 Jnvougen

969 872 1057 918 des
1086 871 1261 918 avonts
1288 868 1494 916 doncker
1523 868 1757 913 werdende
1786 867 1873 913 met
1902 866 2166 914 minnel.jk
2193 870 2457 921 afscheijt
2484 877 2602 924 ende
2630 879 2922 926 vereeringe
2951 879 3040 927 van

946 1005 1125 1054 partie
1154 1003 1424 1050 Cassiens,
1453 998 1871 1048 arracqverckens
1901 997 2021 1042 ende
2050 997 2381 1046 ossenvlees,
2408 1003 2887 1058 terlogiekeerden,
2915 1013 3038 1063 daer

976 1139 1081 1186 den
1115 1135 1396 1183 Schipper
1431 1134 1712 1181 Reijnont
1746 1128 2237 1178 Engelbrechtsz,
2271 1132 2481 1179 wonden
2516 1133 2623 1180 met
2654 1135 2904 1187 Rapport
2935 1140 3043 1190 ver

965 1270 1028 1317 de
1058 1265 1249 1315 Fluijt
1280 1258 1564 1310 Hillegers
1594 1259 1753 1305 bergh
1783 1255 1942 1304 byden
1973 1255 2100 1302 Heer
2130 1255 2257 1302 voor
2287 1252 2416 1300 dese
2445 1254 2603 1300 Stadt
2634 1253 2761 1299 mede
2792 1253 2888 1302 was
2918 1258 3015 1307 ten

983 1385 1221 1432 ancker
1259 1382 1539 1430 gekomen

635 1535 778 1589 adij
812 1527 951 1578 28:e
985 1518 1090 1571 d:o
1123 1511 1402 1562 Smorgens
1437 1510 1854 1557 evenontbesen
1888 1505 2166 1555 hebbende
2201 1505 2374 1551 compt
2409 1506 2514 1553 den
2548 1507 2861 1555 Capiteijn
2895 1509 3071 1559 ongh

954 1629 1100 1679 waij
1127 1628 1186 1674 uy
1213 1627 1243 1673 t
1271 1625 1386 1672 sijn
1414 1624 1529 1670 mrs
1557 1622 1672 1668 naem
1700 1622 1787 1669 ons
1815 1623 2015 1669 presten
2043 1622 2101 1667 na
2129 1622 2272 1668 boort
2301 1623 2359 1669 te
2386 1625 2530 1672 gaen:
2558 1627 2673 1674 omme
2700 1627 2758 1673 't
2787 1625 2901 1672 gelt
2929 1619 3045 1670 ende

950 1755 1145 1808 solpher
1170 1748 1392 1800 daeruijt
1419 1748 1474 1793 te
1501 1747 1666 1793 halen.
1693 1748 1803 1796 daer
1829 1751 1912 1797 ons
1940 1751 2050 1797 (soo
2077 1751 2132 1796 't
2159 1749 2406 1796 behoorde)
2433 1745 2846 1793 toegereetlieten
2872 1746 3038 1793 vinden

950 1879 1043 1934 ene
1071 1874 1339 1921 denselven
1369 1874 1429 1920 de
1457 1876 1517 1922 25
1546 1877 1725 1924 kisten
1754 1880 1932 1929 nevens
1962 1883 2051 1928 den
2080 1883 2258 1929 swavel
2287 1881 2674 1928 intregeerden,
2702 1878 2881 1927 doende
2910 1873 3079 1923 onder

964 1997 1181 2046 tusschen
1206 1995 1316 2041 mede
1343 1995 1506 2040 scherp
1533 1995 1805 2044 ondersoecg
1831 1999 1967 2047 offer
1994 2002 2103 2048 oorg
2129 2003 2292 2050 eenige
2319 2004 2509 2050 lakens,
2536 2003 2753 2049 Sarassen
2779 2000 2916 2048 Chits
2941 1996 3051 2044 ofte

961 2119 1203 2172 moerissen
1230 2118 1337 2164 meer
1363 2118 1496 2163 wesen
1522 2117 1737 2164 mochten,
1762 2120 1843 2167 die
1869 2121 1949 2167 hem
1976 2122 2189 2170 leijden,
2215 2124 2349 2170 alles
2374 2123 2694 2169 overgelevert
2721 2124 2881 2171 hadden
2907 2126 3015 2172 ende

977 2244 1220 2292 Coningh
1252 2241 1393 2288 ende
1427 2238 1636 2288 Prince
1669 2239 1809 2285 ende
1843 2242 2085 2288 wesmeer
2119 2242 2432 2293 bedencken
2466 2249 2674 2296 costen
2707 2251 2778 2298 om
2812 2252 2916 2299 hem
2948 2246 3021 2297 te

982 2368 1336 2416 contenteren,
1365 2370 1454 2416 tot
1483 2367 1661 2414 Jegens
1690 2367 1778 2413 den
1807 2368 1985 2419 avond,
2014 2374 2103 2419 dat
2132 2373 2221 2419 met
2250 2373 2339 2419 den
2368 2372 2840 2418 solpher(gewoogen
2869 2368 3056 2417 sinde)

972 2502 1028 2550 te
1054 2501 1190 2546 hooff
1216 2497 1460 2545 vertrock,
1487 2497 1595 2542 ende
1621 2496 1811 2542 wyjl:jk
1838 2496 1893 2543 na
1918 2499 2108 2546 Comp:se
2135 2501 2271 2549 logie
2296 2505 2486 2553 latende
2513 2508 2594 2553 den
2620 2507 2783 2552 Capado
2810 2507 3058 2563 Ongadingh

977 2624 1091 2671 niet
1117 2628 1370 2678 affgroote
1397 2633 1650 2679 persiatie
1678 2633 1847 2679 tedoen
1874 2635 1958 2680 tot
1986 2635 2014 2680 2
2042 2635 2211 2682 kisten
2238 2636 2351 2682 gelt
2378 2635 2435 2681 op
2463 2630 2744 2680 leverantie
2770 2628 2856 2674 van
2884 2628 3053 2675 sijde,

971 2743 1080 2792 voor
1106 2748 1376 2803 hemselven,
1401 2759 1481 2806 dat
1508 2761 1589 2807 met
1615 2763 1723 2808 alle
1750 2763 2018 2809 beleefthn.
2044 2764 2073 2810 t
2097 2765 2394 2812 affsloegen:
2419 2762 2501 2810 end
2526 2758 2635 2806 omme
2662 2758 2796 2804 sulcx
2822 2754 2985 2803 voorte

972 2880 1125 2927 komen
1153 2882 1424 2933 hemeend:e
1453 2887 1574 2933 ende
1604 2888 1905 2938 watmeerder
1934 2892 2024 2938 tot
2054 2890 2354 2937 vereeringe
2384 2888 2685 2935 toestonden
2714 2877 3015 2932 daerscheen

983 3001 1312 3050 eenighsints
1341 3005 1401 3050 na
1431 3005 1643 3052 tehoren

646 3139 784 3187 adij
817 3137 956 3187 29:e
989 3138 1092 3184 d:o
1126 3138 1538 3190 voormiddaghs
1572 3145 1710 3192 gaef
1743 3148 1846 3195 den
1880 3150 2326 3202 Opper-Coopman
2360 3153 2600 3201 Antonio
2635 3153 2738 3199 van
2770 3139 3080 3199 Broeckh=t

976 3255 1036 3302 op
1065 3255 1124 3300 d'
1153 3255 1446 3300 onbiedingh
1476 3255 1652 3303 vandes
1681 3258 1858 3306 Jongen
1886 3261 2121 3308 Coninghs
2150 3263 2356 3309 grooten
2385 3264 2561 3310 Capado
2590 3265 2649 3310 te
2678 3257 3061 3310 hoorewaerts,

974 3368 1275 3415 begroetende
1302 3370 1413 3416 sijn
1438 3372 1602 3418 altese
1630 3372 1712 3418 met
1739 3373 1821 3419 een
1848 3373 2149 3420 schenckagie
2176 3375 2258 3422 van
2285 3377 2531 3426 desselffs
2559 3377 2886 3426 particulier,
2914 3377 3024 3423 nae,

965 3482 1054 3530 dat
1082 3486 1317 3537 alvooren
1345 3491 1433 3538 d:o
1462 3490 1638 3536 Capado
1667 3490 1755 3535 met
1784 3490 2018 3541 weijnigh
2048 3496 2341 3543 vereeringe
2370 3496 2516 3541 hadde
2545 3484 2986 3541 gecongratuleert

977 3608 1143 3656 overt
1174 3611 1370 3659 welcke
1401 3611 1501 3657 bij
1533 3609 1730 3657 sonder
1762 3612 2187 3663 danckbaerwas,
2220 3618 2547 3666 principael
2579 3619 2710 3665 sijn
2743 3620 3072 3671 Exelentie.

963 3725 1142 3774 doende
1171 3727 1260 3776 ons
1288 3732 1377 3777 als
1405 3733 1523 3779 voor
1551 3733 1698 3778 desen
1728 3733 2109 3784 seerminnelijk
2138 3739 2372 3789 onthalen
2401 3743 2489 3788 met
2519 3741 2900 3790 eetendrincken
2928 3743 3046 3790 ende

939 3831 1261 3897 vrundeli.jk
1289 3853 1611 3902 discoirsen,
1639 3855 1757 3901 daer
1786 3855 1903 3902 naer
1932 3857 2021 3904 ver
2048 3860 2195 3909 Eysch
2223 3865 2312 3911 van
2340 3867 2486 3914 saken
2516 3869 2574 3914 op
2603 3869 2925 3916 antwoorden,
2952 3862 3041 3914 nae

2692 4013 2939 4067 een

197 1409 269 1457 met

0 1532 268 1579 daer

0 1650 268 1701 eertwas

0 1785 270 1837 beneden

0 1911 262 1961 tereerten

173 2173 239 2220 op

0 2476 42 2521 r

143 2475 255 2521 o
