3505 4869
881 617 1268 666 toevlucht
1310 621 1439 668 tot
1482 623 1611 668 uwe
1653 623 2339 679 doorluchticheijt
2382 634 2640 684 willen
2682 638 2901 685 nemen

856 725 988 783 met
1028 716 1450 768 ootmoedich
1491 716 1870 763 versouck,
1912 718 2038 765 dat
2080 720 2207 768 uwe
2247 724 2923 775 doorluchticheijt

863 832 983 879 dit
1022 826 1223 876 forts
1263 824 1464 870 feijt
1504 825 1624 870 aen
1663 822 2224 870 hooghgedachten
2264 823 2425 869 heer
2464 824 2665 871 vader
2705 821 2986 872 gelieve

874 935 1104 988 bekent
1141 932 1522 980 t'maecken,
1558 932 1711 980 Ende
1748 930 1901 977 door
1939 931 2052 976 uwe
2090 927 2736 978 doorluchticheijts
2773 924 3005 973 Inter¬

845 1042 1118 1098 „cessie
1155 1039 1426 1087 ontrent
1464 1037 1657 1084 sijne
1696 1035 1889 1082 mag„t
1926 1034 2043 1082 soo
2080 1032 2235 1078 veel
2274 1031 2352 1077 te
2389 1033 2582 1079 weegh
2621 1033 2698 1079 te
2736 1030 3010 1078 brengen

862 1157 984 1206 dat
1021 1148 1306 1201 gemelte
1346 1143 1749 1193 gevluchten
1789 1142 2191 1189 chirurgijn
2231 1140 2433 1187 weder
2473 1140 2555 1186 in
2593 1141 2755 1187 onse
2795 1138 3037 1187 handen

859 1265 1123 1318 gestelt
1160 1261 1311 1309 ende
1348 1260 1462 1305 wij
1499 1260 1612 1306 van
1650 1260 2101 1307 diergelijcke
2136 1259 2514 1306 proceduren
2552 1260 2628 1306 In
2664 1259 3041 1307 toecomende

876 1374 1394 1427 ongemolesteert
1430 1374 1614 1420 mogen
1647 1372 1945 1420 blijven,
1981 1374 2056 1420 op
2090 1373 2202 1420 dat
2237 1368 2423 1418 alsoo
2459 1365 2607 1412 uijt
2643 1365 2791 1410 dese
2826 1363 3050 1410 voncke

849 1490 1004 1540 geen
1040 1487 1313 1533 grooter
1351 1486 1506 1533 vier
1544 1485 1661 1531 van
1699 1482 2009 1530 ongunste
2046 1480 2125 1526 en
2161 1477 2318 1525 come
2356 1474 2434 1521 te
2472 1472 2938 1519 ontsteecken,
2974 1476 3055 1524 se

878 1598 1027 1647 ende
1063 1594 1510 1643 dienvolgende
1547 1594 1622 1640 de
1658 1594 1993 1641 alliantie
2029 1591 2104 1638 (:
2141 1590 2254 1636 die
2289 1590 2402 1637 soo
2438 1588 2625 1634 lange
2660 1585 2885 1633 Jaeren
2922 1583 3046 1630 met

854 1713 981 1767 uwe
1021 1710 1721 1758 doorluchticheijts
1762 1708 1928 1755 heer
1968 1706 2174 1753 vader
2216 1700 2669 1751 onderhouden
2709 1692 3042 1744 hebben:)

876 1828 1208 1881 Ingeenen
1249 1826 1498 1873 deelen
1539 1820 2119 1871 gecorrumpeert,
2159 1816 2326 1864 ofte
2363 1811 2822 1860 verbroocken
2863 1809 2948 1857 en

843 1951 1126 2003 werden,
1164 1941 1489 1996 hiermede
1529 1940 1691 1986 doen
1728 1939 1852 1985 wij
1892 1939 2055 1985 onse
2094 1938 2579 1987 behoorlijcke
2619 1935 3023 1984 reverentie

892 2065 1045 2113 voor
1084 2063 1199 2110 uwe
1237 2057 1890 2107 doorluchticheijt,
1927 2054 2082 2101 ende
2118 2053 2428 2100 wenschen
2465 2052 2734 2100 deselve
2772 2051 2888 2098 toe
2926 2053 3041 2101 een

875 2174 1120 2225 geluck
1160 2173 1324 2219 en:e
1364 2171 1854 2219 voorspoedich
1894 2172 2098 2219 langh
2138 2171 2384 2219 leven,
2424 2169 2547 2215 tot
2588 2165 2915 2216 welstant

883 2298 1041 2344 van
1093 2293 1357 2341 haren
1406 2287 1777 2340 staet..

340 2428 860 2492 Geschreven
912 2447 1017 2494 In
1067 2449 1537 2498 Couratten
1585 2455 1745 2500 den
1796 2456 2057 2505 29„en
2108 2460 2318 2507 dach
2369 2464 2526 2511 van
2575 2466 2681 2513 de
2730 2469 3008 2517 maent

417 2551 735 2604 Januarij
773 2553 892 2601 Int
930 2557 1128 2605 1646:
1166 2561 1324 2608 Jaer
1363 2561 1521 2607 naer
1559 2560 1953 2607 d'geboorte
1992 2562 2189 2610 onses
2227 2564 2465 2613 Heeren
2503 2569 2662 2617 Jesu
2698 2567 3014 2619 Christj:

2717 550 2937 612 1026

292 2805 481 2859 Een
544 2805 1427 2853 hackijcketchan
1485 2810 1872 2863 dijsan

305 2903 443 2955 van
489 2909 583 2955 de
623 2910 1040 2959 Princesse
1085 2915 1316 2960 saheb
1361 2915 1637 2961 Beegem
1680 2914 1869 2962 uijt

313 3010 397 3056 d'
439 3008 608 3055 naem
648 3007 776 3055 van
818 3010 903 3056 d'
943 3011 1029 3057 E:
1070 3011 1239 3057 heer
1280 3010 1661 3057 directeur
1700 3012 1913 3059 Arent

284 3115 643 3164 Barensz
693 3111 1206 3162 geschreven

756 3439 890 3494 Den
934 3445 1204 3495 Brieff
1245 3450 1337 3497 (:
1380 3451 1515 3497 die
1559 3452 1693 3499 uwe
1737 3454 2005 3500 Extie.
2045 3456 2406 3505 benevens
2449 3461 2539 3507 't
2583 3462 2986 3509 mandament

876 3558 1006 3605 van
1048 3557 1221 3603 hare
1261 3558 1950 3610 doorluchticheijt
1993 3562 2079 3608 de
2119 3558 2509 3606 princesse
2550 3561 2765 3606 sahel
2806 3560 3023 3608 Begem

874 3666 1003 3714 aen
1045 3664 1175 3711 ons
1217 3665 1431 3713 heeft
1472 3667 1816 3715 gelieven
1858 3671 1944 3717 te
1986 3673 2457 3720 schrijven:)
2498 3675 2755 3723 hebben
2797 3673 2926 3723 wel

874 3771 1246 3821 ontfangen
1286 3774 1449 3822 ende
1490 3777 1655 3824 daer
1695 3781 1817 3827 bij
1858 3782 2145 3830 gesien,
2185 3785 2308 3831 wat
2349 3784 2472 3830 uwe
2512 3784 2758 3832 Extie.
2798 3785 2886 3832 In

871 3889 1179 3936 antwoort
1217 3889 1294 3935 op
1331 3888 1563 3935 d'onse
1601 3889 1679 3938 (:
1715 3891 1832 3940 die
1870 3895 1986 3941 aen
2024 3895 2140 3941 uwe
2178 3897 2372 3946 Extie
2408 3902 2524 3948 tot
2562 3901 2947 3949 preadvijs,

836 4000 1198 4054 waeromme
1243 4000 1378 4048 den
1422 4004 1782 4053 oorloogh
1826 4007 1916 4053 jn
1961 4007 2231 4055 persia
2275 4011 2411 4059 met
2454 4015 2814 4066 exclusie
2859 4021 3009 4068 van

870 4117 1043 4166 alle
1085 4115 1387 4163 vreempd
1429 4118 1861 4167 handelaers
1903 4123 1990 4168 op
2032 4124 2161 4170 dat
2204 4125 2549 4175 quartier
2592 4130 3026 4183 aengenomen

876 4236 1114 4286 hebben
1153 4237 1232 4282 :)
1271 4236 1587 4282 gesonden
1625 4238 1940 4285 hebben:)
1979 4240 2176 4285 heeft
2215 4240 2531 4289 gelieven
2569 4246 2649 4294 te
2687 4250 3042 4308 carteren,

854 4360 981 4414 uwe
1021 4356 1269 4404 Extie.
1309 4351 1600 4399 gelieve
1637 4354 1722 4400 te
1763 4354 2093 4405 verstaen
2133 4361 2258 4410 dat
2292 4365 2463 4415 naer
2503 4371 2669 4420 dato
2708 4377 3038 4430 begonnen

1538 3275 2314 3328 Welgebooren
2383 3280 2735 3329 Heere

2544 4519 2934 4569 Oorloogh

0 1108 241 1157 volght,

0 1217 212 1268 schen

0 1321 268 1370 gedacht

0 1424 251 1471 sijne

139 2562 238 2612 der

85 2779 214 2826 ch„

28 2873 206 2921 veel

0 2977 240 3028 doch

63 3078 241 3128 rangieel

123 3199 243 3247 van

179 3313 206 3358 „
