3567 4801
2708 512 2866 560 965

670 571 882 627 Junij
917 550 1132 610 1646.

928 715 1106 770 hebben
1133 711 1224 760 dat
1252 708 1665 757 qualijckdaeraf
1694 706 1930 753 gecomen,
1960 706 2078 751 ende
2107 705 2196 751 den
2225 706 2519 753 Commandeur
2548 705 2726 753 vander
2754 699 2904 749 stell

919 829 1060 881 onder
1087 822 1284 873 anderen
1310 818 1424 866 mede
1451 813 1676 862 gebleven
1703 812 1788 857 so,
1815 807 2040 856 hebbende
2068 806 2152 852 den
2180 806 2377 852 Coninck
2404 804 2544 853 raija
2571 801 2712 848 singa
2739 797 2826 846 sin

908 937 1056 993 hooft
1080 927 1173 980 Int
1199 920 1349 970 leger
1377 919 1466 965 van
1495 913 1701 963 pouache
1730 908 1995 958 gesonden,
2023 906 2113 954 omw
2141 907 2201 954 op
2228 908 2289 954 d'
2317 907 2729 955 Nederlandtsche
2758 903 2905 953 wijse

923 1039 1182 1102 begraven
1213 1035 1278 1083 te
1309 1027 1534 1079 werden,
1564 1023 1662 1070 god
1693 1020 1790 1068 heb
1821 1018 1950 1064 sijn
1981 1016 2141 1063 siel,
2172 1011 2781 1062 menschelijckerwijse
2813 1007 2847 1056 —

928 1149 1115 1203 wierdt
1145 1146 1392 1192 geseght,
1423 1140 1670 1191 gemelten
1701 1127 2071 1183 vandersteld'
2100 1123 2348 1172 Enichste
2379 1120 2626 1169 oorsaeck
2656 1118 2749 1165 van
2778 1111 2904 1162 dese

921 1247 1324 1312 beclaeghlijcke
1351 1239 1638 1291 nederlaegh
1665 1235 1865 1285 geweest
1893 1233 1951 1280 te
1978 1230 2122 1277 sijn,
2146 1225 2264 1275 ende
2291 1222 2378 1270 dat
2405 1218 2606 1266 vermits
2634 1216 2720 1263 den
2746 1212 2948 1261 Coninck

917 1357 1197 1421 verstaende
1222 1352 1334 1401 daer
1360 1347 1609 1395 verscheen
1634 1344 1719 1392 met
1744 1336 1966 1389 sodanich
1993 1333 2131 1380 getal
2157 1329 2488 1378 Crijghtvolcq
2516 1326 2626 1374 ende
2651 1323 2681 1369 2
2707 1314 2901 1367 stucken
2922 1311 2956 1360 —

915 1476 1000 1524 hij
1024 1466 1139 1518 niet
1164 1456 1335 1509 minder
1362 1452 1475 1500 doen
1502 1447 1643 1496 konde
1670 1444 1755 1492 dan
1783 1438 2007 1489 belasten
2035 1435 2175 1483 datse
2203 1432 2315 1480 daer
2343 1427 2511 1476 souden
2538 1420 2763 1472 Voortaen
2789 1409 2988 1464 naerder

922 1568 1222 1635 bescheijdt
1251 1565 1311 1612 op
1340 1561 1430 1608 dat
1458 1556 1548 1605 met
1577 1546 1816 1600 onsleger
1844 1543 1964 1591 niet
1993 1539 2143 1588 quame
2171 1537 2232 1583 te
2261 1528 2619 1581 Conjungeren,
2648 1526 2738 1572 dat
2766 1519 2857 1569 hem

925 1686 1038 1739 daer
1064 1681 1121 1729 te
1145 1668 1314 1723 stercq
1339 1661 1506 1711 mochte
1533 1655 1727 1706 worden,
1753 1650 1975 1700 naerdien
2002 1650 2085 1695 hij
2112 1649 2196 1694 soo
2222 1641 2499 1693 differendt
2526 1640 2609 1685 van
2635 1638 2720 1685 ons
2744 1632 2858 1684 sij—

924 1797 1015 1848 als
1043 1790 1133 1840 wij
1159 1786 1250 1833 van
1277 1781 1396 1830 hem,
1425 1779 1485 1825 en
1513 1775 1602 1823 met
1631 1773 1749 1819 geen
1777 1766 2101 1817 minderheden
2129 1758 2278 1810 sulcx
2305 1755 2395 1802 dan
2423 1750 2600 1799 siende
2629 1746 2718 1794 dat
2745 1740 2923 1790 vander

910 1914 1004 1968 wel
1031 1904 1155 1956 sich
1184 1893 1457 1946 vlughtigh
1485 1886 1699 1937 stelde,
1728 1883 1821 1931 wat
1850 1878 2002 1927 conde
2032 1871 2335 1923 daeranders
2365 1866 2487 1915 uijt
2515 1854 2759 1909 besloten
2786 1846 2974 1898 werden

926 2020 1011 2068 dan
1039 2016 1124 2063 dat
1149 2011 1265 2060 niet
1293 2005 1463 2055 goedts
1490 2003 1547 2049 in
1575 2002 1660 2049 den
1686 1997 1886 2047 sinhad,
1913 1992 2140 2041 waerover
2168 1988 2254 2036 dan
2280 1984 2366 2032 soo
2393 1980 2564 2029 Vremet
2591 1976 2733 2025 nitet
2760 1972 2960 2020 geweest

917 2143 1001 2191 Is,
1025 2136 1085 2186 op
1110 2132 1168 2179 d'
1194 2126 1308 2176 onse
1335 2121 1475 2170 heeft
1502 2116 1643 2165 laten
1670 2112 1894 2161 cloppen,
1921 2110 2006 2157 soo
2032 2107 2118 2155 was
2145 2103 2257 2151 oocq
2285 2102 2341 2148 't
2368 2094 2648 2146 verdtleher
2675 2092 2732 2139 in
2758 2086 2934 2135 ponare

931 2253 1112 2313 tegens
1139 2246 1286 2297 dancq
1311 2239 1432 2290 ende
1458 2234 1549 2283 wil
1576 2229 1753 2277 vanden
1781 2222 2044 2273 Manhafsen
2074 2221 2220 2267 Capn.
2248 2218 2395 2266 Sulio
2423 2208 2687 2262 Schiflij,
2715 2200 2833 2251 ende

925 2373 1153 2428 voordere
1179 2361 1463 2417 offecieren
1488 2353 1661 2404 aenden
1686 2347 1886 2399 Coninck
1913 2336 2253 2391 overgegeven,
2280 2329 2450 2379 sijnde
2478 2324 2704 2373 ongeveer
2730 2319 2817 2368 280
2844 2312 3014 2367 Coppen

912 2491 1090 2550 stercq
1116 2480 1352 2535 geweest,
1378 2464 1614 2523 hebbende
1642 2457 1818 2507 liever
1846 2449 2051 2501 gekoben
2080 2446 2197 2494 haer
2224 2442 2313 2491 tot
2341 2436 2518 2486 slaven
2544 2431 2634 2479 der
2663 2425 2896 2476 heidenen

931 2613 990 2663 te
1012 2595 1210 2654 begeven
1235 2588 1321 2638 als
1345 2581 1459 2631 haer
1484 2573 1625 2625 leven
1651 2570 1708 2617 te
1733 2562 1901 2614 waeren
1927 2560 2040 2606 voor
2065 2554 2178 2603 haer
2205 2552 2288 2599 Eer
2315 2546 2427 2596 ende
2454 2542 2648 2591 swaerde
2675 2533 2954 2586 vaderlandt

934 2707 1049 2759 daer
1075 2703 1162 2750 int
1188 2693 1360 2747 minste
1386 2688 1500 2736 noch
1527 2686 1642 2732 geen
1668 2678 1839 2730 noodt,
1865 2672 1980 2721 ende
2006 2669 2065 2717 In
2091 2665 2234 2713 allen
2260 2661 2459 2710 gevalle
2487 2657 2629 2706 Cours
2655 2653 2855 2702 genough
2881 2649 3053 2696 hadden

928 2831 1065 2886 niet
1097 2819 1299 2874 anders
1330 2803 1601 2863 Connende
1633 2800 1735 2846 bij
1768 2796 1937 2844 nacht
1968 2792 2071 2839 nae
2104 2785 2339 2836 Negombo
2372 2766 2809 2831 t'eschaperen,
2842 2764 2945 2811 dat

935 2958 1035 3011 God
1064 2935 1391 2998 gemachtich
1423 2921 1717 2979 geclaeght
1746 2913 1879 2965 moet
1911 2908 2074 2957 sijn,
2106 2906 2171 2951 d'
2203 2904 2269 2951 E.
2300 2890 2594 2947 Compagnie
2625 2871 2887 2933 sodanige

918 3051 1248 3121 perfidieuse
1277 3039 1515 3094 schelmen
1542 3035 1604 3083 in
1632 3028 1812 3080 haeren
1840 3020 2019 3073 dienst
2045 3012 2227 3064 heeft,
2256 3010 2316 3056 en
2341 3000 2494 3054 gagie
2521 2990 2701 3043 moeten
2731 2989 2893 3037 laten

943 3160 1257 3235 strijcken,
1287 3152 1536 3204 Invougen
1564 3147 1659 3195 met
1690 3135 1937 3192 d'troupe
1966 3131 2062 3180 van
2090 3119 2340 3174 gemelten
2370 3112 2556 3163 vander
2586 3106 2711 3156 stel
2740 3101 2898 3149 Comen

2911 3095 2943 3141 -

952 3283 1121 3334 overd'
1148 3276 1234 3327 420
1261 3266 1431 3319 Coppen
1458 3263 1515 3308 te
1541 3257 1740 3306 missen,
1765 3251 1853 3302 soo
1879 3247 1965 3295 dat
1993 3243 2050 3291 d'
2077 3236 2331 3288 fortresse
2357 3231 2472 3280 niet
2499 3226 2613 3275 meer
2639 3218 2868 3270 behieldt

948 3400 1042 3447 als
1073 3394 1168 3444 130
1197 3380 1481 3437 weerbaere
1511 3371 1731 3425 mannen,
1763 3368 1888 3416 doch
1917 3360 2076 3413 wierd
2106 3356 2202 3404 van
2230 3346 2452 3399 meerder
2483 3342 2640 3391 Volcq
2669 3330 2922 3387 versien—

950 3503 1192 3559 waermede
1220 3495 1343 3546 voor
1371 3489 1524 3539 eerst
1553 3483 1736 3533 stercq
1765 3475 1977 3526 genough
2006 3466 2188 3520 sousen
2219 3460 2370 3511 wesen
2399 3455 2521 3504 alle
2550 3446 2823 3499 singalese
2852 3439 3012 3490 macht

942 3632 1010 3681 t'
1039 3620 1207 3674 Hooft
1236 3614 1305 3662 te
1335 3601 1567 3657 bieden,
1599 3597 1797 3645 sullen
1827 3591 1928 3640 300
1960 3586 2059 3634 man
2090 3576 2289 3629 stercq
2320 3567 2486 3620 wesen
2518 3563 2617 3610 van
2647 3549 2912 3606 Vickalie
2942 3546 2978 3593 —

952 3725 1232 3791 Ammonitie
1261 3720 1355 3769 van
1384 3711 1600 3763 gorloge
1629 3703 1815 3755 waeren
1845 3699 1970 3747 voor
1998 3695 2154 3742 veele
2184 3689 2400 3739 maenden
2429 3677 2833 3734 geprovideert—

936 3861 1033 3917 soo
1061 3854 1155 3904 dat
1184 3846 1278 3897 met
1307 3841 1400 3890 god
1427 3832 1552 3884 voor
1581 3828 1643 3875 d'
1673 3817 1949 3872 fortretse
1978 3812 2102 3861 geen
2130 3794 2468 3855 swaricheijt
2498 3789 2590 3838 was
2620 3786 2682 3833 te
2709 3780 2926 3830 maecken
2955 3780 2987 3826 —

943 3973 1070 4030 gale
1097 3966 1191 4016 met
1218 3947 1584 4009 d'omliggende
1612 3937 1795 3990 landen
1824 3930 1977 3981 bleef
2004 3924 2128 3974 niet
2156 3918 2279 3968 meer
2306 3911 2400 3963 als
2428 3903 2521 3955 650
2548 3878 2975 3946 Nederlandtsche

943 4074 1132 4140 Coppen
1162 4061 1441 4117 daeronder
1472 4056 1596 4105 noch
1626 4043 1998 4100 veelebiecken
2029 4041 2154 4087 ende
2183 4024 2495 4084 supotenten
2524 4007 2805 4067 behouden,
2829 3999 2865 4047 —

0 695 199 741 nde

0 875 42 921 ,
79 864 247 922 ende

0 962 248 1023 had;

0 1070 141 1127 hade

6 1885 277 1937 twetege

0 2014 125 2063 rcq

3 2125 244 2176 gelijck

0 2244 147 2291 seer

0 2351 171 2400 een

0 2478 97 2524 e

0 2706 24 2751 1

118 2715 200 2761 door

157 3573 246 3623 een

0 3579 130 3625 tgen

0 3801 245 3853 westen

0 3928 41 3975 2

0 4150 137 4198 egen
