3403 5135
939 302 1364 354 apparentien
1402 299 1595 346 onder
1634 296 1904 344 anderen
1943 297 2020 342 in
2058 297 2367 344 bengale,
2406 298 2638 344 alwaer
2676 298 2754 343 de
2792 299 3102 348 geduchte
3139 304 3259 356 ob„

932 397 1263 455 staculen,
1298 392 1446 442 ende
1483 388 1776 437 onlusten
1809 388 1995 435 weder
2031 389 2324 436 schijnen
2361 390 2434 435 te
2470 390 2800 440 desseren,
2836 396 2946 442 dat
2982 396 3130 444 sich
3165 400 3278 452 nae

915 489 1225 539 d'gedane
1264 479 1688 534 besouckinge
1727 478 1959 524 vanden
1997 478 2229 526 prince
2268 478 2461 525 (daer
2500 480 2616 527 toe
2652 482 2771 528 den
2808 484 3278 535 oppercoopman

933 572 1156 619 thomas
1192 568 1415 617 Cuijck
1452 563 1934 613 gecommitteert
1971 563 2082 609 Is)
2120 564 2305 610 nader
2342 565 2454 611 sal
2490 567 2863 618 openbaren,
2898 574 3272 625 mitsgaders

934 662 1080 709 inde
1115 659 1335 708 Landen
1370 656 1480 703 van
1516 648 1917 700 tansjouwer,
1953 648 2099 693 ende
2135 647 2354 694 madure
2390 649 2791 703 (:derwaerts
2827 659 3266 709 eijntelijck—

936 746 1045 793 den
1081 742 1519 792 oppercoopman
1555 739 1810 787 Adriaen
1846 737 2065 784 vander
2101 737 2356 783 meijde,
2393 737 2612 784 sijnde
2648 737 2757 782 met
2793 737 3122 787 d'Coninck
3158 742 3267 790 van

932 824 1196 878 poolen,
1232 823 1381 868 ende
1418 822 1641 868 limmen
1678 821 1900 867 nevens
1938 821 2049 866 een
2086 821 2531 870 Cargasoentge
2568 822 2791 870 (boven
2828 822 2903 867 't
2939 822 3088 868 gene
3125 823 3277 877 daer

938 909 1079 959 inne
1114 908 1219 954 van
1253 908 1393 953 hier
1428 905 1741 953 gescheept
1776 905 1915 950 ende
1950 905 2124 953 uEd:e
2159 907 2264 954 p=r
2298 910 2508 958 mijnen
2542 913 2821 959 Jongsten
2856 913 3274 961 g'advijseert

942 998 1053 1046 van
1090 1001 1127 1046 f
1164 1001 1385 1047 15447„
1422 1000 1570 1047 4„2„
1607 996 1792 1046 sulcx
1827 995 1902 1041 de
1939 995 2161 1041 nevens
2198 996 2420 1043 gaende
2456 998 2641 1045 Copie
2677 998 2936 1048 facture
2973 1002 3269 1048 dicteert

940 1084 1098 1132 uijt
1136 1082 1409 1128 Carcals
1447 1082 1603 1128 rede
1641 1078 1797 1127 16=e
1836 1077 2109 1123 october
2147 1077 2420 1125 passado
2458 1080 2615 1128 over
2653 1084 2808 1130 gale
2847 1085 3003 1130 ende
3042 1083 3278 1131 negomb

945 1162 1347 1213 vertrocken,
1382 1160 1456 1207 op
1492 1157 1675 1204 11=en
1710 1156 1966 1202 decembr
2002 1157 2149 1202 daer
2184 1158 2585 1204 aenvolgende
2621 1159 2949 1204 aengelant
2985 1157 3131 1203 is:)
3168 1156 3277 1202 dat

935 1251 1092 1298 daer
1131 1247 1250 1295 toe
1288 1239 1682 1291 verthonen,
1720 1235 1839 1283 wat
1878 1234 1957 1280 't
1996 1234 2233 1280 sedert
2271 1236 2704 1285 d'Jongstaen
2743 1240 2900 1286 uEd:
2940 1237 3255 1286 gecommi„

943 1328 1256 1385 niceerde
1294 1322 1606 1372 advijsen
1645 1318 1917 1367 vandaer
1955 1316 2034 1362 in
2071 1315 2345 1361 d'selve
2384 1316 2772 1367 quartieren
2811 1322 3241 1371 gepasseert,

950 1423 1103 1471 ende
1139 1410 1560 1466 verhandelt,
1597 1406 1865 1454 d'onsen
1902 1404 2017 1450 tot
2055 1403 2246 1449 nader
2283 1403 2474 1449 ordre
2512 1403 2666 1449 ende
2703 1404 3123 1451 regulement,
3161 1405 3276 1451 mit

939 1501 1171 1555 gaders
1207 1493 1400 1544 d'H=r
1438 1491 1821 1538 Gouverneur
1857 1492 2012 1538 Joan
2050 1490 2356 1536 tijssen,
2394 1489 2547 1535 ende
2585 1488 2929 1534 president
2967 1488 3274 1534 Wollebra

932 1576 1266 1626 Geleijnsz
1303 1574 1562 1621 aengesz
1599 1572 1711 1619 is,
1747 1572 2044 1618 gelieven
2081 1573 2230 1619 uEd:
2266 1575 2377 1620 bij
2413 1572 2711 1620 d'nevens
2748 1572 2970 1619 gaende
3007 1574 3268 1621 Copijen

948 1662 1097 1712 ende
1133 1657 1466 1706 extracten
1503 1653 1798 1702 (waervan
1834 1653 2020 1699 ijder
2056 1653 2241 1699 apart
2276 1652 2463 1698 onder
2499 1653 2647 1699 sijn
2684 1654 2869 1700 Nobr:
2906 1655 3279 1703 affgeteeck

946 1741 1020 1787 te
1055 1736 1348 1783 beoogen,
1385 1735 1495 1781 tot
1527 1731 1860 1782 welckers,
1896 1730 2263 1777 Innehouden
2298 1732 2445 1778 (als
2480 1733 2554 1779 in
2591 1734 2774 1781 desen
2810 1734 3218 1783 g'Insereert

953 1823 1102 1875 ende
1137 1816 1286 1867 omme
1322 1814 1470 1861 uEd:
1506 1812 1617 1858 met
1653 1809 1801 1856 geen
1837 1807 2132 1854 onnodige
2168 1808 2462 1858 redijten
2499 1813 2573 1858 't
2608 1813 2977 1860 Infaderen,
3014 1813 3087 1859 te
3124 1812 3273 1858 meer

951 1910 1101 1958 uEd:
1137 1906 1214 1953 't
1250 1897 1514 1949 scopus,
1550 1894 1701 1941 ende
1738 1890 2189 1938 d'substantie
2226 1890 2564 1940 raeckende
2602 1895 2714 1940 den
2752 1894 2977 1941 handel
3015 1893 3090 1939 in
3127 1892 3282 1941 ben„

943 1990 1167 2038 galen,
1203 1975 1611 2034 tansjouwer,
1647 1971 1796 2019 ende
1833 1970 2092 2016 madure,
2129 1970 2241 2016 bij
2276 1971 2426 2020 onse
2462 1975 2685 2024 vorige
2721 1978 3019 2024 advijsen
3056 1974 3279 2023 bekent

943 2074 1241 2130 gemaeckt
1275 2068 1389 2118 Is,
1424 2062 1574 2112 waer
1610 2056 1759 2105 over
1795 2053 1944 2100 uEd:
1981 2053 2352 2101 rescriptie
2389 2056 2464 2102 't
2500 2058 2723 2104 sijner
2760 2058 2908 2104 tijt
2945 2058 3019 2104 te
3056 2054 3280 2103 gemoet

933 2166 1074 2222 sie,
1105 2151 1315 2208 sijnde
1347 2146 1418 2194 't
1451 2138 1694 2189 verdere
1728 2135 1866 2182 maer
1900 2134 2004 2180 een
2039 2134 2281 2182 gevolch
2314 2137 2418 2184 ten
2453 2138 2763 2185 merendeel
2798 2138 3109 2185 d'advijso
3142 2140 3281 2186 dien

968 2239 1181 2294 nende,
1213 2231 1322 2281 mij
1355 2224 1533 2274 onder
1567 2221 1639 2268 't
1672 2215 1956 2265 welnemen
1991 2215 2097 2261 van
2132 2216 2168 2262 u
2202 2218 2308 2263 Ed:
2343 2218 2626 2268 gedrage,
2661 2222 2908 2268 t'nader
2942 2220 3155 2267 succes
3189 2218 3227 2265 —

964 2330 1112 2384 wert
1147 2321 1295 2372 uEd:
1329 2314 1442 2366 van
1477 2308 1625 2357 tijt
1659 2302 1772 2351 tot
1806 2299 1955 2345 tijt
1991 2299 2249 2347 Cundich
2283 2301 2616 2349 gemaeckt,

930 2436 1212 2488 ‛saecken
1246 2430 1353 2479 int
1387 2425 1529 2474 lant
1561 2420 1671 2469 van
1705 2414 1952 2464 sinsier
1987 2412 2235 2458 blijven
2269 2414 2411 2461 noch
2445 2416 2517 2463 in
2551 2418 2764 2468 vorige
2797 2421 3080 2468 posture,
3116 2418 3292 2466 soude

965 2528 1092 2580 dat
1131 2520 1298 2570 noch
1338 2513 1505 2563 voor
1545 2505 1754 2556 Eerst
1794 2497 2168 2549 daerinne,
2209 2501 2458 2549 Immers
2499 2505 2623 2550 soo
2664 2503 2872 2550 lange
2913 2499 3287 2547 Chinnanna

968 2610 1116 2662 ende
1149 2589 1631 2654 commerechilti
1666 2583 1888 2633 bijden
1923 2579 2292 2627 neijcknoch
2329 2579 2660 2625 eenisints
2697 2580 2770 2626 in
2807 2579 3101 2626 Credijt,
3136 2575 3289 2624 ende

970 2682 1399 2742 differenten
1436 2670 1671 2725 metten
1707 2666 2020 2715 Coninck,
2058 2665 2098 2710 t
2136 2664 2253 2710 sij
2292 2664 2448 2710 door
2486 2664 2758 2710 wapenen
2797 2664 2953 2711 ofte
2990 2659 3264 2711 accoort

979 2777 1115 2827 niet
1147 2772 1250 2820 ter
1284 2768 1453 2816 neder
1484 2758 1723 2813 geleght
1756 2753 1926 2802 sijn,
1958 2752 2128 2798 enige
2161 2751 2398 2800 vorderl
2432 2752 2837 2800 veranderinge
2871 2747 3209 2797 t'erlangen
3242 2746 3277 2792 —

975 2854 1252 2904 hebben

953 2958 1406 3006 Middelerwijle
1440 2960 1579 3006 sijn
1614 2958 1927 3004 velerleij
1961 2956 2239 3003 middelen
2274 2956 2378 3001 bij
2413 2956 2517 3003 mij
2552 2955 2830 3003 bedacht,
2863 2952 3003 3000 Omme
3038 2945 3284 2997 s'Compe

981 3052 1169 3100 Capn,
1203 3047 1318 3095 die
1355 3046 1429 3092 nu
1466 3045 1541 3091 op
1578 3043 1690 3090 een
1727 3040 1877 3087 goet
1911 3040 2213 3087 gelooff,
2249 3041 2399 3087 ende
2436 3042 2585 3087 vrij
2622 3040 2809 3086 verre
2845 3035 3032 3085 verre
3069 3028 3256 3079 vande

974 3134 1115 3182 hant
1148 3128 1500 3178 rificeren,
1534 3126 1605 3172 in
1639 3125 1745 3171 een
1780 3122 2025 3169 simpele
2057 3121 2235 3167 logie
2269 3123 2585 3170 opleggen,
2619 3122 2760 3169 ende
2794 3118 2970 3167 onder
3004 3115 3110 3162 een
3144 3114 3287 3160 noch

968 3208 1263 3261 weijnich
1299 3198 1813 3253 gefrequenteert
1849 3197 2070 3243 volcq,
2106 3198 2217 3244 die
2252 3200 2400 3248 seer
2436 3203 2803 3250 schrapende
2838 3200 2987 3248 ende
3023 3192 3283 3244 wispel„

986 3299 1188 3348 turich
1220 3294 1390 3343 sijn,
1423 3288 1862 3338 distribueeren
1895 3285 2132 3333 moeten,
2162 3283 2333 3332 beter
2367 3283 2435 3329 te
2467 3283 2805 3331 segureren,
2837 3280 3074 3329 d'selve
3107 3277 3176 3325 op
3207 3270 3277 3321 en

2469 3322 2632 3373 aller

978 3386 1104 3434 aff
1144 3381 1229 3428 te
1270 3376 1564 3425 senden,
1604 3373 1773 3421 ende
1814 3371 1982 3418 onse
2023 3367 2526 3415 competiteurs
2567 3368 2610 3413 r
2649 3364 2861 3413 wegen
2903 3361 3070 3409 (soo
3109 3353 3286 3405 veel

969 3471 1174 3526 doenl
1213 3467 1296 3514 te
1335 3458 1822 3509 prevenieren,
1862 3456 1984 3503 een
2024 3453 2308 3501 bequame
2347 3451 2511 3498 ende
2550 3448 2673 3495 wel
2713 3446 2997 3493 gelegen
3036 3436 3291 3491 plaets

980 3556 1221 3608 buijten
1254 3550 1427 3600 sware
1461 3545 1805 3595 belastinge
1839 3542 1977 3589 ende
2010 3540 2355 3588 besettinge
2389 3539 2527 3585 uijt
2556 3537 2630 3586 te
2664 3533 2905 3582 soeken,
2938 3529 3077 3578 doch
3108 3521 3283 3573 hebbe

977 3632 1218 3686 d'selve
1251 3628 1424 3676 noijt
1457 3627 1527 3672 in
1559 3625 1904 3672 diervougen
1938 3625 2145 3671 cunnen
2178 3621 2556 3671 uijtvinden,
2590 3619 2728 3666 t'Is
2761 3616 2865 3664 wel
2897 3610 3071 3661 sulcx
3101 3601 3277 3654 d'for

980 3721 1209 3776 tresse
1245 3716 1322 3763 In
1359 3714 1435 3760 te
1473 3710 1851 3759 genepat=r,
1887 3707 2002 3755 als
2040 3704 2304 3752 wanneer
2341 3697 2606 3748 d'selve
2643 3694 2795 3742 uijt
2831 3688 3060 3739 handen
3095 3680 3294 3731 vande

986 3800 1206 3857 neijck
1241 3796 1350 3844 van
1386 3793 1641 3840 sinsier
1676 3794 1894 3840 conden
1930 3787 2221 3838 becomen,
2256 3784 2402 3832 daer
2438 3782 2547 3828 toe
2583 3779 2728 3827 seer
2762 3772 3091 3823 dienstich
3126 3769 3274 3816 sijn

980 3891 1129 3939 doch
1165 3878 1538 3935 Innegesien
1575 3876 1948 3923 d'oncosten
1984 3872 2134 3921 ende
2170 3865 2395 3916 lasten
2431 3864 2543 3911 die
2579 3855 2915 3908 soodanige
2952 3841 3288 3898 besetting

988 3974 1128 4021 naer
1161 3968 1302 4018 sich
1336 3959 1581 4012 slepen,
1614 3954 1756 4003 ende
1789 3951 1895 3998 wij
1929 3949 2035 3995 met
2069 3948 2140 3994 't
2174 3946 2454 3993 aenraden
2488 3945 2593 3992 van
2627 3939 2803 3989 sulcx
2837 3928 3082 3983 buijten
3115 3919 3291 3972 vorig

986 4052 1277 4111 meningh
1317 4045 1483 4096 ende
1523 4032 1977 4089 reeckeningh
2016 4027 2554 4077 uijtvallende,
2594 4017 2801 4071 sober
2840 3989 3298 4061 contentemen

994 4140 1133 4191 ende
1165 4132 1304 4183 eere
1336 4127 1407 4174 in
1440 4121 1646 4171 leggen
1680 4115 1920 4165 souden,
1954 4113 2160 4159 hebben
2194 4112 2331 4158 daer
2363 4110 2468 4157 van
2501 4104 2674 4154 noijt
2706 4098 2845 4147 iets
2876 4094 2982 4142 aen
3013 4090 3050 4137 U
3083 4082 3187 4133 Ed:
3217 4075 3289 4124 de

993 4211 1104 4257 ven
1139 4197 1614 4255 remonstreren,
1649 4190 1942 4241 alhoewel
1978 4185 2307 4235 vertrouwe
2342 4183 2453 4230 die
2488 4177 2708 4227 plaets
2743 4168 2963 4221 metter
2998 4160 3182 4212 tijt,
3217 4157 3291 4203 In

986 4278 1295 4330 sonderh:
1333 4269 1565 4322 metten
1603 4264 1834 4312 neijck
1872 4262 1950 4308 in
1988 4258 2373 4306 vruntschap
2411 4254 2566 4303 over
2603 4251 2720 4299 een
2758 4242 3067 4296 gecomen,
3104 4234 3261 4285 ende

987 4360 1063 4407 ‛t
1100 4353 1365 4404 Jonghst
1401 4345 1742 4398 verleende
1779 4341 1931 4389 Caul
1968 4340 2081 4386 van
2119 4340 2270 4386 sijn
2307 4333 2648 4385 overleden
2685 4328 2949 4377 broeder
2986 4318 3289 4373 g'appro„

985 4434 1213 4483 beert,
1250 4430 1402 4479 ende
1439 4420 1819 4475 vernieuwt,
1857 4418 1970 4465 tot
2007 4415 2160 4463 dien
2196 4411 2425 4460 eijnde
2461 4409 2576 4456 met
2612 4407 2728 4454 een
2765 4397 3144 4451 recognitie
3180 4389 3296 4440 be„

986 4513 1192 4563 dacht
1231 4504 1517 4556 sijnde,
1557 4501 1639 4547 In
1679 4495 1924 4545 handel
1964 4490 2127 4539 ende
2167 4483 2575 4534 conquesten
2614 4477 2941 4528 sodanich
2981 4464 3309 4521 toenemen

990 4595 1114 4643 dat
1153 4591 1278 4640 tot
1318 4582 1607 4636 meerder
1647 4570 2100 4626 solagement,
2140 4568 2264 4614 als
2305 4565 2429 4612 wel
2469 4563 2675 4609 laste
2715 4554 2922 4606 vand'
2962 4552 3004 4597 E
3044 4546 3291 4595 Comp=e

2792 4617 3301 4674 redunderen
