3560 4937
678 423 862 476 Julio
897 421 1009 468 ao.
1044 423 1200 476 1646

1202 578 1375 628 veele
1408 573 1546 622 moey
1579 572 1682 618 ten
1715 570 1990 617 aanderen
2022 568 2160 616 mets
2193 567 2503 615 Coninghs.
2535 571 2673 623 byde
2706 579 3116 627 voorlyngemet
3150 582 3292 640 ende

1164 695 1496 765 penningen
1532 694 1605 740 op
1640 690 1714 739 te
1750 687 2006 734 brengen
2041 688 2297 737 Jaerlyx
2332 690 2915 746 onderworpenwaren
2950 702 3170 754 gelijk
3202 709 3314 755 dit

1214 816 1326 865 say
1361 810 1509 859 soen
1544 804 1729 854 meest
1764 800 1987 849 blyken
2020 801 2132 851 is,
2168 800 2315 847 waer
2351 803 2498 849 door
2535 804 2645 850 ons
2681 805 2829 852 mede
2864 809 3012 857 alte
3047 813 3195 862 nood
3231 817 3306 865 er

1220 919 1488 968 aensien
1525 914 1717 964 soude
1755 913 1870 959 syn
1908 912 2138 959 mayj=t
2176 914 2406 962 cunnen
2443 916 2789 963 inplaetse
2826 916 2943 962 van
2979 918 3057 966 25
3093 922 3342 973 kisten

1211 1032 1439 1086 silver
1475 1029 1551 1076 op
1589 1022 1966 1072 leberantie
2002 1026 2341 1075 toevoegen
2378 1029 2604 1076 eenigh
2641 1029 2792 1076 gelt
2828 1030 2980 1076 ende
3017 1029 3281 1079 lakenen

1220 1148 1328 1197 tot
1362 1138 1716 1191 vereeringe
1751 1138 1892 1183 ende
1926 1135 2177 1183 daertoe
2209 1141 2563 1192 verstaende
2597 1146 2704 1193 aen
2739 1146 2915 1191 onsen
2946 1139 3233 1191 gouvern.
3265 1137 3303 1182 r

1220 1264 1293 1311 in
1326 1256 1585 1309 Japonan
1620 1250 1840 1301 overs.
1875 1246 2024 1294 waer
2058 1248 2133 1294 op
2168 1249 2316 1300 niet
2349 1256 2680 1308 antwoorde
2715 1263 2861 1309 maer
2898 1258 3263 1308 stilsweegh
3295 1258 3346 1307 —

1209 1367 1400 1421 sulcx
1435 1360 1663 1411 sonder
1700 1359 1852 1405 meer
1887 1359 2154 1411 woorden
2189 1368 2303 1414 met
2340 1370 2454 1418 hem
2491 1374 2568 1421 te
2603 1379 2982 1432 gebruijken
3017 1389 3356 1439 naweynigh

1210 1477 1486 1532 onthael
1524 1473 1641 1521 met
1680 1471 2031 1518 verhaelde
2069 1472 2499 1522 schenckagie
2536 1479 2928 1533 'thoffuijt
2965 1489 3122 1536 ende
3159 1493 3286 1543 met

1216 1588 1422 1635 eenen
1462 1589 1586 1634 tot
1627 1588 1750 1633 den
1790 1586 2038 1633 Jongen
2078 1586 2367 1635 Coningh
2407 1589 2902 1642 omaffscheijt
2942 1598 3239 1655 tenemen

1213 1695 1518 1741 aengingen
1552 1693 1654 1741 die
1687 1692 1789 1738 ons
1823 1692 1958 1738 seer
1991 1692 2298 1745 minnelijk
2330 1702 2466 1751 ende
2499 1705 2838 1753 feestelijk
2871 1707 2973 1752 soo
3007 1707 3109 1754 met
3142 1710 3314 1762 eeten

1203 1804 1492 1853 drincken
1527 1807 1635 1852 als
1671 1807 2031 1858 vrundelijk
2067 1813 2427 1865 discoursen
2463 1819 2574 1866 van
2607 1824 2751 1872 onse
2786 1824 3076 1879 heevaert
3110 1835 3365 1886 negotie

1179 1921 1316 1969 ende
1349 1922 1689 1970 diergelijk
1723 1924 1927 1971 saken,
1960 1925 2063 1974 tot
2096 1929 2233 1979 op't
2266 1932 2504 1980 laetste
2537 1933 2843 1984 doenbegon
2877 1939 2979 1984 van
3012 1939 3216 1992 silver
3249 1945 3319 1991 te

1185 2037 1457 2086 praeten
1496 2041 1809 2088 willende
1845 2046 1963 2094 dat
2001 2049 2118 2096 hem
2156 2051 2429 2104 beloven
2467 2060 2700 2110 souden
2739 2065 3205 2114 intoekomende
3243 2068 3324 2115 to

1228 2155 1450 2208 kisten
1487 2163 1783 2212 geltmede
1820 2165 1895 2212 te
1930 2167 2190 2215 brengen
2225 2172 2486 2220 'twelcq
2521 2177 2595 2224 op
2632 2179 2743 2224 ons
2780 2180 3186 2232 onvermogen,
3223 2187 3349 2236 als

1223 2274 1391 2321 maer
1429 2278 1761 2329 dienaers
1802 2284 1927 2332 van
1968 2287 2134 2336 onse
2175 2292 2423 2343 Hooghe
2465 2298 2837 2351 Overigh:t
2879 2304 3169 2353 wesende
3209 2308 3336 2360 ex.

1221 2398 1536 2447 cuseerden
1570 2400 1746 2446 edogh
1780 2401 1850 2447 op
1884 2402 2025 2450 sijn
2059 2406 2235 2455 bevel
2268 2412 2583 2462 beloffden
2616 2418 2757 2466 voor
2791 2421 2896 2468 hem
2930 2424 3036 2471 ons
3070 2427 3316 2476 debvous

1218 2526 1330 2575 soo
1366 2527 1512 2572 veel
1543 2524 1877 2575 mogelijk.
1912 2532 1985 2578 in
2021 2531 2131 2578 Ian
2167 2531 2315 2581 ouan
2346 2535 2605 2584 tendien
2640 2540 2823 2588 eynde
2860 2543 3006 2589 doen
3042 2543 3262 2590 souden

1224 2649 1416 2696 alsoo
1454 2648 1840 2694 allegeerde
1877 2646 2147 2694 vermits
2185 2647 2301 2693 ons
2338 2648 2416 2693 nu
2454 2648 2608 2696 daer
2646 2651 2762 2700 van
2800 2656 3339 2707 preadverteerde

1160 2779 1694 2838 Jntoekomende
1738 2780 1871 2827 van
1915 2781 2093 2827 geen
2135 2776 2627 2827 Jnguorantie
2668 2782 2757 2829 te
2799 2783 3288 2843 presenderen

1217 2912 1368 2959 nogh
1403 2910 1556 2958 veel
1592 2910 1705 2956 min
1742 2910 1855 2956 van
1892 2911 2192 2964 ongelijk
2227 2916 2304 2964 te
2341 2912 2753 2961 protesteren
2791 2912 3016 2958 souden
3051 2913 3318 2964 hebben.

1179 3040 1457 3089 wanneer
1496 3039 1615 3085 ons
1652 3037 1813 3084 (tot
1851 3037 2129 3084 uytkeer
2168 3036 2564 3083 vandeselve
2603 3032 2960 3081 onwilligh
2998 3033 3355 3092 blyvende)

1210 3157 1520 3206 daeromme
1558 3157 1792 3204 eenige
1829 3159 2178 3212 forceliet
2216 3167 2527 3213 aendoen,
2563 3164 2719 3213 waer
2757 3163 2835 3209 op
2874 3162 3341 3213 repliceerden

1210 3283 1328 3334 syn
1367 3286 1601 3334 altese
1639 3286 2030 3334 doorsulcke
2069 3287 2459 3338 proceduren
2496 3293 2654 3340 geen
2689 3288 3083 3339 vrundschap
3121 3283 3318 3333 conde

1209 3416 1649 3466 onderhouden
1688 3419 1848 3466 want
1887 3416 2047 3464 niet
2085 3413 2167 3460 in
2207 3413 2366 3459 onse
2406 3414 2646 3465 macht:
2683 3419 2847 3466 maer
2882 3419 3005 3467 aen
3044 3419 3124 3465 't
3164 3417 3328 3464 goet

1192 3540 1439 3590 vinden
1478 3540 1602 3586 van
1643 3541 1806 3587 onse
1846 3543 2173 3593 overigh.
2211 3546 2254 3593 t
2294 3545 2540 3591 stonde
2578 3545 2785 3595 wiens
2825 3551 3029 3597 ordre
3070 3552 3318 3604 indien

1216 3670 1334 3716 als
1373 3670 1765 3716 andresaken
1804 3670 1883 3717 te
1922 3673 2158 3720 volgen
2194 3673 2472 3721 hadden,
2510 3677 2785 3723 datmede
2824 3677 2942 3727 wel
2980 3682 3099 3730 soo
3137 3685 3374 3731 eenigh

1221 3793 1394 3841 sints
1427 3793 1633 3840 scheen
1668 3793 1736 3838 te
1771 3793 2115 3843 begrijpen:
2148 3798 2287 3845 maer
2320 3801 2527 3851 gelast
2561 3806 2664 3852 ons
2698 3807 2906 3859 echter
2939 3816 3111 3865 maken
3144 3821 3351 3870 souden

1219 3928 1292 3976 10
1327 3925 1541 3972 kisten
1575 3924 1718 3970 gelt
1752 3923 2074 3970 beneffens
2109 3926 2180 3973 d'
2215 3927 2465 3977 g'eijst
2499 3933 2819 3984 Coopmans.
2855 3939 2891 3984 s
2926 3940 3069 3989 voor
3101 3941 3353 3990 hemmede

1224 4033 1504 4080 brachten
1538 4035 1714 4084 alsoo
1748 4039 1820 4086 de
1851 4041 2098 4087 billick
2132 4042 2414 4094 begeerde
2447 4051 2657 4102 doende
2692 4057 2797 4102 ons
2832 4057 3113 4107 vereeren
3146 4064 3216 4110 op
3250 4061 3321 4108 't

2812 4222 3251 4272 affscheijt

684 284 919 353 Julio
962 277 1105 327 ao.
1149 275 1338 324 1646

600 458 656 503 5
