3703 4828
1084 575 1297 636 July
1347 569 1566 620 1046

1345 727 1587 777 verstaen
1618 730 1799 775 hoeden
1829 729 2041 777 Conincq
2070 732 2162 778 Van
2192 734 2464 785 Carnatica
2494 741 2584 786 aen
2614 740 2705 787 hem
2736 740 2856 785 ende
2887 739 3038 785 d'Zne
3068 738 3221 784 hadde

1343 839 1550 888 gegeven
1578 834 1874 883 deplaetsen
1903 833 2199 879 sietewere,
2228 834 2642 884 gommerepondij,
2671 838 2878 885 pralem,
2906 836 3026 884 ende
3053 833 3213 881 Voort

1336 943 1396 989 d'
1423 938 1718 986 omliggende
1747 936 2069 983 landerijen,
2098 935 2333 981 alwaerd'
2362 935 2538 981 mooren
2567 933 2831 981 apresendt
2859 930 3153 978 dommneren,
3182 930 3271 977 die

1345 1049 1434 1094 hij
1461 1041 1760 1094 voornemens
1790 1040 1879 1086 was
1908 1037 2116 1085 vandaer
2145 1034 2324 1081 binnen
2353 1035 2384 1081 2
2412 1036 2442 1081 a
2472 1036 2502 1081 3
2531 1037 2680 1083 dagen
2709 1037 2769 1082 te
2798 1036 3035 1081 drijven,
3064 1027 3421 1081 versoeckende

1338 1159 1431 1207 dat
1458 1157 1522 1206 d'
1552 1156 1614 1202 E.
1641 1152 1706 1201 H.
1735 1151 1767 1196 r
1796 1147 2103 1196 gouverneur
2134 1147 2195 1192 d'
2225 1144 2531 1193 visiadoors
2561 1142 2714 1189 onder
2745 1142 3082 1190 palliacatta
3112 1143 3326 1189 behoren

1346 1268 1432 1319 als
1457 1257 1682 1311 daermede
1709 1256 1765 1302 in
1793 1255 2100 1302 vrundtschap
2127 1254 2323 1301 syjnde,
2349 1253 2518 1301 sondet
2545 1249 2768 1297 gelieven
2796 1247 2852 1294 te
2879 1246 3103 1294 belasten
3130 1247 3214 1292 ed'
3241 1243 3412 1291 mooren

1338 1367 1615 1419 afbreucq
1647 1362 1718 1411 te
1752 1361 1890 1407 doen

1162 1530 1215 1580 Ao
1238 1527 1289 1573 27
1313 1525 1388 1572 d.o
1412 1525 1462 1570 Is
1484 1523 1536 1570 d'
1561 1522 1611 1568 E.
1635 1522 1685 1567 H.
1710 1522 1735 1567 r
1759 1523 2008 1570 gouverneur
2032 1525 2205 1573 naerdat
2229 1528 2305 1576 van
2329 1531 2379 1577 s'
2403 1533 2652 1583 Compagnies
2676 1538 2875 1585 vereeren
2899 1540 3122 1586 onmeslagh
3147 1539 3423 1585 supporteren

1347 1615 1516 1663 lasten,
1540 1615 1636 1661 ende
1658 1617 1850 1665 oncosten
1873 1620 2088 1669 resumptie
2111 1624 2279 1674 genomen
2302 1629 2350 1675 d'
2373 1630 2564 1677 Mesnagie
2588 1632 2755 1679 daervan
2778 1635 2851 1680 soo
2873 1636 2970 1681 veel
2993 1637 3136 1684 Immers
3160 1636 3374 1684 lijdelijk

1342 1716 1670 1768 gereguleert,
1696 1718 1915 1765 schredam
1941 1719 2024 1766 tot
2050 1721 2296 1771 transport
2322 1727 2404 1774 van
2431 1729 2757 1780 maintementoo
2784 1735 2893 1781 omme
2920 1736 3030 1784 door
3056 1739 3110 1784 te
3138 1739 3301 1784 groote
3328 1738 3356 1784 —

1328 1823 1658 1869 schaerslheijt
1683 1824 1785 1870 ende
1810 1825 2064 1872 grasserend
2089 1827 2139 1873 en
2165 1828 2342 1876 hongers
2368 1831 2495 1879 noodt
2520 1835 2673 1884 alomme
2697 1839 2774 1887 Int
2798 1842 2977 1891 geweste
3001 1846 3077 1892 van
3101 1842 3387 1892 Palliacatta

1346 1933 1446 1982 niet
1468 1931 1519 1978 in
1544 1930 1690 1976 eenige
1714 1928 2007 1975 extremeteyjt
2030 1929 2080 1975 te
2104 1930 2349 1979 vervallen,
2371 1934 2470 1980 naer
2493 1936 2738 1987 Naersapour
2761 1942 3030 1993 gelargeert,
3054 1948 3103 1993 d'
3127 1942 3347 1993 salmander

1348 2044 1431 2094 met
1457 2043 1512 2089 d'
1535 2038 1831 2086 Invoorraedt
1857 2039 1937 2084 wes
1964 2039 2017 2084 en
2044 2039 2390 2090 Masulipatamse
2417 2045 2578 2094 Cleden
2603 2050 2764 2098 Indigo
2790 2053 3004 2100 salpeter
3030 2055 3083 2100 en
3110 2053 3274 2100 andere

1344 2150 1762 2200 noodtwendicheden
1788 2150 1866 2195 van
1891 2148 2100 2194 Balcquen
2126 2148 2309 2196 rijsth,
2334 2152 2597 2199 vollaeden,
2621 2155 2725 2201 ende
2751 2156 2804 2202 't
2829 2158 3012 2205 verdere
3038 2157 3195 2206 nodige

1336 2264 1430 2311 met
1461 2261 1838 2308 Communicatie
1869 2262 2026 2308 vande
2056 2261 2559 2309 opvercoopluyjden
2589 2265 2653 2313 s.
2683 2269 2746 2315 re
2777 2267 2966 2314 Pieter
2997 2266 3154 2313 sijne
3184 2257 3310 2310 ende

1334 2368 1476 2419 Jacob
1504 2368 1646 2415 Suius
1673 2371 1899 2418 verricht
1926 2374 2096 2422 hadde,
2124 2376 2209 2422 uyt
2236 2376 2434 2423 masulip
2461 2378 2575 2424 atam
2602 2378 2941 2424 gescheijden,
2969 2378 3025 2423 en
3053 2377 3166 2424 naer
3194 2374 3308 2423 Boon

1338 2481 1423 2532 van
1450 2481 1504 2526 't
1530 2480 1858 2529 gemelteschip
1885 2485 2185 2537 d'salmander
2211 2492 2457 2542 gevaeren,
2483 2498 2701 2544 werdende
2728 2499 3136 2548 g'accompagneert
3163 2502 3245 2548 van
3271 2494 3356 2546 &:e

2161 2544 2184 2590 ^
2204 2543 2358 2592 scomp:s

1338 2593 1548 2641 voornomt
1574 2594 1653 2639 als
1679 2594 1837 2641 andere
1861 2596 2254 2645 gequalificeerde
2280 2600 2518 2652 dienaeren
2542 2608 2621 2654 van
2646 2609 2700 2655 E:
2724 2611 2908 2658 Cooven:
2933 2610 3065 2657 sulcx
3091 2611 3196 2656 naer
3221 2608 3302 2655 dae

1337 2706 1436 2753 dees
1460 2704 1633 2750 vrunden
1656 2705 1779 2750 weder
1804 2705 1904 2752 haer
1927 2708 2125 2758 afscheyt
2148 2714 2223 2761 van
2246 2716 2345 2763 sijn
2369 2717 2419 2763 E.
2443 2718 2615 2765 becomen
2640 2720 2812 2766 hadden,
2836 2721 2936 2768 sijn
2959 2723 3033 2769 ten
3057 2724 3205 2771 selven
3230 2721 3329 2771 dage

1333 2815 1421 2864 met
1449 2815 1593 2862 goede
1621 2818 1907 2866 Voorspoedt
1935 2822 2192 2869 onderseyl
2221 2824 2459 2877 geraeckt

1112 2962 1145 3010 A
1169 2954 1229 3003 28
1253 2948 1341 2997 tot
1367 2942 1453 2991 ul.
1480 2940 1510 2987 o
1538 2939 1566 2984 d
1594 2939 1622 2984 o
1650 2939 1707 2985 it
1734 2940 2045 2989 sonerlinghs
2073 2943 2412 2993 voorgevalen,
2438 2949 2666 3004 hebbende
2690 2959 2917 3009 eenlijck
2946 2964 3143 3010 omtrent

1348 3041 1647 3089 Masulipatam
1674 3041 1756 3087 des
1783 3042 1974 3088 anderen
2000 3044 2164 3092 daeghs
2190 3048 2300 3095 naer
2326 3051 2408 3097 ons
2435 3053 2652 3101 vertreck
2679 3055 2870 3101 seecker
2897 3054 3060 3100 engels
3087 3054 3223 3100 fluyt

1345 3139 1558 3187 Comende
1589 3139 1681 3185 van
1710 3140 2046 3189 madrespatam
2075 3142 2503 3198 gevencontrecht

1822 3662 2346 3709 Augustus
2411 3657 2609 3706 Ao.
2673 3644 2943 3702 1646

1402 3876 1432 3924 f
1453 3879 1508 3926 2.
1532 3877 1560 3923 '
1582 3870 1638 3919 d.
1664 3868 1690 3914 o
1715 3866 1795 3914 syn
1820 3864 1899 3910 met
1923 3864 2188 3912 redelijcke
2212 3868 2474 3914 voorspoedt
2500 3868 2604 3914 (god
2630 3867 2761 3913 loff)
2787 3866 2944 3912 alhier
2970 3866 3049 3911 ter
3075 3857 3369 3911 palliacatse

1342 3966 1483 4021 rhede
1510 3961 1594 4009 wel
1621 3956 2009 4005 geretourneert,
2035 3960 2202 4006 sijnde
2229 3960 2423 4007 'tseder
2450 3959 2534 4005 der
2559 3958 2866 4005 gouverneurs
2892 3957 3087 4004 afwesen
3113 3954 3309 4003 geenige

1336 4059 1653 4112 merckelijcke
1679 4058 1997 4107 veranderinge
2024 4061 2342 4108 voorgevallen
2367 4063 2473 4109 maer
2500 4063 2553 4108 s'
2579 4063 2711 4109 rijcx
2738 4063 2923 4109 saecken
2949 4063 3082 4108 meest
3108 4063 3161 4108 In
3187 4062 3303 4110 dven

1331 4165 1578 4222 gelijcken
1603 4159 1769 4210 standt
1795 4159 2095 4211 Continueren
2121 4165 2367 4212 behouden,
2393 4167 2612 4216 loopende
2638 4171 2856 4219 genlijck
2882 4173 2937 4218 d'
2964 4166 3209 4217 geruchten

2549 3154 2613 3200 -
