3560 4937
1409 794 1579 844 Dagh
1620 792 1957 846 Register
1999 791 2253 843 wegens
2294 799 2380 846 't
2421 803 2886 855 gepasseerde

1528 1056 1695 1105 wert
1735 1058 1902 1104 hier
1942 1058 2274 1104 gemaeckt
2313 1056 2440 1104 met
2481 1054 2771 1101 menings
2813 1054 2896 1100 de
2936 1054 3352 1106 Portugesen

1576 1202 2051 1249 parresserende
2087 1203 2270 1248 sulcs
2305 1202 2379 1248 te
2416 1194 2745 1247 begroeten
2781 1192 2891 1237 dat
2927 1192 3110 1238 haert
3145 1192 3293 1244 een—

1573 1341 1798 1390 eijnde
1835 1340 2022 1385 (maer
2060 1340 2211 1387 kans
2246 1342 2471 1389 siende
2508 1338 2621 1387 met
2657 1335 2770 1381 hun
2806 1337 2996 1386 soude
3030 1335 3330 1388 gemaeckt

1513 1478 1761 1534 werden,
1795 1490 1831 1536 k
1865 1491 1971 1537 wil
2007 1490 2148 1536 niet
2183 1489 2535 1538 twijffelen
2569 1484 2676 1534 off
2711 1480 2852 1530 sijn
2885 1474 2992 1523 ree
3027 1473 3240 1524 binnen
3273 1481 3314 1530 —

2553 1582 2659 1628 J

1483 1638 1767 1689 Maccauw
1808 1637 2297 1686 gearriveert,
2336 1642 2459 1688 van
2499 1641 2662 1687 waer
2700 1638 2988 1687 alvoren
3027 1639 3150 1685 wel
3190 1640 3312 1687 een

1556 1792 1811 1841 Chinees
1846 1792 2030 1841 alles
2065 1797 2138 1842 te
2174 1797 2465 1844 vernemen
2502 1785 3047 1844 affgevaerdight,
3083 1785 3157 1833 en
3193 1785 3268 1833 de

2459 1865 2530 1919 O

1533 1944 1770 1994 Retour
1808 1946 2119 1993 sodanigh
2158 1946 2276 1993 een
2313 1945 2665 1994 andtwoord
2703 1939 2937 1988 sullen
2976 1939 3251 1991 becomen

1585 2098 1840 2148 hebben,
1876 2099 1986 2148 dat
2021 2093 2423 2143 voorgevolgh
2458 2089 2642 2138 weten
2677 2085 2787 2133 wat
2823 2082 2933 2129 hun
2968 2080 3042 2126 te
3078 2074 3225 2124 doen

1589 2259 1679 2308 off
1705 2255 1854 2305 laten
1884 2260 1973 2308 sal
2001 2264 2185 2324 staen,

1341 2513 1468 2564 Met
1509 2510 1593 2556 te
1626 2503 1967 2554 behouden
2008 2499 2217 2548 varen
2257 2498 2342 2545 en
2384 2494 2759 2543 aenlanden
2800 2493 2883 2538 de
2921 2488 3300 2538 Conckiise

1570 2662 1823 2713 schepen
1858 2657 2075 2706 alhier
2109 2651 2397 2700 verstaen
2432 2650 2505 2696 in
2539 2648 2684 2696 loco
2719 2643 2935 2692 aldaer
2971 2642 3079 2688 een
3115 2642 3330 2690 cleijn

1534 2804 1784 2858 voetsel
1820 2804 1890 2850 en
1926 2804 2244 2852 oversulcs
2278 2798 2562 2848 weijnich
2597 2796 2774 2842 sijde
2808 2788 3092 2841 gevallen
3127 2786 3234 2833 was
3268 2784 3305 2831 —

1558 2947 1659 2995 dat
1692 2951 1928 2998 geloove
1961 2950 2364 3000 veroorsaeckt
2396 2946 2465 2993 d'
2497 2943 2565 2989 E.
2598 2940 2767 2987 Comp.
2799 2938 2834 2983 e
2867 2937 2968 2983 soo
3001 2936 3136 2982 vele
3169 2934 3371 2981 sijde—

1567 3087 1680 3134 off
1716 3088 2277 3135 Coopmanschappen
2314 3087 2426 3133 wel
2464 3086 2651 3133 soude
2688 3086 2987 3132 begeert,
3024 3080 3189 3130 niet

1538 3238 1868 3285 gekregen,
1901 3235 2124 3285 hoewel
2158 3232 2344 3280 efter
2380 3234 2710 3284 vertrouwe
2745 3236 2820 3284 t'
2856 3234 3304 3282 Particulier—

1571 3388 1718 3437 niet
1753 3386 2228 3434 gemancqueerdt
2265 3384 2484 3431 heeft,
2519 3384 2631 3430 wes
2665 3387 3031 3435 versoghten
3067 3391 3140 3439 in

1561 3530 1874 3577 presentie
1907 3531 2012 3576 van
2046 3526 2220 3575 meest
2254 3522 2393 3570 alle
2427 3521 2497 3567 de
2531 3514 2843 3566 schippers
2878 3514 2947 3559 E.
2981 3513 3121 3559 oock
3155 3514 3192 3561 —

1616 3589 1654 3635 ƒ

1554 3656 1789 3704 genouch
1821 3659 1956 3706 saem
1988 3655 2422 3705 geprotesteert
2455 3651 2622 3701 hebbe
2654 3649 2756 3696 een
2785 3649 2888 3697 den
2920 3646 3323 3696 Particuliere

1559 3801 1949 3853 packhuijsen
1984 3799 2126 3846 eens
2160 3793 2373 3843 mochte
2409 3794 2656 3840 geopent
2691 3795 2764 3842 en
2797 3791 3228 3845 gevisiteerdt

1550 3953 1656 4002 dat
1690 3953 1900 4003 echter
1933 3951 2039 3998 bij
2073 3950 2143 3996 my
2177 3947 2317 3994 niet
2352 3939 2770 3992 geobtineerdt
2803 3935 2944 3983 noch
2978 3935 3049 3982 te
3081 3937 3258 3983 weegh

1554 4084 1631 4131 is
1666 4086 1890 4131 connen
1926 4079 2225 4131 gebraght
2262 4075 2523 4123 werden,
2560 4073 2747 4121 sults
2781 4075 2895 4122 dat
2931 4077 3081 4124 mijn
3117 4076 3268 4122 hier

1557 4214 1708 4261 mede
1745 4216 1859 4261 als
1896 4215 2122 4262 sijnde
2159 4211 2461 4259 gebonden
2498 4210 2612 4256 aen
2649 4206 2800 4255 vEd.
2837 4205 2876 4250 e
2913 4206 3064 4253 Rijv
3100 4197 3369 4251 oordeel

1536 4335 1691 4383 seer
1729 4337 1959 4385 gaerne
1997 4334 2113 4383 sal
2151 4331 2458 4380 gedragen
2496 4334 2573 4380 en
2611 4331 3033 4381 toeverlaten

2937 4546 3233 4602 De

617 279 843 351 Julio
884 270 1022 321 ao.
1065 266 1247 313 1646

2031 572 2189 621 l

1924 446 2367 500 Tonckin

2932 453 3175 502 1646
