3567 4801
2774 527 2940 576 881

869 649 1324 701 Hendrick
1380 645 2005 695 hendricksen
2061 644 2232 690 van
2288 646 2800 706 amsterdam

896 771 1000 825 in
1047 760 1298 813 jndia
1322 757 1694 804 gecomen
1738 757 1893 803 met
1940 757 2192 805 schip
2234 759 2341 806 d'
2389 759 2990 810 vogelstruijs

885 899 990 952 ao
1037 887 1245 942 1643
1294 879 1499 929 voor
1549 872 2111 925 Bootsgesell
2161 871 2214 918 a
2263 876 2316 922 2
2360 875 2416 924 8
2467 874 2620 920 ter
2670 873 2977 922 maendt

876 1014 1106 1067 werdt
1151 1011 1335 1059 door
1381 1010 1794 1056 expiratie
1839 1010 1978 1057 van
2008 1010 2206 1057 tijt
2252 1011 2344 1056 op
2389 1010 2573 1058 sijn
2618 1009 2997 1058 versoeck

861 1145 958 1193 jn
994 1136 1488 1190 qualiteijt
1535 1138 1680 1184 van
1727 1135 2065 1184 soldaet
2112 1133 2306 1180 omme
2353 1134 2547 1185 d'E.
2595 1137 2888 1187 comp„e

851 1250 1049 1301 daer
1098 1248 1294 1295 voor
1340 1243 1589 1293 drije
1634 1237 1932 1287 jaeren
1980 1234 2079 1280 te
2126 1232 2422 1281 dienen
2470 1235 2969 1284 aengenomen

881 1363 1070 1414 ende
1116 1359 1258 1407 een
1303 1348 1774 1404 belooningh
1820 1343 1962 1392 van
2009 1342 2197 1390 elff
2243 1340 2574 1390 guldens
2618 1341 2760 1388 ter
2805 1336 3045 1385 maent

872 1472 1382 1535 toegeleijdt
1427 1469 1474 1515 t
1518 1461 1797 1514 nieuwe
1841 1453 2212 1505 verbandt
2257 1453 2350 1499 en
2396 1454 2489 1500 d'
2534 1454 3042 1504 verbetering

882 1592 1048 1649 van
1100 1579 1377 1635 gagie
1425 1571 1652 1621 dato
1704 1567 1981 1615 deses
2036 1567 2476 1616 aenvanck
2527 1565 2916 1615 nemende

770 1752 1171 1826 Gerridt
1225 1740 1569 1794 jansen
1625 1740 1797 1788 van
1854 1730 2424 1784 oldenburgh
2476 1717 2594 1769 in
2649 1714 2937 1764 jndia

882 1867 1222 1925 gecomen
1269 1864 1367 1911 ao
1413 1857 1608 1909 1641
1655 1852 1851 1900 medt
1898 1851 2287 1898 struijdt
2333 1853 2576 1902 schip
2610 1841 2914 1902 vetten

874 1999 927 2049 a
969 1994 1021 2039 ƒ
1061 1990 1117 2038 9
1164 1985 1309 2034 ter
1355 1978 1645 2028 maendt
1692 1979 1885 2028 voor
1932 1969 2460 2025 Bootsgesell
2506 1964 2748 2013 werdt
2796 1963 2991 2009 door

864 2108 1266 2177 Expiratie
1309 2103 1445 2151 van
1489 2098 1668 2146 tijt
1713 2097 1803 2143 op
1842 2088 2026 2144 sijn
2070 2082 2428 2133 versoeck
2470 2075 2563 2127 in
2605 2062 3055 2117 qualiteijt

883 2231 1039 2288 van
1088 2212 1445 2274 soldaet
1495 2209 1700 2257 omme
1747 2201 1852 2253 d'
1903 2198 2005 2247 E.
2055 2192 2361 2242 Comp=e
2411 2185 2615 2235 noch
2664 2164 2920 2226 drije

906 2334 1238 2399 jaeren
1291 2330 1402 2378 te
1453 2318 1785 2373 dienen
1837 2302 2388 2362 aengenomen
2441 2293 2662 2347 ende
2714 2284 2881 2336 een

879 2447 1388 2524 Belooningh
1437 2436 1590 2489 van
1639 2430 1843 2480 elff
1892 2417 2247 2472 guldens
2296 2410 2449 2460 ter
2499 2403 2803 2454 maendt
2854 2395 3005 2448 toe

882 2568 1237 2636 geleijt
1278 2556 1636 2612 tnieuwe
1677 2546 2085 2600 verbandt
2119 2541 2235 2589 en
2281 2537 2385 2584 d'
2431 2521 3035 2580 verbeteringe

881 2685 1053 2746 van
1107 2669 1389 2728 gagie
1444 2658 1670 2713 dato
1724 2646 2006 2700 deses
2060 2632 2511 2689 aenvanck
2567 2620 2960 2676 nemende

829 2884 1284 2944 Hendrick
1340 2865 1681 2927 Ideres
1736 2859 1908 2908 van
1962 2852 2476 2903 amsterdam
2530 2849 2646 2900 in
2701 2844 2997 2896 jndia

889 2997 1228 3057 gecomen
1276 2991 1421 3040 met
1467 2976 1758 3035 tschip
1805 2968 1951 3019 der
1997 2959 2336 3012 wittele
2382 2951 2867 3004 olijphands

862 3122 966 3173 ao
1014 3114 1222 3166 1643
1270 3103 1425 3154 den
1474 3095 1578 3147 25
1625 3084 1883 3136 julij
1932 3077 2139 3129 voor
2188 3056 2750 3120 Bootsgesell
2800 3052 2903 3101 a:

830 3226 1237 3295 hebbende
1286 3215 1539 3269 nader
1588 3206 1842 3258 handt
1890 3195 2194 3248 alhier
2244 3194 2395 3242 aen
2444 3187 2698 3238 landt
2747 3185 2954 3234 voor

875 3349 1231 3416 soldaet
1280 3346 1331 3392 a
1380 3343 1432 3390 ƒ
1481 3341 1532 3387 9
1581 3334 1734 3385 ter
1783 3324 2086 3377 maendt
2134 3306 2538 3364 genooten
2586 3301 2839 3350 werdt
2888 3300 2993 3348 op

876 3469 1070 3522 sijn
1114 3456 1505 3513 vertoogh
1551 3446 1747 3498 ende
1793 3424 2423 3489 genegentheijt
2469 3423 2569 3472 d'
2614 3429 2664 3475 E
2709 3425 3002 3476 comp„e

871 3588 1067 3640 noch
1109 3573 1407 3631 langer
1453 3568 1553 3617 te
1601 3565 1894 3611 dienen
1942 3567 2138 3613 mits
2183 3551 2622 3614 Expiratie
2671 3551 2963 3597 sijnes

873 3701 1311 3755 verbandts
1357 3691 1505 3744 Bij
1552 3679 1795 3733 desen
1843 3676 2037 3725 inde
2082 3667 2328 3720 selve
2375 3660 2912 3711 qualiteijdt

866 3826 1019 3877 van
1068 3807 1423 3868 soldaet
1471 3789 1978 3849 aengenomen
2028 3781 2231 3833 ende
2280 3776 2433 3824 een
2483 3770 2991 3820 belooningh

871 3945 1018 3997 van
1064 3936 1258 3989 elff
1296 3915 1642 3975 guldens
1688 3909 1834 3958 ter
1880 3901 2170 3952 maendt
2205 3890 2747 3945 toegeleijdt
2795 3891 2987 3943 daer

832 4060 1061 4112 voor
1115 4039 1569 4104 gehouden
1620 4023 1963 4081 Blijft
2019 4020 2133 4068 d'
2184 4011 2301 4064 E.
2354 3995 2868 4056 Compagnie

873 4192 1083 4241 noch
1135 4185 1397 4236 drije
1447 4146 2443 4228 naestvolgendejaeren
2494 4141 2600 4189 te
2652 4127 2967 4184 dienen

859 4302 1469 4363 innegaende
1529 4290 1957 4344 tnieuwe
2010 4283 2501 4343 verbandt
2561 4277 2805 4327 ende

762 4440 1429 4517 verbeteringe
1480 4425 1649 4482 van
1704 4411 1981 4468 gagie
2036 4404 2257 4454 dato
2299 4397 2595 4448 deses

0 1323 27 1368 9

0 1429 252 1480 waerd

180 1660 246 1707 teij

188 1795 241 1840 di

0 2022 246 2072 ende

0 2131 245 2180 van
