3567 4801
2670 536 2870 602 967

553 534 787 606 Juny
839 526 1070 577 1846

952 711 1012 757 ue
1040 708 1396 755 begeerteende
1425 709 1661 755 versoeck
1691 708 1809 754 omme
1838 709 1956 757 alle
1986 712 2371 764 veroorsaeckte
2398 712 2665 765 onlusten,
2692 699 2813 756 ende

934 816 1356 870 verwijderingen
1386 814 1566 860 tegens
1596 813 1686 859 den
1717 813 1898 858 staedt
1927 815 2079 864 onser
2106 819 2288 865 Heeren
2318 815 2679 865 principaelen
2708 812 2799 859 aen
2828 808 2950 856 uwer

930 933 1042 985 side
1068 930 1125 976 te
1152 926 1428 975 repareren,
1455 925 1566 971 ende
1593 923 1677 970 met
1703 921 1787 968 ons
1814 920 1869 965 in
1896 919 2063 965 vorige
2090 919 2421 968 vrundtschap,
2447 919 2531 966 als
2557 904 2973 963 onderhandelinge

935 1051 993 1102 te
1019 1040 1348 1095 Continueren,
1373 1041 1456 1087 ten
1482 1040 1592 1085 dien
1618 1037 1755 1084 fijne
1781 1036 1918 1083 acces
1945 1038 2054 1084 ofte
2081 1039 2299 1085 geleijde
2325 1039 2409 1084 tot
2435 1039 2517 1085 pns
2543 1033 2708 1084 alhier

939 1162 1166 1215 verlenen
1192 1159 1364 1207 soude,
1391 1158 1562 1204 nevens
1589 1158 1702 1204 meer
1730 1155 1900 1202 andere
1928 1155 2126 1202 redenen
2154 1153 2521 1201 omstandelijck
2548 1151 2747 1199 gelesen
2775 1143 2944 1196 hebbe,

934 1279 1110 1327 wonrop
1138 1277 1429 1325 Cortelijck
1458 1275 1545 1322 soo
1575 1275 1691 1321 veel
1719 1275 1807 1320 die
1836 1273 2040 1319 materie
2068 1267 2389 1317 vereijscht,
2417 1265 2505 1311 tot
2534 1262 2796 1310 andtwoord
2823 1254 3000 1305 schge,

938 1409 1025 1455 ten
1053 1402 1256 1452 aensien
1285 1402 1343 1447 uE
1371 1397 1690 1446 Confesseert
1719 1396 1836 1442 ende
1863 1395 2153 1443 verclaerdt
2181 1393 2240 1439 40
2269 1389 2443 1438 Jaaren
2471 1388 2558 1434 met
2587 1389 2645 1435 d'
2674 1389 2732 1435 E.
2760 1388 2908 1435 Comp.
2933 1392 2966 1439 e

936 1523 996 1568 in
1025 1515 1356 1567 vrundtschap
1386 1513 1567 1560 sonder
1596 1513 1807 1559 eeniged
1837 1513 1988 1559 mins,
2017 1514 2077 1560 te
2106 1508 2438 1560 differentie
2467 1503 2891 1562 gefrequenteert

938 1643 1051 1691 ende
1077 1636 1387 1686 gehandeldt,
1412 1634 1499 1681 dat
1527 1634 1583 1679 uE
1610 1632 1696 1679 dan
1724 1630 2004 1678 dienvolgen
2032 1630 2089 1676 d'
2117 1630 2285 1676 Macht,
2313 1625 2566 1676 middelen,
2592 1618 2846 1668 sinceren—

933 1760 1052 1813 ende
1080 1752 1343 1804 oprechten
1371 1746 1546 1796 handel
1574 1744 1836 1792 desselfs,
1865 1747 1982 1792 niet
2009 1746 2186 1792 alleen
2213 1746 2302 1793 ten
2330 1747 2505 1793 Vollen
2533 1743 2768 1791 geweten,
2795 1745 2917 1799 maer

933 1884 1047 1939 oocq
1073 1879 1131 1927 d'
1157 1874 1325 1922 groote
1352 1866 1630 1918 proffijten
1658 1863 1880 1911 daeruijt
1908 1862 2242 1908 toegeveoeidt
2268 1859 2547 1906 successive
2573 1854 2825 1904 gesmaeckt

920 1999 1067 2053 hebt,
1095 1994 1241 2044 weecq
1268 1992 1385 2038 ende
1413 1988 1529 2036 onse
1557 1986 1934 2033 menichvuldige
1962 1986 2165 2032 gedaene
2193 1982 2511 2032 aenbiedinge
2539 1978 2627 2027 van
2655 1977 2771 2023 noch
2800 1974 2976 2023 vaster

936 2116 1232 2177 Conbunatie
1260 2111 1379 2160 ende
1407 2103 1792 2155 meerderhandel
1820 2101 1910 2148 met
1939 2102 1998 2147 ul
2028 2098 2412 2147 t'ondernemen,
2441 2098 2530 2143 ten
2559 2091 2796 2143 anderen—

934 2242 1052 2294 onse
1079 2233 1314 2286 getrouwe
1342 2225 1809 2277 waerschouwingen,
1837 2223 2158 2271 aenradingen
2186 2222 2245 2268 en
2275 2216 2479 2267 gedaene
2507 2206 2770 2260 devoiren,
2798 2202 2915 2249 omme

927 2371 989 2417 ul
1016 2363 1111 2414 uyt
1138 2358 1232 2406 den
1262 2351 1446 2402 Ydelen
1476 2347 1630 2395 waen,
1659 2345 1782 2393 ende
1812 2346 1934 2392 hope
1964 2345 2057 2391 van
2087 2344 2301 2391 meerder
2331 2341 2576 2391 aensien,
2606 2331 2820 2384 staedt,
2850 2328 2912 2375 en

932 2484 1270 2550 rijckdommen
1297 2476 1421 2527 door
1449 2471 1512 2519 't
1542 2465 1786 2516 hanteren
1815 2464 1907 2509 van
1937 2457 2394 2509 hoofschesaecken
2424 2456 2486 2502 t'
2516 2448 2851 2502 acquireren,
2878 2444 2946 2491 af

916 2621 972 2667 te
994 2607 1212 2663 leijden,
1238 2600 1372 2649 alsoo
1399 2597 1506 2645 uijt
1533 2597 1586 2642 d'
1612 2589 1935 2641 Voorgestelde
1959 2586 2095 2632 valst
2121 2581 2336 2631 kricken,
2363 2579 2470 2626 ende
2497 2577 2631 2624 lagen
2657 2574 2766 2621 uwer

915 2735 1200 2795 vijanden,
1230 2731 1420 2778 daerom
1452 2729 1546 2776 tot
1577 2726 1704 2774 noch
1735 2723 1862 2769 niet
1893 2719 2114 2768 ontlast
2145 2715 2240 2763 tyt
2270 2703 2619 2759 t'onswaerdt
2648 2699 2713 2747 te
2744 2691 2966 2743 trecken

933 2866 1048 2917 ende
1074 2857 1275 2910 onders'
1303 2849 1587 2901 Compagnies
1615 2839 1985 2893 verseeckerden
2013 2835 2184 2884 staedt
2210 2833 2269 2879 t'
2296 2824 2610 2878 herstellen,
2637 2819 2752 2869 ende
2779 2817 2867 2863 ten
2890 2816 2923 2864 —

913 2979 1171 3038 laetsten
1202 2963 1682 3023 onseveelvoudige
1712 2959 1906 3006 gedane
1937 2951 2193 3005 Clachten
2224 2948 2289 2995 en
2319 2934 2704 2992 protestatien
2733 2927 2928 2977 tegens
2958 2925 2992 2971 u

922 3104 1034 3153 ende
1061 3097 1228 3148 d'uwen
1253 3091 1449 3141 (alhier
1475 3089 1587 3136 over
1614 3088 1670 3133 d'
1696 3085 1809 3133 Mach
1835 3081 2002 3128 matien
2029 3080 2140 3126 ende
2167 3073 2501 3124 Mishandelijk
2527 3072 2611 3119 soo
2638 3070 2721 3116 Int
2749 3069 2889 3117 rijck

876 3234 971 3287 van
999 3219 1215 3276 Susier,
1244 3209 1580 3264 Tansjouwer,
1609 3205 1702 3253 als
1730 3201 1946 3249 elders,
1975 3193 2282 3245 mitsgaders
2309 3189 2403 3236 dat
2433 3187 2495 3233 uE
2524 3183 2769 3231 dagelicx
2798 3177 2953 3227 vande

926 3358 987 3404 E.
1010 3339 1283 3398 Compagnie
1312 3331 1491 3383 bijden
1521 3325 1759 3376 Coninck,
1789 3323 2087 3370 Rleijcken,
2117 3323 2236 3368 ende
2266 3317 2445 3368 andere
2473 3311 2683 3361 grooten
2712 3311 2892 3359 odieus
2921 3311 3001 3358 —,

920 3469 1034 3525 ende
1060 3461 1281 3513 verdaght
1306 3451 1528 3504 maeckte,
1554 3449 1637 3495 bij
1663 3446 1747 3492 den
1773 3439 2104 3490 verstandigen
2131 3433 2487 3483 g'examinceert
2515 3431 2707 3478 sijnde,
2733 3430 2789 3477 uE
2815 3428 3009 3477 excuse,

893 3583 974 3632 van
999 3583 1079 3630 dat
1104 3581 1132 3627 u
1158 3576 1291 3624 volcq
1316 3575 1397 3622 Int
1422 3574 1502 3621 Hof
1528 3570 1634 3618 dese
1660 3569 1952 3617 verwarringe
1978 3570 2190 3617 gesoght,
2214 3565 2322 3615 ende
2347 3564 2401 3610 ul
2427 3562 2613 3608 misleyt
2638 3554 2798 3606 souden
2822 3551 3011 3599 hebben,

916 3706 1030 3753 niet
1057 3701 1170 3750 voor
1198 3692 1648 3746 waerschijnelijck
1676 3692 1732 3738 op
1760 3691 1985 3739 genomen,
2013 3691 2126 3739 maer
2153 3690 2239 3735 ten
2266 3688 2520 3734 hoochsten
2546 3680 2801 3732 verdoemt,
2828 3671 2941 3724 ende

916 3815 1067 3864 alles
1096 3812 1158 3859 UE
1187 3811 1489 3864 hoochmoet,
1519 3811 1701 3858 Boose,
1730 3811 1852 3858 ende
1882 3806 2335 3858 onversadelijcke
2363 3803 2637 3850 beheerten
2667 3801 2758 3848 als
2787 3792 2909 3846 uijt

906 3935 1048 3987 eygen
1074 3927 1271 3978 boesem,
1296 3924 1409 3971 ende
1437 3921 1660 3969 hereenen
1686 3922 1771 3968 Van
1798 3921 2049 3969 overlange
2076 3917 2466 3968 geconcipieert,
2492 3912 2855 3964 toegeschreven
2873 3904 2912 3956 —

888 4070 987 4125 sal
1014 4056 1235 4112 werden,
1261 4049 1327 4099 te
1357 4043 1483 4094 meer
1513 4040 1577 4088 't
1607 4035 1950 4084 verbreecken
1980 4036 2074 4083 van
2104 4038 2136 4083 u
2166 4031 2385 4084 Jonghst
2415 4024 2695 4075 gemaeckte
2727 4020 2852 4069 ende

909 4171 1205 4227 besworden
1234 4162 1500 4214 Contract
1531 4159 1632 4207 met
1663 4154 1763 4203 drs
1796 4148 1993 4199 alhier
2025 4144 2256 4193 thooren
2288 4139 2552 4189 stropen,
2584 4133 2715 4182 dide
2747 4126 2979 4177 beseven

2729 1030 2824 1077 -

153 820 190 866 ken

0 1043 25 1089 en

0 1265 27 1311 me

145 1266 183 1311 sijn

0 1602 232 1648 aguir

0 1722 44 1770 de

0 2081 181 2130 en

88 2451 198 2498 vooren

197 2325 225 2370 n

0 3871 267 3921 Heuse

0 3956 173 4007 eerde

0 4039 244 4086 ederlants

0 4336 126 4385 ij
