3567 4801
2672 544 2823 602 911

489 502 778 562 Decemb.
817 500 981 548 1645

932 769 1007 826 Jn
1040 763 1348 811 winserom,
1382 763 1826 812 tlarrapillij,
1860 765 1998 811 ende
2031 764 2270 812 straeuw
2304 767 2544 813 isserom
2578 768 2749 814 lagen
2781 766 2817 812 9

955 867 1299 922 vaertuijgen
1329 867 1486 913 groot
1516 867 1767 913 tusschen
1797 869 1890 914 540
1922 869 1953 914 a
1981 867 2047 914 50
2077 868 2264 914 Candij
2295 869 2514 914 geladen
2544 865 2639 913 met

971 969 1361 1022 maintementos
1394 969 1622 1015 waervan
1653 969 1688 1015 7
1718 970 1751 1016 „
1784 970 1816 1015 6
1848 970 1881 1015 a
1914 970 1947 1016 8
1979 971 2141 1018 dagen
2174 973 2305 1019 naer
2336 972 2467 1019 dato
2498 970 2564 1016 in
2596 968 2694 1014 see
2726 961 2889 1012 staen

969 1085 1030 1131 te
1059 1083 1269 1131 loopen,
1298 1081 1418 1127 ende
1446 1080 1687 1126 d'andere
1716 1081 1925 1127 tweedie
1955 1082 2075 1128 noch
2105 1083 2255 1130 haere
2284 1084 2642 1131 volleladingh
2671 1080 2798 1129 niet

952 1193 1130 1243 hebben
1158 1190 1335 1238 souden
1364 1190 1452 1235 wat
1482 1190 1658 1237 langer
1687 1192 1951 1239 tarderen,
1980 1193 2185 1241 daervan
2215 1196 2274 1241 d'
2303 1195 2537 1242 Eygenaer
2567 1195 2684 1241 door
2713 1194 2772 1240 d'
2801 1188 2921 1238 onse

964 1300 1308 1354 g'annimeert
1339 1300 1432 1346 syn
1463 1301 1712 1347 gewerden
1743 1300 1837 1346 van
1868 1300 1993 1347 daer
2023 1302 2179 1350 recht
2210 1305 2334 1350 door
2365 1305 2490 1351 naer
2521 1303 2865 1351 palliacatta

962 1420 1022 1466 te
1048 1415 1318 1463 tenderen,
1347 1415 1437 1460 den
1466 1411 1763 1461 almogenden
1792 1411 1972 1458 Brenge
2000 1415 2061 1461 d'
2089 1416 2239 1462 selve
2267 1417 2357 1463 met
2386 1418 2535 1465 lieff
2564 1420 2624 1466 In
2653 1421 2802 1470 salvo
2829 1422 2862 1469 —

757 1604 820 1650 An
846 1593 913 1645 30
937 1582 1005 1633 d.
1035 1580 1067 1625 o
1095 1572 1407 1623 becomep.:r
1438 1572 1842 1619 masulipatamse
1873 1574 1967 1621 pan
1997 1578 2184 1624 amaers
2213 1578 2307 1624 een
2338 1577 2587 1624 briefken
2618 1577 2804 1625 vanden

966 1688 1380 1737 opvercoopmans.
1408 1687 1439 1732 r
1467 1684 1646 1731 Pieter
1676 1685 1824 1731 sijme
1852 1685 2120 1733 gedateert
2148 1689 2208 1734 19
2236 1687 2474 1734 december
2503 1683 2741 1732 dienende

958 1793 1227 1842 eenlijck
1258 1797 1358 1843 tot
1389 1795 1756 1842 accompagnia
1788 1797 1889 1844 van
1921 1798 2153 1844 missive
2185 1796 2484 1843 gedateert
2516 1795 2583 1841 23
2616 1786 2882 1840 November

957 1907 1144 1954 nevens
1175 1905 1361 1952 andere
1392 1905 1671 1951 pampieren
1702 1904 1826 1950 ende
1856 1902 2198 1948 doccumenten
2225 1896 2569 1947 Concerneren
2599 1893 2693 1940 den

947 2019 1361 2073 Jegenwoordigen
1390 2018 1655 2065 toestandt
1685 2019 1744 2065 in
1770 2017 1950 2065 partia
1979 2017 2097 2062 door
2127 2015 2215 2062 den
2244 2010 2510 2059 directeur
2538 2005 2687 2053 Aremt

907 2133 1191 2202 Barentsen
1221 2132 1285 2178 in
1315 2130 1565 2176 Souratta
1595 2129 1782 2175 Aensen
1813 2128 2124 2176 gouverneur
2154 2126 2342 2173 Aenold
2372 2122 2590 2172 Heussen
2621 2113 2964 2167 gecharteere

949 2236 1142 2289 daerbij
1169 2233 1308 2281 onder
1334 2231 1528 2277 anderen
1555 2231 1778 2280 vernemen
1804 2236 1971 2285 hoedat
1997 2241 2081 2288 den
2107 2242 2246 2288 1.:en
2272 2237 2522 2287 september
2549 2234 2770 2282 spoedigh
2797 2234 2858 2279 en

947 2347 1151 2399 behouden
1176 2344 1278 2392 (god
1301 2340 1379 2389 lof
1404 2338 1455 2384 in
1480 2337 1683 2384 soualijs
1709 2339 1810 2386 Chom
1836 2340 1912 2386 ten
1937 2339 2267 2385 anckergecomen
2292 2339 2368 2384 Is,
2394 2337 2445 2384 d'
2470 2335 2597 2382 fluyt
2622 2328 2854 2379 overschie

940 2456 1066 2506 synde
1090 2453 1166 2500 den
1189 2451 1265 2497 22.
1289 2448 1340 2495 en
1364 2447 1565 2493 augustus
1589 2448 1664 2493 van
1688 2447 1814 2493 mocha
1839 2449 2063 2495 geseyldt,
2088 2447 2288 2495 waermede
2312 2446 2363 2492 d'
2388 2441 2637 2491 Coopluyden
2659 2438 2712 2486 W.
2734 2435 2762 2481 e
2785 2431 2986 2479 Salleman

942 2566 1038 2614 ende
1060 2560 1300 2610 oudemeulen
1324 2560 1396 2606 met
1419 2558 1587 2605 alled:'
1610 2557 1850 2604 resterende
1873 2557 2041 2603 vrunden
2063 2556 2112 2602 in
2135 2555 2256 2600 goede
2279 2550 2518 2599 dispositie
2542 2550 2614 2596 bij
2638 2548 2733 2596 sijn
2757 2548 2781 2593 E

938 2674 1294 2731 geretourneert
1320 2668 1457 2718 sijn,
1484 2665 1729 2713 brengende
1756 2663 1838 2710 een
1865 2661 2029 2709 mochas
2056 2654 2410 2706 Cargasoentgen
2436 2650 2655 2698 Costende
2681 2649 2764 2694 met
2790 2645 2903 2693 alle

937 2781 1178 2834 ongelden
1207 2779 1268 2825 d'
1296 2774 1447 2823 somme
1477 2773 1568 2819 van
1598 2770 1898 2818 ƒ98368„7„5
1927 2769 1958 2814 „
1987 2767 2048 2814 d.
2078 2766 2108 2811 o
2138 2762 2469 2811 oudermeulen
2498 2760 2589 2807 Was
2618 2749 2920 2804 naderhande

940 2899 1018 2945 met
1040 2891 1147 2943 alle
1172 2889 1224 2935 d'
1248 2886 1353 2934 oude
1378 2882 1612 2930 restanten
1637 2880 1715 2926 van
1741 2878 1896 2924 Cleden
1921 2876 2025 2922 naer
2049 2873 2154 2921 Gena
2180 2868 2387 2918 gereijst
2413 2867 2516 2913 ende
2541 2866 2594 2912 in
2619 2866 2672 2912 ip
2697 2862 2878 2910 gecomen

926 3009 1088 3065 sijnde
1113 3004 1298 3053 d'selve
1325 3000 1483 3049 aenden
1508 2992 1852 3044 Veldtoversten
1878 2990 1958 3037 van
1983 2987 2089 3034 Yman
2115 2986 2194 3031 tot
2221 2981 2484 3031 Beterprijs
2510 2979 2616 3026 sals
2642 2976 2695 3023 't
2720 2964 2960 3020 vermoeden

948 3119 1065 3166 was)
1094 3114 1240 3164 quijt
1269 3107 1502 3158 geraeckt
1529 3104 1589 3151 't
1617 3100 1792 3149 Nieuwe
1821 3099 2083 3146 Cargatoen
2111 3096 2199 3144 met
2228 3090 2432 3141 gemelte
2461 3085 2636 3133 fluijt
2664 3081 2781 3128 daer
2808 3079 2898 3126 aen

925 3219 1154 3276 gebraght
1179 3218 1237 3265 Is
1264 3214 1350 3262 ter
1375 3207 1573 3257 eerster
1601 3202 1854 3252 Instantie
1882 3200 1994 3246 mede
2021 3198 2106 3244 met
2134 3192 2415 3243 redelijcke
2442 3186 2639 3235 aevance
2667 3175 2975 3231 gedebiteert

924 3328 1062 3377 sulcx
1089 3324 1200 3373 niet
1227 3319 1503 3368 onverkocht
1529 3314 1750 3364 gebleven
1776 3309 1860 3357 8b,
1887 3308 1970 3353 als
1996 3305 2107 3353 5022
2132 3302 2190 3350 lb
2216 3296 2437 3346 alluijn,
2465 3293 2575 3342 ende
2601 3287 2795 3337 omtrent
2821 3279 2905 3331 200

915 3433 1060 3487 bhaer
1086 3429 1230 3478 Peper
1256 3425 1343 3472 die
1370 3419 1541 3469 haeren
1568 3416 1767 3463 meester
1794 3413 1909 3461 niet
1935 3410 1994 3458 en
2021 3406 2164 3455 konde
2191 3404 2419 3450 krijgen,
2446 3396 2702 3449 oorsaecke
2729 3392 2815 3440 den

929 3539 1141 3589 Cleijnen
1166 3533 1352 3583 aftreck
1376 3523 1668 3577 ontstaende,
1693 3519 1905 3568 eenlijck
1930 3517 2037 3564 uijt
2061 3513 2142 3561 den
2168 3507 2353 3558 grooten
2378 3500 2563 3551 toevoer
2588 3498 2668 3545 die
2694 3494 2803 3543 uijt

921 3639 1254 3703 Cristenryck
1283 3633 1405 3683 naer
1433 3621 1705 3676 Turckijen
1734 3619 1916 3666 gedaen
1945 3617 2127 3664 werdt,
2156 3612 2307 3661 wandt
2337 3611 2428 3657 dit
2458 3608 2578 3656 Iaer
2607 3603 2729 3652 niet
2758 3602 2850 3648 een

880 3747 1212 3802 Mallachaers
1242 3737 1544 3792 vaertuijch
1572 3733 1665 3780 met
1694 3722 2177 3776 peperdaergeweest
2207 3718 2299 3767 &s,

870 3897 934 3946 d'
964 3886 1209 3942 suijvere
1238 3878 1453 3929 Winsten
1482 3875 1545 3922 't
1574 3863 1850 3919 voorleden
1879 3857 2155 3908 saeijsoen
2185 3855 2247 3900 in
2276 3849 2430 3899 mocha
2460 3840 2741 3893 gevallen.

906 3987 1146 4038 monteren
1170 3983 1207 4031 ƒ
1233 3969 1534 4027 38536„4„2„
1562 3960 1714 4013 synde
1743 3951 2103 4004 geprocedeert
2132 3950 2283 3996 vande
2312 3946 2553 3995 volgende
2579 3943 2822 3990 goederen
2852 3941 2917 3988 te

909 4080 1105 4139 weten

1938 4120 2140 4170 mme
2199 4122 2271 4172 ƒ
2309 4104 2728 4169 9914„5

913 4157 1054 4210 vande
1081 4151 1193 4200 oude
1218 4140 1471 4195 restanten
1498 4139 1554 4184 21
1580 4137 1610 4184 P
1637 4135 1694 4181 r.
1720 4132 1805 4182 Co.
1829 4125 1915 4174 Com

1920 4152 1964 4202 to

2374 4163 2809 4224 5509„10„-

1872 4164 1925 4215 PC

915 4222 1066 4280 vande
1092 4212 1300 4265 Jonghst
1327 4204 1564 4256 gesonden
1590 4196 1769 4248 Cleden
1795 4194 1887 4241 22¼
1915 4192 1975 4242 pr
1994 4177 2149 4230 Cto—.

908 4295 1046 4344 vande
1072 4282 1346 4338 specerijen
1372 4272 1619 4325 spiaulter
1644 4261 1864 4316 porcelen
1890 4254 2001 4305 insh
2025 4246 2111 4296 284
2131 4239 2164 4287 3
2187 4223 2246 4281 pC
2267 4210 2324 4257 to

2364 4231 2810 4285 28112„13„3

2316 4318 2831 4381 38536„9„2

2026 4308 2247 4377 ma

2734 4457 2882 4511 wat
