3410 4985
1164 507 1448 565 facture,
1481 522 1729 574 breeder
1763 529 1941 578 hadde
1974 536 2397 589 voorgenoomen
2431 542 2503 588 in
2537 542 2750 593 deesen
2783 549 2855 595 te
2889 551 3105 601 weesen

1165 598 1301 649 maar
1333 604 1570 654 dewijle
1601 611 1871 660 overijlt
1902 617 2137 669 werden,
2170 624 2305 675 ende
2338 630 2506 678 alles
2539 633 2608 682 zo
2639 639 2908 691 heestich
2941 644 3146 693 sonder

1161 692 1469 745 behoorlijk
1498 702 1622 749 tijt
1651 705 1744 751 tot
1774 705 1836 750 't
1866 705 2021 753 geene
2050 710 2112 756 te
2142 712 2450 765 verrichten
2479 721 2696 776 noodich
2725 732 2909 778 moeten
2939 730 3001 776 as

1122 789 1415 841 breecken
1450 787 1596 833 ende
1631 786 1705 833 't
1740 790 1959 842 vorder
1993 799 2393 853 gepasseerde
2427 809 2610 858 aende
2644 804 3087 860 overcoomende

1164 886 1452 936 vrunden
1492 882 1865 931 refereren

1791 1362 2058 1417 Eersame
2096 1361 2553 1407 voorsienighe
2590 1363 2742 1410 zeer
2779 1360 3122 1411 discreete

704 1394 840 1447 Van
883 1382 1240 1436 gasackij
1283 1375 1419 1427 int

1862 1460 1897 1506 V
1928 1463 1962 1508 L
1988 1459 2095 1508 met
2127 1458 2262 1504 zijn
2293 1458 2395 1505 bij
2427 1458 2694 1506 hebbende
2725 1459 3062 1508 geselschap
3091 1466 3233 1520 naar

758 1491 1233 1545 keijserrijck
1268 1487 1483 1539 Japan

740 1599 938 1649 desen
970 1598 1136 1649 21:'
1173 1602 1450 1653 octob:r
1484 1600 1606 1647 A:o
1641 1578 1803 1645 1646
1840 1556 2275 1625 Groetenisse
2310 1558 2391 1605 de
2428 1558 2864 1609 mogentheijt
2902 1565 3139 1616 goddes

1837 1658 2305 1709 beveelende,

2446 1754 3113 1807 Onderstond/.

2159 1928 2271 1973 uE
2321 1910 2719 1971 Genegen
2774 1903 3055 1954 vrund
3109 1901 3222 1961 /:

2279 2117 2691 2181 Reijnter
2742 2111 2896 2159 van
2946 2104 3152 2156 Thum

2128 998 2386 1066 Hier
2450 1013 2709 1066 mede

537 1423 612 1472 1
