3567 4801
2775 558 2949 611 866

1434 670 1616 722 Den
1672 679 1796 725 24
1855 679 2158 729 april
2217 686 2460 736 anno
2518 693 2821 744 1646„

829 966 1171 1021 sfruijdt
1208 965 1425 1013 schip
1466 950 1890 1010 heemsteede
1932 950 2020 998 op
2059 956 2145 1004 9e
2186 961 2399 1011 deser
2440 967 2567 1014 van
2609 961 2949 1014 pijpelij

872 1091 998 1138 tor
1040 1088 1124 1136 de
1164 1085 1417 1133 rheede
1454 1082 1711 1130 alhier
1752 1080 1963 1128 (godt
2004 1078 2172 1125 loff
2214 1074 2802 1123 geretourneert,
2842 1061 3012 1119 ende

860 1211 994 1258 met
1039 1208 1174 1256 228
1217 1199 1487 1252 packen
1531 1193 1934 1245 diversche
1978 1191 2471 1239 sorteringhe
2514 1187 2650 1237 van
2694 1173 3009 1231 cleeden

860 1346 1117 1395 212293
1158 1342 1244 1389 lb
1283 1324 1837 1386 geraffineerde
1877 1319 2260 1368 salpeeter
2300 1318 2514 1367 68000
2554 1310 2641 1360 lb
2680 1298 2853 1353 rijs

860 1478 1069 1533 20400
1109 1472 1234 1521 lb.
1273 1467 1316 1514 e
1356 1458 1605 1510 nillij
1643 1455 1687 1502 6
1728 1451 2017 1499 leggers
2057 1449 2347 1497 arracq,
2387 1446 2552 1494 ende
2588 1430 2926 1491 weijnige

853 1596 1287 1662 proviesie
1332 1588 1812 1644 monterende
1859 1585 2051 1633 medt
2093 1581 2194 1629 d'
2240 1562 2913 1624 gesupporteerde

877 1719 1254 1777 ongelden
1301 1712 1628 1763 t'samen
1673 1713 1722 1759 ƒ
1763 1709 2049 1760 86820„
2095 1701 2377 1753 10„14„
2421 1681 2946 1743 midtsgaders

878 1857 1062 1909 noch
1105 1852 1288 1902 3948
1332 1844 1557 1898 parra
1602 1834 1782 1887 rijs
1824 1830 1962 1878 bij
2006 1824 2187 1875 onse
2230 1815 2412 1867 voor
2455 1800 2953 1859 affgesonden

867 1980 1313 2037 expressen
1352 1975 1510 2025 van
1552 1967 1757 2019 hier
1805 1958 1905 2010 in
1952 1946 2250 2002 Conare
2298 1947 2398 1995 op
2445 1939 2546 1989 d'
2590 1931 2792 1981 Cust
2840 1930 2989 1978 van

870 2115 1131 2166 oruxa
1183 2101 1916 2159 geprocureerdt,
1941 2092 2385 2145 beladen,
2435 2074 2645 2135 ende
2696 2060 2906 2115 medt

875 2241 1476 2313 Communicatie
1525 2238 1724 2285 ende
1768 2232 2022 2282 goedt
2072 2225 2370 2277 vinden
2418 2219 2717 2268 vanden
2766 2215 3016 2262 raedt

883 2385 934 2435 t
955 2380 1259 2437 nodige
1305 2373 1494 2423 voor
1538 2360 1729 2417 hier
1774 2357 1964 2405 uijt
2011 2351 2341 2400 gemelte
2386 2339 2906 2397 heemstedens

888 2511 1082 2564 mede
1122 2491 1558 2554 gebrachte
1605 2481 1987 2535 goederen
2034 2475 2559 2526 namentlijck
2606 2469 2845 2519 41896
2892 2467 2988 2513 lb

881 2620 1571 2690 Gerasfineerden
1618 2611 2012 2664 salpeter
2060 2610 2208 2658 tot
2256 2609 2355 2656 't
2404 2603 2747 2654 maecken
2794 2599 2954 2648 van

785 2765 1266 2856 Buscruijdt
1313 2763 1361 2809 6
1407 2757 1744 2809 leggers
1791 2750 2078 2801 aracq,
2121 2745 2317 2795 alle
2363 2739 2508 2787 den
2553 2734 2794 2783 rijs,
2841 2732 2937 2781 en

865 2899 1179 2953 Nillij,
1223 2893 1714 2944 midtsgaders
1753 2879 2114 2937 weijnich
2158 2873 2426 2923 andere
2470 2858 2917 2917 proviesie,

837 3028 1187 3084 gelicht,
1229 3025 1405 3072 ende
1448 3021 1580 3069 ten
1623 3015 1930 3065 meesten
1969 3004 2279 3062 dienste
2319 2998 2540 3048 vande
2584 2997 2674 3044 E:
2715 2997 2934 3047 Comp.
2971 2996 3021 3044 e

882 3160 1110 3219 goedt
1154 3142 1515 3202 gevonden
1560 3138 1831 3187 sijnde
1873 3140 1965 3187 't
2010 3140 2461 3189 resterende
2505 3136 2641 3185 van
2685 3132 2867 3181 sijn

870 3291 1157 3344 Cargo
1208 3285 1442 3338 voor
1496 3271 1900 3330 Batavia
1953 3262 2186 3315 daer
2240 3254 2357 3304 jn
2408 3247 2528 3296 te
2585 3236 2871 3289 laten

823 3409 1376 3471 verblijven,
1427 3402 1778 3453 draeght
1826 3395 1979 3446 den
2028 3382 2531 3438 Gouverneur
2581 3380 2732 3426 den
2782 3376 3036 3425 raedt

856 3563 1062 3616 voor
1110 3553 1267 3603 end
1316 3543 1575 3596 geeft
1626 3536 1832 3588 haer
1882 3533 1986 3582 E:
2034 3526 2140 3576 jn
2185 3515 2705 3568 bedencken,
2746 3521 2909 3570 ten

864 3696 1261 3751 aensien
1316 3688 1488 3740 wij
1535 3670 1997 3733 Bevinden
2052 3654 2732 3713 mancquerende
2788 3651 2958 3698 aen

856 3822 1288 3888 desselffs
1335 3810 1573 3865 weder
1619 3797 2144 3854 affladinghe
2188 3788 2335 3840 met
2382 3778 2715 3831 'tgeene
2762 3775 3002 3823 buijt

841 3960 1047 4015 dien
1096 3957 1402 4006 alhier
1450 3948 1553 3997 in
1603 3941 2110 3989 voorraedt,
2158 3937 2312 3985 ten
2362 3933 2870 3986 meerendeel

838 4084 1134 4144 cunnen
1182 4070 1676 4127 suppleren,
1724 4065 1922 4115 offt
1971 4060 2119 4108 men
2167 4059 2365 4106 medt
2413 4055 3006 4105 d'afsendinge

876 4231 1115 4284 naer
1169 4204 1592 4274 Batavia
1651 4192 1950 4245 jnder
2008 4185 2309 4237 haest
2363 4178 2966 4232 voortganck

856 4362 1176 4418 nemen,
1228 4351 1440 4406 ofte
1492 4341 1650 4392 wel
1703 4340 1756 4386 t
1808 4330 2073 4384 jacht
2121 4306 2760 4375 grijpskercke

2537 4499 2849 4564 Dat
