3553 4712
1437 1004 1653 1055 vrunden
1684 1003 1777 1049 ine
1806 999 2055 1049 ooeralen
2084 1000 2146 1047 of
2177 1002 2486 1052 geabiseert
2514 1008 2578 1057 te
2608 1012 2825 1062 worden,
2854 1019 2977 1067 doch
3008 1022 3317 1077 insndelhej

1437 1170 1526 1217 dat
1553 1165 1701 1215 goede
1730 1161 1877 1210 sorge
1903 1160 2110 1209 draacht
2139 1162 2373 1209 sodanige
2401 1164 2489 1211 off
2519 1166 2607 1212 wie
2635 1166 2723 1213 het
2752 1166 2900 1214 soude
2927 1170 3076 1224 mogen
3102 1181 3251 1229 wesen

1439 1313 1581 1363 onder
1608 1307 1778 1356 schijn
1805 1304 1890 1352 van
1919 1302 2228 1353 vrintschap,
2256 1308 2623 1356 nederlandsche
2651 1311 2821 1360 vlagen
2848 1316 2934 1364 off
2958 1318 3131 1368 andere
3157 1325 3271 1376 pre„

1429 1463 1602 1514 terten
1629 1464 1742 1509 niet
1770 1461 1855 1509 aan
1883 1457 2024 1505 boort
2051 1455 2224 1503 comen,
2250 1460 2363 1506 veel
2391 1461 2476 1507 min
2503 1462 2591 1509 dat
2616 1466 2701 1514 uE.
2729 1469 2843 1515 sich
2869 1466 2957 1512 tot
2983 1468 3153 1518 sulcke
3181 1473 3209 1518 —

1428 1608 1645 1666 begeeft
1674 1604 1798 1652 ofte
1827 1606 1888 1654 't
1918 1610 2072 1659 zelve
2099 1613 2192 1660 van
2222 1612 2405 1658 andere
2435 1612 2680 1660 gedoocht
2708 1615 2832 1661 waar
2861 1617 2953 1662 toe
2983 1617 3137 1664 Comme
3165 1620 3258 1669 uE.

1436 1755 1547 1803 hier
1573 1754 1658 1801 van
1686 1753 1741 1799 te
1769 1750 2102 1798 verseeckeren
2130 1750 2188 1799 )'
2212 1756 2436 1803 alvooren
2459 1757 2686 1807 eysschen
2709 1761 2823 1808 ende
2850 1761 3100 1810 overnemen
3128 1765 3242 1811 salt

1434 1908 1497 1957 de
1522 1902 1769 1953 brieven,
1799 1902 1891 1949 der
1921 1901 2226 1948 respective
2256 1903 2500 1951 cameren,
2530 1907 2621 1953 die
2651 1907 2865 1955 volgens
2895 1907 2987 1954 het
3016 1906 3308 1956 schrijven

1455 2056 1541 2102 van
1568 2044 1942 2099 bovengemelten
1970 2044 2172 2089 Heeren,
2199 2045 2286 2091 bij
2314 2046 2371 2091 de
2400 2046 2687 2094 cruijssers
2714 2048 2831 2094 ende
2858 2045 3176 2096 verversingh

1444 2198 1659 2251 schepen
1686 2193 1871 2241 sullen
1901 2194 2054 2240 wesen
2084 2195 2388 2241 alswanneer
2418 2195 2693 2242 bemercken
2722 2195 2906 2242 moocht
2936 2195 3029 2241 dat
3058 2193 3181 2241 niet

1447 2347 1690 2399 misleijt
1716 2345 1780 2393 of
1809 2343 2080 2391 bedrogen,
2110 2346 2261 2393 word,
2290 2348 2440 2395 twelc
2470 2349 2591 2396 wbij
2620 2351 2651 2398 u
2680 2352 2771 2398 E:.
2801 2353 2982 2399 nevens
3010 2354 3073 2402 de
3101 2359 3255 2406 goede

1450 2497 1595 2545 zorge
1621 2493 1740 2542 voor
1768 2492 1885 2538 vier
1913 2490 2030 2537 ende
2059 2490 2205 2536 licht
2232 2492 2320 2538 tot
2348 2492 2698 2541 voorcommingh
2722 2495 2813 2542 van
2841 2497 3102 2543 disayster
3130 2497 3247 2543 (als

1474 2661 1568 2708 God
1599 2656 1786 2707 betent
1817 2656 1912 2702 het
1941 2654 2098 2702 Schip
2129 2654 2410 2703 Dordrecht
2441 2658 2505 2705 a.
2535 2661 2567 2706 o
2597 2660 2754 2706 1630:
2783 2658 2848 2705 is
2879 2656 3225 2707 toegecomen)

1447 2816 1540 2863 ten
1567 2804 1849 2859 hooghsten
1878 2800 2343 2848 gerecommandeert
2372 2803 2497 2850 ende
2527 2804 2744 2851 bevolen
2775 2806 2960 2852 laten,
2990 2806 3052 2851 op
3083 2803 3176 2851 dat

1445 2972 1649 3027 ghijlij
1676 2966 1848 3016 buyten
1876 2964 2076 3011 ongeval
2102 2962 2218 3010 ende
2246 2962 2303 3007 d'
2331 2962 2389 3008 E.
2416 2963 2560 3009 Comp.
2587 2964 2616 3010 e
2644 2966 2758 3012 voor
2786 2967 2957 3013 schade
2984 2963 3159 3011 behoed

1442 3123 1674 3180 blijve.

1435 3387 1558 3458 Als
1590 3375 1823 3427 geheyt
1860 3374 2052 3420 staan
2089 3375 2165 3421 u.
2203 3376 2280 3424 E.
2317 3379 2394 3426 de
2431 3376 2545 3423 vor
2583 3375 3041 3425 gementomelid
3075 3379 3117 3426 :
3153 3375 3269 3425 tse

1547 3514 1755 3571 Schepen
1782 3521 1901 3567 cort
1931 3521 1990 3567 te
2018 3523 2226 3576 volgen,
2254 3532 2342 3579 byj
2371 3533 2549 3581 aldien
2577 3537 2638 3583 de
2666 3540 2814 3585 zelve
2842 3541 3019 3587 door't
3048 3543 3136 3588 een
3165 3541 3256 3588 oft

1462 3678 1606 3725 ander
1635 3676 1866 3723 interval
1895 3678 1981 3724 ten
2010 3677 2415 3725 gepresigeerden
2443 3680 2616 3730 tijde,
2645 3685 2761 3732 niet
2787 3686 2877 3733 bij
2904 3689 2964 3737 de
2989 3693 3136 3740 Vloot
3163 3696 3254 3747 ge„

1455 3826 1796 3876 verscheenen
1825 3830 1950 3877 zijn
1978 3832 2165 3883 sullen
2195 3837 2288 3884 uE.
2319 3836 2535 3882 wanneer
2565 3837 2628 3882 de
2657 3835 2967 3885 Cruijssers
2997 3838 3225 3885 omtrent

1433 3986 1668 4041 Hitland
1700 3987 1900 4035 gemoet
1931 3990 2195 4038 besorgen
2227 3990 2327 4037 dat
2360 3990 2492 4036 hare
2525 3991 2690 4041 macht
2722 3992 3021 4042 verdeelen

1471 4132 1540 4180 om
1573 4130 1642 4176 op
1675 4129 1744 4174 de
1777 4130 1946 4175 zelve
1980 4130 2116 4176 mede
2150 4131 2218 4177 te
2250 4132 2489 4178 blijven
2522 4131 2728 4179 waeren
2759 4136 3031 4184 Sodanich
3064 4135 3166 4183 als

1451 3499 1511 3554 ƒ

2929 4297 3176 4346 den

1944 523 2073 570 Cavin
2098 522 2278 568 Millime
2303 522 2406 567 door
2432 522 2534 567 dien
2560 522 2637 568 Cr.
2662 521 2893 568 directeur
2917 521 3046 569 Arent
