3567 4801
2715 549 2895 602 937

566 509 876 563 february
914 501 1069 554 1846

900 700 1077 751 Hierop
1106 696 1399 745 andtwoorde
1427 696 1487 743 d'
1516 696 1663 743 mays.
1692 698 1722 744 t
1748 695 1868 742 dien
1897 697 2045 747 raedt
2072 703 2220 752 goedt
2248 708 2338 754 was
2364 709 2659 756 belastende
2687 704 3018 755 haerluijden

775 752 853 801 8

994 810 1073 857 aen
1098 807 1204 855 must
1228 803 1413 851 afschan
1439 802 1492 847 te
1518 801 1754 850 schrijven
1780 805 1886 851 omme
1911 806 1964 852 te
1990 808 2123 858 weten
2147 814 2279 862 sijne
2304 817 2514 864 Intentie
2540 818 2619 864 tot
2645 818 2750 863 dien
2776 817 2910 865 eynde

976 924 1283 982 sanckeraije
1308 914 1533 967 parteloe
1561 914 1646 960 met
1672 916 1756 961 een
1783 915 1923 961 andel
1950 915 2257 965 begiftigen,
2285 919 2397 964 ende
2424 916 2759 963 medederwaerd
2786 914 2843 961 ts
2869 906 3095 959 sendende

982 1080 1153 1136 aende
1185 1067 1492 1124 rleijcken
1525 1064 1695 1111 heeft
1728 1065 1864 1111 mede
1897 1064 2001 1110 met
2033 1065 2237 1111 groote
2270 1062 2677 1112 complementen
2708 1058 2849 1106 syne

974 1178 1197 1231 vercregen
1220 1170 1418 1222 victorie
1441 1165 1590 1214 tegens
1615 1165 1664 1210 d'
1689 1163 1837 1210 mooren
1861 1162 1960 1208 doen
1983 1162 2206 1208 verstaen,
2230 1163 2329 1209 ende
2353 1162 2427 1208 dat
2452 1163 2551 1209 haer
2575 1158 2773 1209 Voordeel
2797 1156 2846 1202 en

971 1275 1352 1330 verseeckeringe
1378 1274 1488 1320 was,
1515 1268 1706 1318 wijders
1733 1265 1951 1313 schieden
1977 1263 2169 1311 Coninck
2195 1260 2305 1308 omme
2331 1257 2495 1305 andere
2522 1247 2850 1302 Ambassadeurs
2875 1242 2959 1291 aen

968 1378 1190 1437 sleijcken
1213 1376 1263 1422 te
1285 1370 1458 1421 senden,
1480 1365 1603 1413 soude
1627 1364 1676 1410 d'
1700 1362 1847 1408 saecke
1871 1362 1969 1408 maer
1992 1363 2260 1409 Vertraegen,
2284 1363 2334 1409 't
2356 1360 2455 1407 ware
2479 1355 2601 1404 beter
2625 1355 2699 1401 hij
2721 1349 2869 1399 selver
2892 1339 3016 1394 ginge

962 1484 1126 1543 souden
1152 1480 1234 1527 hem
1260 1478 1342 1524 dan
1368 1475 1557 1522 meerder
1582 1471 1746 1520 geloof
1772 1465 1908 1516 geven

801 1667 943 1727 Naer
976 1653 1114 1712 dese
1146 1642 1457 1696 resolutie
1490 1637 1800 1686 ontfanght
1834 1635 1903 1683 d'
1936 1631 2142 1679 maijs.
2173 1624 2280 1676 der
2311 1611 2622 1668 sleijcken
2656 1602 2965 1656 schrijven

969 1748 1256 1803 vervattende
1280 1744 1438 1793 geluck
1463 1740 1568 1788 over
1593 1738 1697 1785 sijn
1723 1737 1931 1783 vustorie
1957 1737 2061 1783 oocq
2087 1737 2165 1783 dat
2191 1735 2321 1782 hadde
2346 1730 2555 1779 Verstaen
2580 1728 2633 1774 d'
2658 1725 2815 1772 mooren
2837 1720 2919 1770 Van
2944 1713 3074 1765 Beide

957 1858 1125 1910 Canten
1150 1853 1318 1902 wilden
1345 1845 1651 1897 Inbreecken,
1675 1842 1817 1891 sulcx
1842 1836 2177 1885 geschiedende
2204 1833 2316 1881 liep
2342 1831 2509 1877 geheel
2537 1831 2786 1877 Carnatica
2812 1823 3092 1876 perijckel,

957 1973 1037 2024 dus
1061 1969 1139 2016 dit
1163 1959 1422 2013 voorsiende
1447 1957 1577 2003 Wilde
1602 1953 1705 2001 niet
1731 1944 2092 1998 achterbleijven
2116 1941 2272 1989 maerd'
2297 1936 2427 1985 mays.
2452 1937 2478 1982 t
2503 1934 2787 1983 adsisteren,
2810 1929 2890 1978 tot
2914 1925 3020 1974 dien

952 2074 1131 2132 eijnde
1158 2064 1451 2118 versochten
1480 2060 1685 2108 d'Mais.
1712 2057 2005 2107 Mareijnepa
2032 2051 2413 2102 Gammeneraije,
2441 2048 2559 2095 ende
2587 2035 2967 2092 Wengereputtij

946 2183 1098 2235 wilden
1122 2176 1274 2227 senden
1298 2169 1450 2220 souden
1475 2166 1576 2213 haer
1600 2165 1752 2211 vinden
1777 2162 1929 2209 laten,
1953 2160 2155 2208 hierdoor
2180 2158 2231 2204 d'
2255 2158 2382 2208 mags.
2406 2160 2432 2206 s
2455 2152 2709 2205 onverwaght
2733 2143 2936 2196 verblids

961 2286 1197 2344 geworden
1223 2277 1401 2330 sijnde
1429 2274 1576 2322 heeft
1602 2266 2041 2318 genoemeebdeeren
2070 2265 2158 2311 met
2185 2260 2449 2310 Commissie
2477 2253 2859 2305 gedepecheert,

956 2399 1067 2453 ende
1091 2395 1147 2442 om
1172 2391 1228 2438 't
1253 2383 1470 2435 believen
1496 2381 1631 2427 Vande
1657 2377 1874 2425 neijcken
1900 2377 1954 2423 t'
1980 2375 2169 2422 gemoedt
2195 2374 2250 2419 te
2276 2370 2412 2419 comen
2437 2366 2573 2414 heeft
2600 2365 2680 2411 den
2706 2362 2896 2409 Coninck
2922 2362 3006 2411 van

954 2503 1367 2567 dammelewencke
1397 2496 1715 2547 tapeneijck
1747 2495 1810 2541 d'
1841 2490 2095 2539 plaetsen
2127 2484 2476 2535 outemaloer,
2507 2482 2634 2528 ende
2665 2477 3022 2527 salawaecke)

959 2617 1010 2664 t'
1033 2611 1160 2661 voren
1183 2605 1310 2655 vande
1334 2601 1534 2649 neijcken
1559 2599 1783 2646 vervoert,
1808 2599 1883 2645 aen
1907 2599 1983 2645 hem
2007 2599 2208 2645 genomen,
2232 2597 2332 2644 ende
2357 2595 2582 2642 daervoren
2606 2593 2782 2639 gegeven
2806 2592 3081 2637 Narrenwaron

951 2722 1036 2774 met
1061 2716 1199 2765 sijne
1224 2706 1498 2758 sterckten,
1525 2706 1634 2752 ende
1661 2704 1743 2751 dit
1770 2703 1961 2749 ommedie
1988 2703 2207 2749 plaetsen
2232 2701 2288 2747 d'
2315 2697 2533 2746 keijcken
2559 2694 2697 2742 weder
2722 2692 2779 2738 te
2805 2693 2947 2745 geven

920 2837 1650 2909 Ravelakistapeneijck
1688 2836 1842 2882 soon
1881 2836 1996 2883 van
2032 2830 2456 2882 Rouwelewaer
2493 2826 2918 2875 gouverneren

955 2951 1169 3006 omtrendt
1194 2943 1460 2994 Calletoure
1486 2941 1698 2988 schrijft
1724 2939 1804 2986 den
1830 2939 2174 2984 Coninckhoedat
2201 2937 2439 2984 oudegiere
2465 2937 2571 2982 door
2597 2935 2651 2981 d'
2677 2935 2837 2982 Mooren
2862 2937 3078 2985 gewonnen

948 3058 1059 3108 ende
1085 3057 1166 3103 bij
1193 3057 1382 3103 Chittij
1409 3055 1490 3101 een
1516 3047 1840 3100 slechtelijck
1866 3045 2082 3092 verloren
2109 3045 2217 3091 was,
2243 3045 2351 3090 Item
2378 3045 2432 3090 te
2459 3043 2702 3091 bevreesen
2729 3042 2891 3088 stondt

945 3167 999 3213 d'
1024 3164 1185 3212 Mooren
1212 3160 1532 3209 verdersouden
1559 3158 1852 3205 Inbreecken,
1879 3157 1986 3203 ende
2011 3155 2093 3202 dan
2118 3153 2199 3200 met
2226 3153 2306 3200 hem
2332 3151 2493 3200 quaeds
2518 3146 2679 3196 sehgen
2706 3144 2840 3191 soude
2866 3144 3015 3191 wesen

938 3269 1194 3321 aengesien
1221 3267 1448 3313 t'vooren
1476 3265 1561 3311 met
1589 3265 1816 3311 d'mooren
1844 3266 2014 3311 sijnde
2042 3264 2156 3311 sich
2184 3264 2269 3310 bij
2297 3259 2552 3309 Carnatica
2580 3257 2721 3304 hadde
2749 3256 3011 3304 gevonght,

927 3375 1067 3430 sulcx
1093 3371 1338 3420 versoghte
1364 3370 1610 3416 eenplaets
1636 3371 1746 3419 omme
1772 3371 1908 3418 sijne
1935 3370 2126 3416 vrouwen
2153 3370 2234 3415 als
2261 3369 2479 3415 kinderen
2505 3370 2588 3416 bij
2614 3367 2832 3415 provisie
2858 3361 2914 3411 te

922 3486 1200 3543 segureren,
1226 3484 1283 3531 't
1310 3482 1449 3528 welcq
1475 3479 1560 3526 den
1585 3480 1780 3526 Coninck
1807 3481 2028 3528 verstaen
2055 3482 2194 3528 hadde
2220 3484 2303 3529 hem
2330 3483 2661 3531 Nagelepoureu
2689 3483 3076 3529 gepresenteert,

919 3640 995 3686 d'
1030 3629 1220 3682 mais.
1256 3626 1295 3672 t
1332 3620 1633 3669 verstaen
1671 3617 1972 3667 Chinanna
2009 3617 2272 3664 omtrent
2310 3618 2611 3666 tripetij
2648 3620 2762 3667 was

936 3742 1252 3793 aengelanght
1280 3736 1453 3786 seijde
1481 3736 1567 3781 men
1596 3736 1711 3782 moet
1739 3737 1997 3783 schrijven
2024 3734 2428 3781 Connerechattij
2452 3734 2571 3782 Cito
2598 3735 2713 3784 hier
2741 3738 2886 3790 Comps

942 3861 1060 3909 omme
1087 3859 1206 3905 haer
1235 3850 1617 3903 gesamentlijck
1646 3847 1882 3896 gevangen
1909 3844 1969 3891 te
1999 3842 2210 3889 stellen

911 4019 1191 4075 Bammersa
1225 4011 1470 4062 Broeder
1505 4010 1610 4056 Van
1643 4012 1959 4059 Nareijnex
1994 4014 2029 4059 a
2063 4012 2134 4059 do
2168 4011 2274 4057 bij
2307 4008 2414 4055 den
2448 4008 2694 4056 Coninck
2728 4007 2981 4058 gecomen

918 4114 1155 4170 seggende
1183 4112 1272 4159 hoe
1301 4112 1331 4157 C
1358 4109 1918 4157 hinannasechetelijck
1946 4113 2035 4158 hem
2064 4113 2123 4158 in
2151 4112 2269 4158 sijn
2299 4112 2416 4158 huys
2445 4111 2768 4157 versteecken
2797 4107 2945 4157 hadde

922 4211 1045 4264 ende
1073 4210 1163 4256 dat
1192 4208 1609 4256 Connerechittij
1638 4211 2083 4258 naertehenepatan
2113 4213 2202 4259 was
2232 4214 2469 4260 gevenght
2499 4215 2618 4260 oocq
2646 4212 2737 4260 dat
2766 4209 2974 4258 Candapa

0 642 57 688 e

0 1058 226 1106 schrijve
