3567 4801
2749 502 2936 577 946

679 525 892 585 april
929 517 1099 565 1646

975 704 1241 762 JJachtd
1277 696 1655 748 Waterhoudt
1690 693 1805 741 was
1843 693 1957 739 van
1993 694 2145 741 daer
2182 693 2295 739 met
2333 693 2446 738 een
2483 692 2974 740 Cargasoentgen

981 809 1084 864 van
1114 808 1214 856 735
1244 801 1442 853 Carren
1473 798 1605 844 rijs
1637 791 1802 843 11424
1832 788 1899 834 lb
1931 785 2258 832 gesuijvert
2290 784 2389 831 Was
2422 783 2554 829 Item
2584 782 2716 830 146:
2748 777 2977 826 Cloecke

982 902 1187 953 slaven
1219 898 1494 946 monteren
1527 896 1835 947 ƒ10476„5„
1866 893 1937 939 4„
1968 890 2039 937 op
2071 886 2177 934 pmo
2208 884 2481 938 november
2515 879 2754 929 passado
2786 875 2925 923 naer

940 1009 1195 1064 Batavia,
1225 1002 1545 1053 vertrocken
1575 999 1673 1046 soo
1704 997 1800 1043 was
1830 995 1961 1042 oocq
1991 998 2055 1044 op
2085 997 2151 1043 27
2181 993 2405 1041 dachoen
2436 989 2629 1037 aldaer
2660 973 3042 1033 g'recriveert

989 1121 1109 1174 Over
1138 1108 1376 1165 Mallacca
1403 1104 1466 1153 d'
1492 1099 1644 1148 fluyt
1672 1097 1733 1144 8,
1762 1094 2000 1143 Joffrouw
2030 1092 2119 1139 met
2148 1091 2238 1137 een
2268 1087 2536 1136 Cargasoen
2564 1081 2804 1132 Monteren
2832 1077 3113 1129 6702„13/8

974 1224 1232 1288 bestaende
1259 1219 1345 1268 ten
1372 1209 1714 1263 principaelen
1741 1205 1799 1252 en
1826 1199 1997 1249 silver
2026 1198 2140 1244 Item
2166 1196 2253 1241 een
2280 1193 2537 1241 geschenck
2565 1193 2679 1239 voor
2706 1189 2820 1237 sijn
2848 1184 3048 1236 Hooch=t

961 1356 1072 1412 van
1107 1343 1253 1399 4250
1287 1338 1325 1386 „
1359 1329 1506 1381 ende
1540 1323 1723 1373 weder
1758 1319 1868 1366 van
1903 1312 2194 1363 daernaer
2229 1310 2483 1357 Batavia
2519 1307 2991 1356 geretourneert

976 1475 1130 1534 over
1160 1459 1391 1519 malaca
1426 1454 1502 1502 op
1537 1450 1614 1498 23
1649 1440 1987 1495 februarij
2023 1440 2136 1487 met
2172 1439 2322 1487 1206
2358 1436 2582 1484 Cavren
2619 1432 2768 1480 rijs
2803 1425 2918 1477 156
2952 1421 2992 1468 —

998 1596 1153 1651 Jonge
1181 1581 1401 1639 Cloecke
1428 1568 1710 1623 lyfeygens
1739 1562 1865 1611 ende
1894 1560 1927 1606 2
1958 1555 2237 1605 ballanghs
2267 1553 2392 1600 voor
2422 1548 2640 1597 malacca
2671 1542 2921 1593 Monteren

987 1704 1294 1772 tsamen
1344 1704 1395 1750 ƒ
1443 1680 2055 1749 10922„19„2„-

873 1879 1331 1975 Belangende
1375 1870 1470 1921 d'
1515 1849 1930 1911 regeringe
1976 1847 2114 1895 van
2160 1842 2391 1892 desen
2437 1839 2760 1887 rieuwen

1069 1998 1257 2051 Conincq
1283 1983 1662 2043 gonckredelijck
1688 1979 1824 2027 heeft
1850 1975 1958 2023 oocq
1985 1973 2147 2021 eenige
2174 1969 2470 2018 vaertuijgen
2497 1969 2551 2014 op
2577 1967 2632 2014 17
2659 1965 2875 2011 Januarij

965 2110 1343 2190 Zuijtgesonden
1370 2105 1459 2154 soo
1487 2098 1691 2148 gerucht
1719 2094 1865 2142 wierd
1891 2089 2010 2138 omd'
2038 2086 2300 2135 gevluchte
2328 2077 2619 2130 portugesen
2646 2074 2706 2120 te
2734 2073 2911 2120 roepen

1032 2227 1204 2277 watter
1233 2224 1319 2272 van
1347 2222 1404 2268 Is
1431 2216 1576 2266 staet
1604 2214 1690 2260 den
1717 2207 1832 2258 tijt
1860 2202 2089 2252 teleeren
2116 2198 2203 2246 bij
2232 2196 2374 2243 fause
2402 2193 2489 2241 van
2516 2187 2632 2237 dien
2660 2184 2803 2231 soude
2830 2182 2953 2230 voor

963 2352 1027 2400 d'
1056 2350 1088 2395 E
1115 2346 1150 2394 .
1174 2333 1456 2389 Compagnie
1485 2326 1670 2376 aldaer
1699 2319 1946 2370 weyjnich
1976 2317 2038 2363 te
2069 2316 2376 2362 verrichten
2405 2312 2560 2359 sijn,
2587 2302 2836 2356 verniets
2864 2298 2992 2347 geen

962 2456 1151 2511 slaven
1179 2449 1305 2499 meer
1333 2445 1521 2494 sullen
1550 2436 1737 2489 Cunnen
1766 2430 2076 2480 opsamelen,
2106 2428 2262 2475 alsoo
2292 2426 2416 2472 niet
2447 2423 2756 2471 toegestaen
2786 2421 2911 2468 werd

964 2587 1026 2636 d'
1052 2576 1171 2630 onse
1199 2569 1376 2620 aldaer
1403 2565 1493 2612 een
1521 2560 1668 2610 onder
1697 2553 1960 2605 bengapeld
1988 2550 2048 2597 er
2077 2547 2194 2595 veel
2223 2544 2399 2592 minder
2428 2542 2691 2589 Jnlanders
2720 2543 2870 2593 mogen

970 2708 1173 2766 Coopen,
1202 2701 1376 2753 sijnde
1403 2692 1637 2745 d'slaven
1666 2691 1753 2737 p:r
1781 2688 1841 2736 't
1868 2685 2014 2732 Jacht
2042 2680 2305 2730 oudewater
2334 2674 2450 2723 ende
2478 2671 2538 2717 d'
2563 2664 2741 2713 fluijt
2766 2660 2827 2706 sr
2856 2651 3089 2705 Joffrouw

975 2828 1129 2886 voren
1156 2816 1368 2871 gemeldt
1394 2809 1488 2860 met
1515 2798 1788 2852 overgroot
1816 2791 2087 2841 perijckel
2116 2786 2237 2835 ende
2267 2783 2447 2831 risico
2476 2774 2687 2827 buijten
2715 2765 2866 2817 weten
2893 2762 2927 2810 —

921 2950 1129 3005 vanden
1162 2940 1404 2994 Coninck
1437 2920 1789 2983 opgesamelt

721 3147 824 3208 Aen
854 3140 919 3187 10
944 3132 1015 3182 d.
1043 3127 1080 3175 o
1106 3108 1465 3168 retourneert
1496 3102 1593 3151 p:r
1624 3094 1819 3146 thonij
1850 3093 2044 3141 alhier
2076 3093 2173 3138 den
2205 3091 2398 3138 ondere
2429 3087 2591 3136 opman
2623 3084 2784 3131 Arent
2816 3079 2913 3128 van
2943 3075 3046 3124 Tol

952 3228 1040 3278 van
1065 3222 1126 3271 t:
1152 3220 1184 3266 e
1211 3221 1354 3268 Thome
1382 3215 1754 3266 medebrengende
1778 3211 1954 3259 eenige
1981 3208 2154 3257 packen
2182 3200 2497 3253 d'weerstche
2524 3193 2811 3247 sorteringe
2838 3191 2925 3237 van

957 3341 1175 3394 Cleden.

769 3496 829 3543 On
855 3489 946 3539 ud.
972 3484 1005 3532 o
1033 3481 1209 3528 become
1238 3479 1501 3526 dweersche
1530 3478 1706 3524 rlovos
1735 3475 1853 3523 uijt
1882 3473 2057 3520 velour
2085 3466 2350 3518 raeckende
2377 3463 2438 3511 't
2465 3457 2789 3507 gepasseerde
2817 3455 3023 3501 aldaer,

960 3590 1285 3642 midtsgaders
1314 3586 1491 3634 andere
1520 3580 1815 3630 diveersche
1843 3577 2168 3624 quartieren,
2196 3576 2256 3621 d'
2283 3570 2462 3621 welcke
2491 3569 2580 3615 van
2609 3567 2757 3614 onsen
2786 3564 3028 3613 resident

956 3709 1344 3766 g'annotteert,
1372 3705 1492 3754 ende
1520 3701 1611 3750 ons
1639 3697 1730 3745 bij
1759 3689 2175 3741 diveerscheblen
2205 3683 2532 3734 toegesonden
2561 3680 2710 3728 sijn,
2737 3668 2948 3722 luijden

952 3822 1090 3870 naer
1122 3816 1431 3867 translaet
1464 3812 1636 3862 vande
1669 3810 1738 3856 s'
1770 3804 2148 3856 sentiefsche
2179 3801 2250 3848 In
2280 3797 2352 3845 d'
2383 3789 2864 3842 Nederlandtsche

951 3935 1167 3989 taele
1209 3928 1340 3979 als
1382 3929 1598 3977 veght

996 4080 1483 4138 Justafschan
1527 4072 1748 4123 heeft
1781 4067 1924 4116 den
1966 4062 2277 4115 Coninck
2318 4056 2498 4106 door
2537 4052 2806 4103 sijnen
2850 4051 2895 4097 —

766 4161 1181 4230 Mambassadeur
1214 4177 1353 4225 doen
1387 4175 1731 4221 aenseggen,
1762 4172 1833 4218 by
1866 4167 2075 4216 aldien
2107 4168 2177 4215 d'
2209 4162 2384 4213 magb.
2416 4164 2453 4211 s
2485 4164 2657 4213 boven
2690 4162 2760 4209 't
2794 4154 2932 4206 gene

10 652 154 699 niet

190 2523 252 2571 ter

0 3426 74 3471 ren
98 3421 251 3471 heeft,

96 3639 228 3694 en
