3573 4958
1215 419 1519 466 mondert
1562 420 1953 476 paerlenen
1995 430 2214 483 landt
2254 439 2517 489 sullen
2560 445 2997 506 vertrecken

890 532 991 581 end
1018 532 1090 582 by
1122 531 1222 577 den
1255 532 1488 578 anderen
1519 534 1752 584 blijven
1783 536 1885 582 tot
1917 538 2117 589 duyten
2148 545 2217 594 de
2248 550 2414 603 bocht
2447 559 2579 605 ofte
2612 560 2844 610 omtrent
2877 565 3044 617 lamoa

922 648 1000 694 op
1038 646 1156 694 dat
1195 646 1351 691 meer
1390 646 1664 698 gemelte
1701 654 1819 701 Hr.
1856 656 2248 708 gouverneur
2286 663 2522 719 mochte
2556 675 2754 723 weten
2793 678 3066 730 waervan

929 768 1061 817 den
1104 767 1323 816 opper
1364 771 1673 828 Coopman
1709 782 1802 829 S:
1844 781 2327 841 Broeckhorst
2368 798 2500 846 met
2542 802 2676 855 den
2717 812 2893 860 Heer

919 897 1326 950 gescheijden
1362 903 1621 955 salsijn
1657 907 1732 955 /—

893 1043 1074 1103 dato
1116 1043 1384 1094 lieten
1424 1051 1825 1105 andermael
1868 1060 2002 1107 den
2045 1064 2312 1119 Prince
2354 1075 2576 1127 aande
2619 1083 3062 1148 resterende

909 1158 1061 1218 syde
1099 1171 1291 1217 manen
1327 1174 1442 1220 die
1479 1175 1822 1233 belooffde
1859 1189 2165 1244 opmorgen
2201 1201 2279 1247 te
2316 1203 2584 1256 voldoen
2620 1214 2736 1262 wes
2772 1220 3003 1274 halven

697 1283 808 1332 Den
841 1290 878 1335 W
913 1289 987 1335 en
1022 1290 1313 1336 smorgens
1348 1291 1568 1344 donder
1601 1301 1784 1352 Capl:
1818 1308 2110 1356 Krebeecq
2144 1313 2290 1364 ende
2325 1320 2652 1371 alexander
2687 1327 2797 1375 van
2831 1331 3019 1383 harth

897 1395 1194 1441 derwarts
1231 1396 1753 1457 committeerden,
1788 1415 1900 1461 die
1937 1416 2050 1465 met
2085 1422 2347 1480 deselve
2382 1437 2755 1488 (bestaende
2791 1444 2867 1492 in
2902 1448 2978 1495 57

885 1506 1129 1553 packen)
1162 1506 1267 1554 des
1301 1509 1649 1560 namiddaghs
1682 1517 1787 1565 ter
1821 1520 1995 1570 logie
2029 1526 2239 1579 quamen
2271 1536 2548 1595 hebbende
2583 1550 3033 1610 ondertusschen

806 1627 927 1675 den
966 1626 1204 1676 Capado
1242 1631 1600 1679 Ongadingh
1638 1634 1918 1689 voorden
1955 1647 2391 1707 Coninghonse
2430 1662 2789 1724 betalinge
2825 1682 2984 1734 ende

835 1747 917 1801 de
955 1758 1193 1806 missie
1233 1760 1829 1813 wesenversoeken,
1867 1767 2028 1818 daer
2066 1774 2227 1826 geen
2265 1782 2583 1835 bescheyt
2621 1791 2703 1839 op
2741 1796 2902 1844 quam

900 1885 1166 1934 'twelcq
1202 1887 1431 1935 selffs
1468 1889 1774 1941 terlogie
1811 1894 2078 1948 comende
2114 1905 2231 1955 ons
2265 1913 2609 1969 verhaelde
2645 1926 2761 1976 met
2796 1933 3064 1990 allega„

871 2012 1021 2063 „tie
1058 2015 1320 2062 sooveel
1356 2018 1582 2067 omsent
1617 2024 1842 2071 halven
1878 2027 2103 2077 gedaen
2139 2032 2327 2085 hadde
2363 2042 2475 2090 als
2512 2045 2588 2091 te
2624 2047 3040 2108 practiseren

904 2147 1112 2195 edogh
1154 2148 1361 2195 soude
1403 2148 1776 2197 andermael
1818 2152 1943 2200 een
1984 2156 2358 2213 cleyjnder
2398 2169 2648 2219 Capado
2688 2175 2814 2225 met
2855 2181 2985 2233 den

919 2276 1109 2325 Tolcq
1146 2279 1298 2328 voor
1336 2283 1450 2329 den
1488 2284 1753 2330 Coningh
1790 2285 1905 2333 ten
1942 2290 2322 2340 dieneijnde
2357 2297 2509 2347 nogh
2546 2302 2623 2350 te
2660 2306 2813 2353 hove
2850 2309 3077 2361 welcke

922 2407 1089 2455 mede
1130 2408 1298 2456 niet
1338 2410 1755 2468 silswijgen
1797 2422 2047 2469 betelt
2089 2424 2340 2474 wierd,
2380 2430 2506 2478 wij
2547 2434 2840 2486 luijden
2880 2442 3006 2492 met

929 2539 1207 2587 wetende
1246 2541 1365 2587 wat
1404 2543 1484 2588 te
1523 2543 1800 2592 dencken
1839 2547 1999 2594 ende
2038 2550 2157 2596 den
2196 2551 2317 2600 tyt
2354 2557 2515 2605 vast
2551 2563 2831 2623 verliep
2868 2576 3069 2624 seyde

904 2668 1237 2721 denselven
1274 2674 1348 2720 't
1384 2672 1532 2718 eene
1569 2673 1755 2722 Schip
1787 2674 2198 2724 hedenechter
2233 2679 2456 2726 souden
2492 2681 2679 2734 laten
2713 2692 3048 2752 affdryven

922 2804 1043 2851 ten
1081 2807 1357 2854 minsten
1396 2808 1515 2855 tot
1554 2807 1713 2854 aent
1751 2809 2028 2856 Chinese
2067 2810 2383 2862 quartier
2422 2817 2542 2865 dat
2580 2821 2700 2869 hoe
2738 2826 3014 2876 welders

893 2942 976 2988 de
1015 2945 1178 2994 may.
1217 2947 1299 2994 t.
1339 2947 1543 2993 selfs
1583 2949 1907 2996 noghmael
1947 2950 2191 2997 daerom
2226 2951 2394 3000 ende
2431 2955 2921 3007 deleverantie
2960 2963 3082 3009 der

919 3088 1115 3140 sijde
1154 3088 1349 3134 wilde
1387 3089 1777 3143 aenspreken
1815 3099 2011 3145 onder
2048 3100 2284 3146 wijlen
2321 3102 2516 3148 laten
2554 3103 2711 3150 vast
2748 3105 2865 3153 den
2904 3108 3060 3157 beer

922 3226 1038 3274 met
1074 3227 1267 3274 weten
1305 3229 1421 3276 van
1456 3231 1803 3281 ongadingh
1840 3235 2338 3288 anckerlighten
2375 3244 2528 3290 ende
2566 3243 2720 3294 voor
2756 3249 2835 3296 ny
2872 3252 3025 3299 taff

925 3364 1092 3415 gaen,
1125 3371 1191 3416 d'
1224 3371 1390 3417 almog
1423 3371 1556 3417 ende
1589 3372 1789 3420 wilons
1821 3376 1987 3423 goede
2020 3379 2086 3425 ny
2119 3380 2319 3435 tromps
2347 3388 2417 3436 te
2449 3387 2786 3441 verlenen/.

597 3513 731 3562 adij
763 3510 897 3562 19:e
928 3508 1029 3556 d:o
1062 3508 1362 3557 houdenden
1394 3513 1560 3559 Tolcq
1593 3513 1761 3560 weder
1792 3517 1859 3563 te
1892 3518 2026 3567 hove
2058 3522 2358 3581 nageroerd
2390 3538 2457 3585 en
2489 3541 2789 3598 ongadingh
2821 3553 2989 3604 edogh

917 3629 1147 3677 alweder
1180 3632 1246 3677 te
1278 3632 1575 3679 vergeeffs
1607 3634 1772 3684 alsoo
1804 3640 1905 3686 van
1936 3643 2036 3691 syn
2067 3647 2232 3698 may=t
2265 3653 2398 3706 geen
2428 3663 2724 3718 uytsprake
2757 3673 2823 3718 te
2856 3673 3088 3722 bekomen

921 3749 1037 3798 was
1074 3746 1341 3794 latende
1379 3744 1722 3797 denselven
1758 3754 2177 3814 verscheyden
2213 3771 2480 3819 mandory
2517 3775 2634 3824 nis
2669 3782 2822 3829 daer
2857 3784 3050 3832 onder

925 3867 1094 3914 mede
1136 3866 1472 3915 Ongahaij
1514 3866 1682 3914 ende
1724 3866 1976 3919 groote
2017 3875 2228 3930 Force
2268 3887 2564 3941 aendoen
2603 3897 2775 3949 omme
2808 3905 2987 3952 hare

2580 4050 2877 4101 bijde

50 417 124 466 n

943 407 1081 461 bet

837 1062 854 1107 ƒ
