3703 4828
1997 611 2513 669 Translaet
2570 617 2742 669 van
2789 618 2967 664 een
3023 616 3373 667 brieff

2120 712 2481 761 geschreven
2517 712 2626 758 aen
2662 710 3095 757 Miersadalen,
3129 709 3420 757 gouvern.
3455 710 3491 756 r

2092 803 2225 857 van
2267 787 2790 846 masulipatnam
2832 788 2920 837 op
2963 790 3094 837 syn
3132 788 3487 840 vertrecq

2125 883 2320 930 naer
2368 878 2515 928 den
2560 870 3053 922 miersumela

1540 980 1722 1031 Den
1778 967 2138 1024 gouv=r
2197 967 2553 1018 arnold
2613 972 2871 1024 Hens

3155 971 3338 1025 den

2883 973 2982 1022 x

1430 1079 1581 1130 tent
1617 1073 1804 1122 sijne
1839 1062 2066 1117 groete
2103 1058 2252 1105 ende
2289 1056 2439 1102 doet
2476 1057 2664 1104 weten
2699 1058 3186 1112 tegenwoordich
3222 1066 3447 1116 gesont

1403 1185 1531 1236 is,
1573 1169 1828 1226 gelyck
1870 1161 2083 1213 sulcx
2123 1157 2296 1204 oock
2338 1156 2467 1202 van
2508 1158 2638 1204 syn
2678 1161 2722 1207 E
2759 1150 2977 1208 hoopt
3018 1156 3104 1204 te
3144 1161 3487 1209 verstaen

1390 1270 1558 1333 Naer
1596 1260 1721 1313 dat
1761 1256 1884 1302 van
1921 1251 2129 1301 pall:
2168 1252 2210 1297 r
2248 1248 2373 1296 ben
2412 1247 2576 1293 hier
2616 1242 2943 1292 gecomen;
2984 1242 3189 1290 hebbe
3228 1246 3377 1296 uE:

1406 1353 1813 1409 mondelingh
1853 1351 2178 1399 verhaelt
2218 1350 2381 1396 alle
2422 1349 2666 1395 t'gene
2706 1350 2951 1397 nodich
2987 1351 3153 1398 was,
3190 1350 3481 1404 muersu„

1373 1461 1624 1515 „mela,
1664 1454 1914 1504 onsent
1955 1449 2205 1498 halven
2246 1446 2745 1494 voorgedragen
2785 1449 2868 1494 te
2905 1447 3200 1494 werden,
3241 1446 3366 1493 tot

1402 1559 1569 1610 noch
1609 1553 1736 1603 toe
1776 1546 1985 1598 heeft
2026 1544 2193 1591 onse
2234 1543 2526 1589 negotie
2567 1543 2984 1591 welgenaen,
3022 1544 3365 1592 voortaen

1403 1645 1838 1707 onderthulp
1879 1642 2011 1689 van
2053 1643 2528 1689 nuersumela,
2571 1641 2831 1688 salder
2873 1640 3047 1686 oock
3090 1640 3264 1686 niet
3305 1643 3439 1693 aen

1404 1741 1855 1798 gebreecken,
1896 1737 2060 1786 ende
2100 1731 2347 1781 gelove
2387 1727 2756 1776 vastelijk
2797 1730 2961 1777 door
3002 1731 3125 1777 het
3166 1732 3330 1784 goet

1390 1832 1816 1887 betrouwen,
1857 1826 1986 1877 dat
2027 1825 2113 1871 op
2155 1820 2326 1870 sijn
2368 1820 2454 1867 E:
2495 1816 2752 1864 hebbe,
2794 1817 2880 1864 d'
2922 1820 3136 1867 selve
3176 1823 3348 1872 noch
3389 1824 3433 1871 —

1407 1920 1727 1974 grooter
1770 1916 1909 1965 sal
1954 1910 2274 1960 werden,
2318 1905 2729 1954 aengaende
2774 1907 3002 1955 onsen
3048 1910 3321 1961 hande.

1410 2019 1490 2068 en
1527 2006 1840 2064 schrijve
1879 2004 2113 2049 niets,
2151 2004 2347 2051 alsoo
2385 2006 2504 2053 die
2540 2001 2658 2056 uE.
2693 1998 2813 2049 ten
2851 2004 3085 2050 vollen
3124 2002 3357 2049 bekent

1393 2107 1518 2159 Js,
1556 2096 1802 2149 eenige
1843 2095 1966 2141 van
2006 2092 2169 2139 onse
2210 2091 2822 2139 coopmanschappen
2861 2091 3026 2139 hebi
3066 2091 3189 2137 ghy
3229 2092 3478 2143 aenge„

1387 2192 1670 2249 „nomen,
1709 2189 1870 2235 ende
1909 2185 2112 2234 d'res
2151 2182 2233 2228 te
2272 2181 2554 2227 blijven
2594 2182 2755 2229 daer
2795 2184 3037 2232 leggen
3076 2180 3321 2231 sonder

1394 2291 1517 2345 dat
1555 2282 1837 2335 consent
1873 2271 2117 2326 hebben
2156 2268 2277 2315 die
2316 2269 2437 2314 aen
2476 2269 2758 2319 anderen
2797 2275 2877 2320 te
2917 2275 3117 2322 mogen
3155 2268 3478 2321 vercopen

1401 2383 1532 2433 dus
1573 2376 1747 2428 gaet
1789 2368 1963 2419 onse
2005 2363 2308 2414 Negotie
2350 2362 2912 2414 achterwaerts,
2954 2366 3085 2413 soo
3128 2369 3257 2414 den
3301 2368 3478 2416 heer

1415 2473 1536 2523 die
1574 2468 1656 2515 al
1695 2458 2018 2512 tesamen;
2057 2459 2178 2505 ene
2218 2458 2339 2503 een
2378 2456 2941 2503 uijtgesondert,
2981 2456 3142 2503 nam,
3182 2447 3385 2502 soude

1413 2553 1890 2610 vergenoucht
1932 2550 2109 2598 sijn
2150 2553 2237 2599 —,
2280 2551 2325 2597 u
2367 2552 2454 2598 E:
2497 2546 2802 2596 gelieft
2842 2544 3018 2593 dese
3062 2544 3322 2592 saecke

1378 2650 1730 2708 Ernstich
1772 2646 2036 2695 aenden
2080 2643 2561 2691 nuersumela,
2605 2641 2824 2688 sulcx
2867 2642 2999 2689 uo:
3042 2641 3436 2694 wytlopich

1411 2754 1527 2802 bij
1564 2744 1794 2797 neende
1829 2735 2331 2789 gedeclareert,
2369 2735 2600 2782 voorte
2638 2735 2907 2786 dragen,
2943 2742 3098 2791 ende
3135 2734 3368 2787 firman

1425 2847 1515 2894 te
1555 2833 2092 2892 procureeren,
2136 2829 2447 2878 alvoren
2490 2827 2625 2875 syn
2660 2824 2757 2876 E:
2799 2824 3112 2876 Gadingh
3155 2829 3346 2877 uijt

1392 2945 1482 2992 de
1523 2926 2066 2989 aentebrengen
2111 2925 2517 2974 coopmans.
2560 2929 2876 2975 genomen
2920 2927 3281 2975 hebbende

1423 3029 1694 3085 Vrydom
1739 3024 1965 3072 mogen
2010 3021 2371 3068 hebbend'
2415 3022 2642 3070 reste
2687 3024 2823 3072 aen
2866 3028 3184 3075 anderen
3229 3029 3323 3081 te
3352 3038 3410 3085 e

1403 3125 1845 3185 Vercopen,
1891 3115 2336 3170 aengaende
2381 3115 2483 3163 de
2531 3116 3071 3165 wisselaers,
3120 3120 3365 3171 hebbe

1425 3234 1587 3284 uE:
1636 3213 2275 3276 Gesproocken,
2293 3207 2538 3254 cunt
2591 3206 2753 3254 het
2801 3211 3387 3261 Luuersumela

1407 3313 1891 3373 Voordragen,
1931 3311 2067 3359 het
2111 3311 2375 3358 silver
2418 3313 2507 3359 en
2545 3311 2815 3358 hebben
2859 3312 2947 3358 de
2990 3313 3167 3362 onse
3210 3317 3389 3366 niet

1415 3415 1863 3472 vercocht,
1911 3410 2061 3458 tot
2107 3409 2408 3455 nadeel
2458 3410 3154 3467 vandeincomsten
3199 3417 3452 3470 vande

1414 3512 1650 3560 Heer,
1696 3508 1885 3556 maer
1933 3507 2216 3554 eenljk
2261 3500 2498 3552 omdat
2544 3501 2639 3549 sy
2686 3502 2876 3548 haer
2922 3504 3301 3559 schulden

1408 3613 1710 3673 mochten
1743 3605 2096 3658 betalen,
2137 3598 2310 3648 ende
2352 3594 3082 3647 d'gecontracteerde
3124 3604 3481 3659 Coopmans

1424 3705 1648 3761 aende
1690 3698 1958 3748 comp=e
2001 3694 2357 3743 voldoen,
2400 3693 2579 3741 doch
2621 3691 2712 3737 nu
2755 3693 3110 3745 voortaen
3154 3700 3377 3750 salt,

1409 3796 1554 3850 soo
1597 3792 1791 3840 niet
1837 3789 2076 3838 gaen,
2121 3783 2313 3833 maer
2359 3779 2882 3827 voorgecomen
2927 3779 3220 3828 werden

1409 3891 1541 3943 Ick
1583 3883 1801 3934 hebbe
1843 3878 1931 3926 de
1973 3875 2148 3921 onse
2190 3871 2539 3919 seervael
2580 3871 3060 3918 onderrecht,
3094 3870 3278 3919 alle

1414 3968 2163 4038 coopmanschappen
2197 3963 2512 4012 sullen
2550 3961 2762 4007 sine
2807 3956 2911 4007 E:
2957 3952 3210 4000 eerst

1403 4057 1844 4127 vertoont,
1893 4054 1992 4102 en
2039 4049 2188 4097 die
2237 4037 2729 4092 verblyven,
2777 4037 2925 4083 met
2974 4035 3122 4082 uE.
3170 4032 3421 4083 voor„

1358 4144 1675 4212 „weten,
1719 4133 2078 4188 vercocht
2121 4122 2437 4177 worden,
2481 4116 2615 4164 van
2659 4114 2884 4161 onser
2928 4111 3153 4158 volcx
3198 4102 3386 4156 tyde

3118 4409 3315 4463 en
