<?xml version="1.0" encoding="UTF-8"?>
<PcGts xmlns="http://schema.primaresearch.org/PAGE/gts/pagecontent/2013-07-15">
  <Metadata externalRef="6042d2e8-ff52-4934-a311-a444cf3e0422">
    <Creator>Laypa</Creator>
    <Created>2023-09-08T02:22:23</Created>
    <LastChange>2023-09-08T03:38:18</LastChange>
    <Comment>license: CC0</Comment>
    <MetadataItem type="processingStep" name="layout-analysis" value="laypa">
      <Labels>
        <Label value="228a7d24385cff0e51687c00d0e65a2c2a9703d5" type="githash"/>
        <Label value="61334eb4-edff-4af5-b036-b5927f35bbcf" type="uuid"/>
        <Label value="https://hdl.handle.net/10622/VMSCBR" type="laypamodelremote"/>
      </Labels>
    </MetadataItem>
    <MetadataItem type="processingStep" name="region-analysis" value="laypa">
      <Labels>
        <Label value="0a3442b4-835c-44bc-9115-3fd08263a5dc" type="uuid"/>
        <Label value="https://hdl.handle.net/10622/DMAS2T" type="laypamodelremote"/>
      </Labels>
    </MetadataItem>
    <MetadataItem type="processingStep" name="htr" value="loghi-htr">
      <Labels>
        <Label value="9efb3e0ff4338dc6e07d110ac4d435f27f5b0e16&#10;" type="githash"/>
        <Label value="3a9bdaa3-493c-483e-bbb2-f51961b8e5a0" type="uuid"/>
        <Label value="64" type="batch_size"/>
        <Label value="https://hdl.handle.net/10622/X2JZYY" type="loghihtrmodelremote"/>
      </Labels>
    </MetadataItem>
    <MetadataItem type="processingStep" name="word-splitting" value="loghi-htr-tooling"/>
    <MetadataItem type="other" name="dataset" value="https://hdl.handle.net/10622/LVXSBW">
      <Labels>
        <Label value="VOC transcriptions v2 - GLOBALISE" type="name"/>
        <Label value="Dataset in pagexml and txt format, including data card." type="description"/>
        <Label value="https://globalise.huygens.knaw.nl/" type="creator"/>
        <Label value="https://hdl.handle.net/10622/LVXSBW" type="url"/>
      </Labels>
    </MetadataItem>
  </Metadata>
  <Page imageFilename="NL-HaNA_1.04.02_1161_0721.jpg" imageWidth="3567" imageHeight="4801">
    <ReadingOrder>
      <OrderedGroup id="orderedgroup_909e4b86-cb13-4f9e-b3cb-01b6d7282b85">
        <RegionRefIndexed index="0" regionRef="region_e51ff0fa-11a9-46f3-b7fb-17dc9445eae2_4"/>
        <RegionRefIndexed index="1" regionRef="region_7de976b0-fc1f-44c5-b4c2-76b20ea78e69_5"/>
        <RegionRefIndexed index="2" regionRef="region_aa90e10f-d8bc-494f-9a7c-230da7eb971e_7"/>
        <RegionRefIndexed index="3" regionRef="region_25f1a404-4daf-4c0a-a70f-ed5d9488d246_6"/>
        <RegionRefIndexed index="4" regionRef="region_7f44bdec-ad36-4fe6-8978-49e28c7c3f08_3"/>
        <RegionRefIndexed index="5" regionRef="region_28cb42a1-e67c-4988-987f-cc24d508fd3c_2"/>
        <RegionRefIndexed index="6" regionRef="region_8b34cdf2-dc71-48d0-ab07-4757f4cb42dc_1"/>
        <RegionRefIndexed index="7" regionRef="region_84b3fa66-5d4b-46c1-a2a6-a8a016c8d906"/>
        <RegionRefIndexed index="8" regionRef="ee8ff727-e1bd-4d2b-9db2-f6b55d936e2e"/>
        <RegionRefIndexed index="9" regionRef="region_35594f8c-371c-47cc-a274-914797a39f1e"/>
        <RegionRefIndexed index="10" regionRef="region_0004efc8-39e1-4ac7-925f-84ce9c1a345a"/>
      </OrderedGroup>
    </ReadingOrder>
    <TextRegion id="region_e51ff0fa-11a9-46f3-b7fb-17dc9445eae2_4" custom="structure {type:page-number;}">
      <Coords points="2755,519 2755,530 2752,533 2755,537 2755,561 2759,564 2759,568 2762,571 2762,578 2766,582 2766,585 2769,589 2769,592 2776,599 2780,599 2787,606 2797,606 2801,610 2909,610 2912,606 2940,606 2943,603 2947,603 2950,599 2954,599 2957,596 2961,596 2968,589 2971,589 2975,585 2975,582 2982,575 2982,554 2978,550 2978,523 2975,519 2975,512 2971,509 2971,505 2968,502 2964,502 2957,495 2950,495 2947,491 2940,491 2937,488 2926,488 2923,484 2867,484 2863,481 2856,481 2853,484 2811,484 2808,488 2797,488 2794,491 2783,491 2780,495 2776,495 2773,498 2769,498 2762,505 2762,509 2759,512 2759,516"/>
      <TextLine id="bd42edac-b917-4888-b7cf-f5b56b876ba7">
        <Coords points="2736,491 2892,491 2929,526 2994,526 2994,596 2981,588 2897,589 2736,604"/>
        <Baseline points="2770,588 2820,586 2870,583 2920,580 2961,579"/>
        <Word id="word_efdfc371-24d2-4fea-a7be-8b095b522413">
          <Coords points="2769,553 2819,551 2868,548 2918,545 2960,544 2961,589 2921,590 2871,593 2820,596 2770,598"/>
          <TextEquiv>
            <Unicode>939</Unicode>
          </TextEquiv>
        </Word>
        <TextEquiv conf="0.994134702086507">
          <Unicode>939</Unicode>
        </TextEquiv>
        <TextStyle xHeight="46"/>
      </TextLine>
    </TextRegion>
    <TextRegion id="region_7de976b0-fc1f-44c5-b4c2-76b20ea78e69_5" custom="structure {type:header;}">
      <Coords points="1414,491 1404,481 1397,481 1393,477 1383,477 1379,474 1369,474 1365,470 1362,470 1359,467 1341,467 1338,463 1306,463 1303,460 1254,460 1251,463 1233,463 1230,460 1205,460 1202,463 1170,463 1167,467 1101,467 1097,470 1076,470 1073,474 1055,474 1052,477 1038,477 1035,481 1031,477 989,477 986,481 965,481 961,484 944,484 941,488 923,488 920,484 881,484 878,481 871,481 867,477 839,477 836,474 815,474 812,470 805,470 801,474 777,474 773,477 766,477 763,474 756,474 752,477 745,477 742,481 738,481 735,484 732,484 721,495 721,498 714,505 714,509 711,512 711,516 704,523 704,526 693,537 693,540 683,550 683,554 679,557 679,561 676,564 676,571 672,575 672,578 669,582 669,599 672,603 672,606 693,627 697,627 700,631 707,631 711,634 749,634 752,631 763,631 766,627 791,627 794,624 805,624 808,620 822,620 826,617 860,617 864,613 916,613 920,610 993,610 996,613 1049,613 1052,610 1090,610 1094,606 1108,606 1111,603 1136,603 1139,599 1191,599 1195,596 1233,596 1237,592 1261,592 1264,589 1282,589 1285,585 1296,585 1299,582 1317,582 1320,578 1331,578 1334,575 1341,575 1345,571 1352,571 1355,568 1359,568 1362,564 1369,564 1372,561 1376,561 1379,557 1383,557 1390,550 1393,550 1393,547 1404,537 1404,530 1407,526 1407,519 1411,516 1411,505 1414,502"/>
      <TextLine id="line_870be7ee-75cd-4ed7-b53e-52883517229a">
        <Coords points="647,433 837,433 877,469 921,469 945,493 1349,493 1377,513 1422,514 1422,585 1410,590 1285,598 1113,626 1085,637 1037,637 1013,657 953,677 833,677 794,648 765,649 741,673 722,680 704,680 692,668 647,668"/>
        <Baseline points="681,599 731,598 781,596 831,592 881,589 931,588 981,585 1031,581 1081,578 1131,575 1181,571 1231,570 1281,569 1331,565 1381,568 1389,567"/>
        <Word id="word_a8033fbd-f8fe-4cba-b575-703fad3b325d">
          <Coords points="680,564 730,563 780,561 828,557 879,554 930,553 979,550 1028,546 1079,543 1115,541 1117,586 1082,588 1032,591 982,595 931,598 882,599 832,602 781,606 731,608 681,609"/>
          <TextEquiv>
            <Unicode>february</Unicode>
          </TextEquiv>
        </Word>
        <Word id="word_b93c5b69-1059-46b6-a637-e182e5565ba2">
          <Coords points="1166,538 1175,536 1230,535 1280,534 1328,530 1383,533 1385,532 1390,577 1380,578 1332,575 1281,579 1231,580 1183,581 1173,582"/>
          <TextEquiv>
            <Unicode>1646</Unicode>
          </TextEquiv>
        </Word>
        <TextEquiv conf="0.8725368564317093">
          <Unicode>february 1646</Unicode>
        </TextEquiv>
        <TextStyle xHeight="59"/>
      </TextLine>
    </TextRegion>
    <TextRegion id="region_aa90e10f-d8bc-494f-9a7c-230da7eb971e_7" custom="structure {type:marginalia;}">
      <Coords points="815,2223 815,2230 829,2244 833,2244 836,2247 839,2247 843,2251 850,2251 853,2254 857,2254 860,2251 881,2251 885,2247 888,2247 895,2240 895,2237 902,2230 902,2219 892,2219 888,2216 860,2216 857,2212 850,2212 846,2216 836,2216 833,2219 826,2219 822,2223"/>
    </TextRegion>
    <TextRegion id="region_25f1a404-4daf-4c0a-a70f-ed5d9488d246_6" custom="structure {type:marginalia;}">
      <Coords points="2512,3812 2518,3812 2522,3815 2550,3815 2553,3819 2567,3819 2571,3822 2592,3822 2595,3825 2630,3825 2633,3822 2658,3822 2661,3819 2682,3819 2686,3815 2700,3815 2703,3812 2714,3812 2717,3808 2714,3805 2714,3780 2710,3780 2703,3773 2700,3773 2696,3770 2689,3770 2686,3766 2665,3766 2661,3763 2620,3763 2616,3759 2609,3759 2606,3763 2599,3763 2595,3766 2585,3766 2581,3770 2574,3770 2571,3773 2567,3773 2564,3777 2560,3777 2557,3780 2553,3780 2550,3784 2546,3784 2539,3791 2539,3794 2536,3798 2532,3798 2529,3801 2525,3801 2518,3808 2515,3808"/>
    </TextRegion>
    <TextRegion id="region_7f44bdec-ad36-4fe6-8978-49e28c7c3f08_3" custom="structure {type:paragraph;}">
      <Coords points="3020,683 2999,672 2933,665 2891,676 2780,683 2229,669 1836,679 1212,676 1101,683 1031,676 986,704 975,728 972,770 979,1230 968,1341 965,1533 972,1571 968,1913 989,2153 961,2188 909,2219 899,2240 881,2254 843,2254 812,2226 791,2230 773,2254 773,2265 787,2279 812,2286 913,2275 937,2296 954,2345 961,2421 944,2613 954,2819 951,2927 965,3000 958,3035 961,3125 968,3160 982,3177 1007,3191 1299,3164 1494,3160 1543,3153 2174,3146 2240,3129 2275,3083 2313,3073 2386,3083 2452,3083 2571,3066 2787,3055 2964,3076 3003,3069 3031,3055 3041,3017 3020,2965 3017,2857 2999,2808 3006,2738 2992,2529 3003,2498 3003,2432 2989,2310 2992,2136 2985,2115 2999,2063 3003,1913 3013,1881 2999,1714 3027,1599 3027,1540 3041,1509 3041,1488 3020,1432 3024,1261 3006,1174 2982,1125 2985,1052 2996,1021 2996,923 3017,892 3038,801 3041,721"/>
      <TextLine id="c03b8ef8-9078-4d7c-8534-31df41bcf32a">
        <Coords points="963,670 1021,650 1209,649 1441,649 1458,666 2217,657 2237,669 2285,673 2541,673 2549,681 2589,682 2625,682 2649,670 2693,667 3014,667 3014,737 2713,736 2705,744 2593,744 2511,732 2499,744 2441,744 2413,760 2341,768 2293,768 2281,759 2089,759 2077,747 1733,739 1717,740 1697,760 1657,768 1205,767 1189,751 1165,751 1145,739 963,744"/>
        <Baseline points="997,734 1047,732 1097,730 1147,729 1197,728 1247,727 1297,725 1347,724 1397,723 1447,723 1497,723 1547,724 1597,722 1647,722 1697,723 1747,724 1797,722 1847,721 1897,720 1947,719 1997,718 2047,719 2097,719 2147,720 2197,720 2247,720 2297,721 2347,721 2397,722 2447,723 2497,722 2547,722 2597,722 2647,724 2697,727 2747,727 2797,725 2847,725 2897,724 2947,723 2981,720"/>
        <Word id="word_97d831da-c800-4c8e-91db-5b2109a4bdcf">
          <Coords points="996,699 1046,697 1096,695 1146,694 1196,693 1246,692 1296,690 1322,689 1323,734 1297,735 1247,737 1197,738 1147,739 1097,740 1047,742 997,744"/>
          <TextEquiv>
            <Unicode>aenbandende</Unicode>
          </TextEquiv>
        </Word>
        <Word id="word_1339e49b-6386-4d90-bf58-3296d883a0bb">
          <Coords points="1352,689 1396,688 1412,688 1412,733 1397,733 1353,734"/>
          <TextEquiv>
            <Unicode>Is</Unicode>
          </TextEquiv>
        </Word>
        <Word id="word_38d0bb1f-c008-400f-8256-b63ff0b93ab6">
          <Coords points="1441,688 1447,688 1497,688 1548,689 1596,687 1647,687 1649,687 1648,732 1647,732 1597,732 1547,734 1497,733 1447,733 1441,733"/>
          <TextEquiv>
            <Unicode>wardapa</Unicode>
          </TextEquiv>
        </Word>
        <Word id="word_4d67e759-4c9b-453f-875e-c89f95777d4a">
          <Coords points="1679,688 1698,688 1748,689 1766,688 1767,733 1747,734 1697,733 1678,733"/>
          <TextEquiv>
            <Unicode>met</Unicode>
          </TextEquiv>
        </Word>
        <Word id="word_9bab427b-ae8c-4758-bcdd-b824541f7930">
          <Coords points="1795,687 1796,687 1846,686 1896,685 1914,685 1915,730 1897,730 1847,731 1797,732 1797,732"/>
          <TextEquiv>
            <Unicode>sijn</Unicode>
          </TextEquiv>
        </Word>
        <Word id="word_66103fdf-413f-432c-9536-b3893332d39a">
          <Coords points="1944,684 1946,684 1996,683 2048,684 2093,684 2093,729 2047,729 1997,728 1947,729 1945,729"/>
          <TextEquiv>
            <Unicode>vrouw</Unicode>
          </TextEquiv>
        </Word>
        <Word id="word_ffc5ba72-6959-490a-881a-469d5cf6f59f">
          <Coords points="2124,684 2148,685 2182,685 2182,730 2147,730 2122,729"/>
          <TextEquiv>
            <Unicode>en</Unicode>
          </TextEquiv>
        </Word>
        <Word id="word_6c3fa1c2-164e-4f14-a7d5-6d33a1655353">
          <Coords points="2211,685 2247,685 2298,686 2347,686 2398,687 2419,687 2418,732 2397,732 2347,731 2297,731 2247,730 2211,730"/>
          <TextEquiv>
            <Unicode>gevolgh</Unicode>
          </TextEquiv>
        </Word>
        <Word id="word_47b50179-99f6-4b2b-b07b-f0386e3da7d8">
          <Coords points="2447,688 2496,687 2547,687 2597,687 2648,689 2699,692 2715,692 2715,737 2696,737 2647,734 2597,732 2547,732 2497,732 2448,733"/>
          <TextEquiv>
            <Unicode>gevlught,</Unicode>
          </TextEquiv>
        </Word>
        <Word id="word_2a733776-d4b2-4013-afa9-7c2512e08ebe">
          <Coords points="2744,692 2747,692 2796,690 2833,690 2833,735 2797,735 2747,737 2744,737"/>
          <TextEquiv>
            <Unicode>sas</Unicode>
          </TextEquiv>
        </Word>
        <Word id="word_d138a611-0488-466f-a821-d91431cbedbe">
          <Coords points="2862,690 2896,689 2946,688 2978,685 2982,730 2947,733 2897,734 2863,735"/>
          <TextEquiv>
            <Unicode>adre</Unicode>
          </TextEquiv>
        </Word>
        <TextEquiv conf="0.896872913172497">
          <Unicode>aenbandende Is wardapa met sijn vrouw en gevolgh gevlught, sas adre</Unicode>
        </TextEquiv>
        <TextStyle xHeight="35"/>
      </TextLine>
      <TextLine id="line_6ab5a408-720d-433e-97f9-92d27c278e5f">
        <Coords points="953,747 1153,742 1184,771 1670,767 1690,763 1710,747 1734,746 1842,755 2074,746 2086,755 2338,754 2346,762 2402,763 2437,747 2493,747 2511,731 2581,738 2605,755 2910,750 2910,820 2785,825 2765,844 2725,844 2705,828 2661,828 2653,820 2623,828 2541,824 2528,837 2042,836 2034,828 2007,825 1814,829 1798,844 1363,833 1269,837 1252,847 1239,837 1039,840 1003,876 953,876"/>
        <Baseline points="987,838 1037,833 1087,828 1137,825 1187,822 1237,819 1287,818 1337,816 1387,814 1437,813 1487,812 1537,811 1587,810 1637,810 1687,810 1737,808 1787,807 1837,807 1887,807 1937,807 1987,808 2037,808 2087,807 2137,808 2187,809 2237,808 2287,807 2337,807 2387,807 2437,807 2487,804 2537,806 2587,806 2637,807 2687,806 2737,807 2787,808 2837,807 2877,803"/>
        <Word id="word_7000b983-9d2b-4801-863b-7afcde9271a6">
          <Coords points="984,803 1034,798 1084,793 1112,791 1115,836 1088,838 1038,843 988,848"/>
          <TextEquiv>
            <Unicode>heeft</Unicode>
          </TextEquiv>
        </Word>
        <Word id="word_88035e15-598c-4a5a-b0ff-b765efdbd4af">
          <Coords points="1138,790 1185,787 1235,784 1241,784 1242,829 1238,829 1188,832 1140,835"/>
          <TextEquiv>
            <Unicode>alle</Unicode>
          </TextEquiv>
        </Word>
        <Word id="word_b5319a1d-bb38-4cc5-ad23-dbc42e092497">
          <Coords points="1267,783 1286,783 1317,782 1319,827 1287,828 1268,828"/>
          <TextEquiv>
            <Unicode>d'</Unicode>
          </TextEquiv>
        </Word>
        <Word id="word_691a1a5d-ef86-4777-9322-b2938c6d9246">
          <Coords points="1343,781 1386,779 1436,778 1486,777 1536,776 1548,776 1549,821 1537,821 1487,822 1437,823 1387,824 1344,826"/>
          <TextEquiv>
            <Unicode>goederen</Unicode>
          </TextEquiv>
        </Word>
        <Word id="word_6bdac224-de12-4e34-ad8e-a993c840f9fa">
          <Coords points="1573,775 1586,775 1637,775 1676,775 1676,820 1637,820 1587,820 1574,820"/>
          <TextEquiv>
            <Unicode>ende</Unicode>
          </TextEquiv>
        </Word>
        <Word id="word_d730042e-4039-43d3-a3c3-c54aa10e3980">
          <Coords points="1700,775 1735,773 1786,772 1837,772 1855,772 1855,817 1837,817 1787,817 1738,818 1702,820"/>
          <TextEquiv>
            <Unicode>Cleden</Unicode>
          </TextEquiv>
        </Word>
        <Word id="word_c0f8da4b-0420-4118-b360-3a7070060582">
          <Coords points="1881,772 1887,772 1937,772 1958,772 1957,817 1937,817 1887,817 1881,817"/>
          <TextEquiv>
            <Unicode>van</Unicode>
          </TextEquiv>
        </Word>
        <Word id="word_99028d5f-2a7f-49ef-a8fa-aa4a2e552243">
          <Coords points="1984,773 1988,773 2037,773 2086,772 2138,773 2188,774 2236,773 2238,773 2239,818 2237,818 2187,819 2137,818 2087,817 2037,818 1987,818 1983,818"/>
          <TextEquiv>
            <Unicode>Pallacatta</Unicode>
          </TextEquiv>
        </Word>
        <Word id="word_55ca493f-fca4-4611-ae79-b5ef1d2e1879">
          <Coords points="2263,772 2286,772 2337,772 2341,772 2341,817 2337,817 2287,817 2264,817"/>
          <TextEquiv>
            <Unicode>Int</Unicode>
          </TextEquiv>
        </Word>
        <Word id="word_0042bd97-f24a-4ba5-9a4e-04815638eb20">
          <Coords points="2366,772 2387,772 2437,772 2485,769 2521,770 2519,815 2488,814 2437,817 2387,817 2366,817"/>
          <TextEquiv>
            <Unicode>engels</Unicode>
          </TextEquiv>
        </Word>
        <Word id="word_3ab9df71-7b10-4da1-b17c-93a2defb3989">
          <Coords points="2545,771 2587,771 2638,772 2646,772 2647,817 2637,817 2587,816 2545,816"/>
          <TextEquiv>
            <Unicode>fort</Unicode>
          </TextEquiv>
        </Word>
        <Word id="word_cb9651cd-355d-447e-8c51-b08206db5b48">
          <Coords points="2672,771 2686,771 2738,772 2788,773 2836,772 2873,768 2878,813 2837,817 2787,818 2737,817 2687,816 2673,816"/>
          <TextEquiv>
            <Unicode>gebraght</Unicode>
          </TextEquiv>
        </Word>
        <TextEquiv conf="0.9097316095270721">
          <Unicode>heeft alle d' goederen ende Cleden van Pallacatta Int engels fort gebraght</Unicode>
        </TextEquiv>
        <TextStyle xHeight="35"/>
      </TextLine>
      <TextLine id="line_171ced84-9216-44b8-9c3e-b5dd05adca80">
        <Coords points="954,879 1000,879 1036,843 1084,835 1272,830 1284,839 1567,834 1795,843 1823,816 1992,816 2043,838 2526,839 2546,828 2617,828 2650,819 2666,830 2706,830 2734,858 2774,863 2798,863 2826,843 2947,844 2947,914 2822,908 2798,929 2782,928 2758,912 2718,912 2667,925 2419,920 2379,912 2059,913 1903,917 1883,929 1856,932 1124,937 954,945"/>
        <Baseline points="988,927 1038,922 1088,918 1138,916 1188,912 1238,909 1288,908 1338,907 1388,905 1438,903 1488,902 1538,901 1588,899 1638,896 1688,894 1738,893 1788,892 1838,891 1888,892 1938,893 1988,893 2038,892 2088,893 2138,892 2188,893 2238,894 2288,895 2338,894 2388,894 2438,895 2488,894 2538,895 2588,895 2638,895 2688,895 2738,895 2788,894 2838,893 2888,894 2914,897"/>
        <Word id="word_8a2a6ed9-9e7c-48e3-8640-21c253206d7a">
          <Coords points="985,892 1035,887 1085,883 1088,883 1089,928 1089,928 1039,932 989,937"/>
          <TextEquiv>
            <Unicode>oock</Unicode>
          </TextEquiv>
        </Word>
        <Word id="word_54372bab-4258-473a-a971-ca1ba76c6eb4">
          <Coords points="1113,882 1137,881 1185,877 1236,874 1240,874 1241,919 1239,919 1189,922 1138,926 1115,927"/>
          <TextEquiv>
            <Unicode>heeft</Unicode>
          </TextEquiv>
        </Word>
        <Word id="word_da427568-c65c-4ec8-9650-1c82070d374c">
          <Coords points="1266,873 1287,873 1316,872 1317,917 1288,918 1266,918"/>
          <TextEquiv>
            <Unicode>d'</Unicode>
          </TextEquiv>
        </Word>
        <Word id="word_183b61c3-bc56-4cd0-a829-87d24e879f57">
          <Coords points="1341,872 1387,870 1437,868 1487,867 1537,866 1587,864 1594,864 1596,909 1588,909 1538,911 1488,912 1438,913 1388,915 1343,917"/>
          <TextEquiv>
            <Unicode>visiadoors</Unicode>
          </TextEquiv>
        </Word>
        <Word id="word_89a4f252-6c6a-47f3-9012-099c97b4aff9">
          <Coords points="1619,862 1636,861 1687,859 1737,858 1747,858 1748,903 1738,903 1688,904 1639,906 1622,907"/>
          <TextEquiv>
            <Unicode>vande</Unicode>
          </TextEquiv>
        </Word>
        <Word id="word_df5f1549-8e3d-49f6-8673-a6b2c6c08c6d">
          <Coords points="1772,857 1787,857 1837,856 1889,857 1926,858 1925,903 1888,902 1838,901 1788,902 1773,902"/>
          <TextEquiv>
            <Unicode>dorpen</Unicode>
          </TextEquiv>
        </Word>
        <Word id="word_98accba1-c262-4b52-805c-a4bc68df5196">
          <Coords points="1950,858 1988,858 2026,857 2027,902 1988,903 1951,903"/>
          <TextEquiv>
            <Unicode>aan</Unicode>
          </TextEquiv>
        </Word>
        <Word id="word_077d3484-1b10-40e7-a681-a4532bee9622">
          <Coords points="2053,857 2089,858 2137,857 2154,857 2153,902 2138,902 2088,903 2052,902"/>
          <TextEquiv>
            <Unicode>trem</Unicode>
          </TextEquiv>
        </Word>
        <Word id="word_345ac53b-c6f7-4973-8c03-c88d1165cfb3">
          <Coords points="2180,858 2189,858 2239,859 2289,860 2337,859 2388,859 2439,860 2457,860 2458,905 2438,905 2388,904 2338,904 2288,905 2238,904 2188,903 2179,903"/>
          <TextEquiv>
            <Unicode>valliccatta</Unicode>
          </TextEquiv>
        </Word>
        <Word id="word_cf9e8dbd-0a60-4485-84a4-b06e9037801d">
          <Coords points="2482,859 2487,859 2539,860 2588,860 2635,860 2635,905 2588,905 2538,905 2488,904 2483,904"/>
          <TextEquiv>
            <Unicode>belast</Unicode>
          </TextEquiv>
        </Word>
        <Word id="word_082a1f1a-2222-444a-93ac-15f819b75db1">
          <Coords points="2661,860 2688,860 2738,860 2787,859 2837,858 2864,859 2863,904 2838,903 2788,904 2738,905 2688,905 2661,905"/>
          <TextEquiv>
            <Unicode>(gelijck</Unicode>
          </TextEquiv>
        </Word>
        <Word id="word_6c322ed3-02c9-4053-8fc5-cfb28cd7bcee">
          <Coords points="2893,859 2918,862 2913,907 2888,904"/>
          <TextEquiv>
            <Unicode>—</Unicode>
          </TextEquiv>
        </Word>
        <TextEquiv conf="0.8630336913931772">
          <Unicode>oock heeft d' visiadoors vande dorpen aan trem valliccatta belast (gelijck —</Unicode>
        </TextEquiv>
        <TextStyle xHeight="37"/>
      </TextLine>
      <TextLine id="a7daa90e-6f6d-4d14-b360-127f0dffed33">
        <Coords points="954,947 976,939 1128,939 1148,923 1184,922 1712,935 1727,923 1740,931 1868,931 1900,922 2415,931 2665,927 2675,919 2763,914 2795,931 2851,923 3005,923 3016,917 3016,987 2967,988 2927,1023 2563,1026 2547,1014 2399,1015 2373,996 2275,996 2267,1003 2227,1007 2059,1002 1972,1065 1958,1053 1908,1054 1897,1046 1824,1042 1816,1034 1676,1035 1656,1047 1260,1039 1232,1066 1204,1065 1176,1038 954,1047"/>
        <Baseline points="988,1024 1038,1021 1088,1016 1138,1013 1188,1010 1238,1006 1288,1004 1338,1003 1388,1002 1438,1000 1488,999 1538,998 1588,996 1638,994 1688,994 1738,994 1788,992 1838,993 1888,992 1938,992 1988,992 2038,991 2088,990 2138,990 2188,989 2238,988 2288,987 2338,987 2388,987 2438,985 2488,984 2538,983 2588,982 2638,981 2688,979 2738,977 2788,974 2838,972 2888,970 2938,970 2983,970"/>
        <Word id="word_f4c983f9-9460-4dfc-9c74-059bc02f2887">
          <Coords points="986,989 1036,986 1085,981 1136,978 1147,977 1150,1022 1139,1023 1089,1026 1039,1031 989,1034"/>
          <TextEquiv>
            <Unicode>gedaen</Unicode>
          </TextEquiv>
        </Word>
        <Word id="word_0fe358f6-dcf2-4103-8d57-78113e646140">
          <Coords points="1174,976 1186,975 1235,971 1287,969 1337,968 1364,967 1365,1012 1338,1013 1288,1014 1239,1016 1189,1020 1177,1021"/>
          <TextEquiv>
            <Unicode>hebben)</Unicode>
          </TextEquiv>
        </Word>
        <Word id="word_3a21d1e5-7aae-41c8-a596-2b1771dfe0b7">
          <Coords points="1390,967 1437,965 1487,964 1537,963 1579,961 1581,1006 1538,1008 1488,1009 1438,1010 1392,1012"/>
          <TextEquiv>
            <Unicode>wanneer</Unicode>
          </TextEquiv>
        </Word>
        <Word id="word_04c8947d-28c7-4095-9b6f-d74cfcddf6c1">
          <Coords points="1606,960 1637,959 1688,959 1716,959 1716,1004 1688,1004 1638,1004 1608,1005"/>
          <TextEquiv>
            <Unicode>mijn</Unicode>
          </TextEquiv>
        </Word>
        <Word id="word_1c74732d-ab75-412d-a1a2-147bfeb162ef">
          <Coords points="1741,959 1786,957 1839,958 1877,957 1878,1002 1838,1003 1788,1002 1743,1004"/>
          <TextEquiv>
            <Unicode>Volcq</Unicode>
          </TextEquiv>
        </Word>
        <Word id="word_ab4bc006-f074-45c5-8933-31fe2e1f7e31">
          <Coords points="1905,957 1938,957 1988,957 2037,956 2065,955 2066,1000 2038,1001 1988,1002 1938,1002 1904,1002"/>
          <TextEquiv>
            <Unicode>quamen</Unicode>
          </TextEquiv>
        </Word>
        <Word id="word_5562b6ce-1aac-465b-910f-0bd9d7118501">
          <Coords points="2093,955 2138,955 2173,954 2174,999 2138,1000 2093,1000"/>
          <TextEquiv>
            <Unicode>die</Unicode>
          </TextEquiv>
        </Word>
        <Word id="word_834f3ab8-0dc4-47db-bded-3d58ecbf0469">
          <Coords points="2200,954 2237,953 2287,952 2338,952 2388,952 2388,952 2390,997 2388,997 2338,997 2288,997 2238,998 2201,999"/>
          <TextEquiv>
            <Unicode>voorden</Unicode>
          </TextEquiv>
        </Word>
        <Word id="word_a5505513-ea06-4e04-894c-619cd3714d83">
          <Coords points="2415,951 2437,950 2487,949 2537,948 2587,947 2605,947 2606,992 2588,992 2538,993 2488,994 2438,995 2417,996"/>
          <TextEquiv>
            <Unicode>Coninck</Unicode>
          </TextEquiv>
        </Word>
        <Word id="word_f51c15d9-fe0d-428c-8cb3-5a4e27893736">
          <Coords points="2632,946 2637,946 2687,944 2712,943 2714,988 2688,989 2638,991 2633,991"/>
          <TextEquiv>
            <Unicode>aen</Unicode>
          </TextEquiv>
        </Word>
        <Word id="word_3782d9a0-a04e-41b0-a976-c7a4f706d48f">
          <Coords points="2738,942 2786,939 2793,939 2795,984 2789,984 2741,987"/>
          <TextEquiv>
            <Unicode>te</Unicode>
          </TextEquiv>
        </Word>
        <Word id="word_29191d8b-7839-4ead-9b02-1adbf6b85966">
          <Coords points="2820,938 2837,937 2887,935 2938,935 2983,935 2983,980 2938,980 2888,980 2838,982 2822,983"/>
          <TextEquiv>
            <Unicode>slaen,</Unicode>
          </TextEquiv>
        </Word>
        <TextEquiv conf="0.8962902644128691">
          <Unicode>gedaen hebben) wanneer mijn Volcq quamen die voorden Coninck aen te slaen,</Unicode>
        </TextEquiv>
        <TextStyle xHeight="37"/>
      </TextLine>
      <TextLine id="line_51e46303-29d7-43f3-9605-bcd3267b8b3b">
        <Coords points="949,1048 1175,1039 1203,1064 1235,1064 1259,1040 1814,1035 1822,1043 1959,1048 1976,1036 1994,1040 2022,1032 2058,1003 2226,1008 2262,1004 2270,996 2375,996 2398,1016 2737,1007 2757,1019 2877,1019 2889,1026 2981,1026 2986,1020 2986,1090 2729,1085 2721,1093 2262,1099 2234,1124 1954,1119 1810,1132 1634,1136 1494,1131 1478,1123 1335,1124 1303,1128 1259,1167 949,1163"/>
        <Baseline points="983,1133 1033,1126 1083,1122 1133,1118 1183,1113 1233,1110 1283,1107 1333,1104 1383,1103 1433,1099 1483,1097 1533,1094 1583,1093 1633,1090 1683,1088 1733,1088 1783,1086 1833,1085 1883,1084 1933,1084 1983,1083 2033,1080 2083,1079 2133,1080 2183,1081 2233,1080 2283,1081 2333,1080 2383,1078 2433,1077 2483,1077 2533,1076 2583,1075 2633,1075 2683,1074 2733,1073 2783,1073 2833,1072 2883,1071 2933,1072 2953,1073"/>
        <Word id="word_c85748d4-8921-44c1-ad41-17275b8fb680">
          <Coords points="978,1098 1028,1091 1080,1087 1130,1083 1130,1083 1135,1128 1134,1128 1084,1132 1034,1136 984,1143"/>
          <TextEquiv>
            <Unicode>wechte</Unicode>
          </TextEquiv>
        </Word>
        <Word id="word_9d32e740-6f32-447f-867c-7b1e0a14ce6a">
          <Coords points="1156,1081 1180,1078 1231,1075 1281,1072 1331,1069 1360,1068 1361,1113 1334,1114 1284,1117 1234,1120 1184,1123 1160,1125"/>
          <TextEquiv>
            <Unicode>drijven,</Unicode>
          </TextEquiv>
        </Word>
        <Word id="word_8f66429a-e526-42f8-847f-b8747d61c1ec">
          <Coords points="1383,1068 1430,1064 1460,1063 1462,1108 1434,1109 1387,1113"/>
          <TextEquiv>
            <Unicode>dit</Unicode>
          </TextEquiv>
        </Word>
        <Word id="word_dcd9c024-1861-4554-98bb-6745de3ae2c2">
          <Coords points="1485,1062 1531,1059 1582,1058 1631,1055 1637,1055 1639,1100 1634,1100 1583,1103 1534,1104 1488,1107"/>
          <TextEquiv>
            <Unicode>nieuws</Unicode>
          </TextEquiv>
        </Word>
        <Word id="word_1e8cb7a2-3dca-4025-9820-9270b3555d03">
          <Coords points="1663,1054 1682,1053 1733,1053 1782,1051 1790,1051 1790,1096 1783,1096 1733,1098 1683,1098 1664,1099"/>
          <TextEquiv>
            <Unicode>hebbe</Unicode>
          </TextEquiv>
        </Word>
        <Word id="word_765403a6-3548-4bea-88de-beb2fd5ef274">
          <Coords points="1815,1050 1832,1050 1882,1049 1933,1049 1941,1049 1942,1094 1933,1094 1883,1094 1833,1095 1816,1095"/>
          <TextEquiv>
            <Unicode>inden</Unicode>
          </TextEquiv>
        </Word>
        <Word id="word_ba87feca-4b95-4c81-840b-83591a5cfd07">
          <Coords points="1967,1048 1982,1048 2031,1045 2068,1044 2068,1089 2034,1090 1983,1093 1967,1093"/>
          <TextEquiv>
            <Unicode>wech</Unicode>
          </TextEquiv>
        </Word>
        <Word id="word_e55df4cc-992d-4ef0-a693-32d76b9a5457">
          <Coords points="2095,1044 2134,1045 2184,1046 2232,1045 2284,1046 2295,1046 2296,1091 2283,1091 2233,1090 2183,1091 2133,1090 2093,1089"/>
          <TextEquiv>
            <Unicode>gehoort,</Unicode>
          </TextEquiv>
        </Word>
        <Word id="word_8035c2d3-44c3-4152-b40f-0504f114a9e9">
          <Coords points="2320,1045 2332,1045 2382,1043 2396,1043 2397,1088 2383,1088 2333,1090 2321,1090"/>
          <TextEquiv>
            <Unicode>soo</Unicode>
          </TextEquiv>
        </Word>
        <Word id="word_c1a95240-a552-40a5-aeeb-0e5f52346ec4">
          <Coords points="2421,1042 2432,1042 2483,1042 2497,1042 2498,1087 2483,1087 2433,1087 2422,1087"/>
          <TextEquiv>
            <Unicode>dit</Unicode>
          </TextEquiv>
        </Word>
        <Word id="word_f1add013-c396-4f37-b0aa-6b0ab252fa76">
          <Coords points="2523,1041 2532,1041 2573,1040 2574,1085 2533,1086 2523,1086"/>
          <TextEquiv>
            <Unicode>te</Unicode>
          </TextEquiv>
        </Word>
        <Word id="word_8361d770-058e-40e4-8bcc-1c1a0e0d98f7">
          <Coords points="2599,1040 2633,1040 2682,1039 2725,1038 2726,1083 2683,1084 2633,1085 2599,1085"/>
          <TextEquiv>
            <Unicode>voren</Unicode>
          </TextEquiv>
        </Word>
        <Word id="word_3c974f16-f8b3-4a58-b7b5-2b69668c541c">
          <Coords points="2751,1038 2783,1038 2832,1037 2882,1036 2934,1037 2955,1038 2952,1083 2933,1082 2883,1081 2833,1082 2783,1083 2751,1083"/>
          <TextEquiv>
            <Unicode>gewesen—</Unicode>
          </TextEquiv>
        </Word>
        <TextEquiv conf="0.9097104571629008">
          <Unicode>wechte drijven, dit nieuws hebbe inden wech gehoort, soo dit te voren gewesen—</Unicode>
        </TextEquiv>
        <TextStyle xHeight="40"/>
      </TextLine>
      <TextLine id="line_82ae76a3-7348-4524-bd89-ba12afe4c757">
        <Coords points="937,1160 1259,1165 1303,1129 1339,1124 1487,1124 1543,1140 1799,1137 1815,1129 1875,1129 1887,1121 2235,1121 2258,1101 2482,1097 2642,1097 2654,1105 2678,1105 2702,1125 2967,1124 2967,1194 2906,1187 2878,1215 2650,1206 2038,1207 1843,1211 1819,1231 1099,1231 1027,1235 979,1278 937,1278"/>
        <Baseline points="971,1233 1021,1227 1071,1222 1121,1219 1171,1214 1221,1210 1271,1208 1321,1205 1371,1203 1421,1202 1471,1200 1521,1199 1571,1197 1621,1194 1671,1194 1721,1192 1771,1192 1821,1190 1871,1188 1921,1186 1971,1185 2021,1184 2071,1184 2121,1183 2171,1183 2221,1183 2271,1183 2321,1183 2371,1182 2421,1182 2471,1182 2521,1182 2571,1181 2621,1182 2671,1183 2721,1182 2771,1182 2821,1181 2871,1180 2921,1177 2934,1177"/>
        <Word id="word_2325f2c9-0759-4562-80c6-5206ee2fc4be">
          <Coords points="967,1198 1017,1192 1068,1187 1119,1184 1128,1183 1133,1228 1122,1229 1072,1232 1022,1237 972,1243"/>
          <TextEquiv>
            <Unicode>hadde,</Unicode>
          </TextEquiv>
        </Word>
        <Word id="word_266fc07e-01e6-47ab-a42e-03091ff1f89b">
          <Coords points="1155,1180 1168,1179 1218,1175 1270,1173 1291,1172 1293,1217 1271,1218 1222,1220 1172,1224 1160,1225"/>
          <TextEquiv>
            <Unicode>soude</Unicode>
          </TextEquiv>
        </Word>
        <Word id="word_da26cb41-bdc8-429d-be89-abadea588822">
          <Coords points="1318,1170 1319,1170 1370,1168 1400,1167 1401,1212 1371,1213 1322,1215 1320,1215"/>
          <TextEquiv>
            <Unicode>wel</Unicode>
          </TextEquiv>
        </Word>
        <Word id="word_35603221-88e7-4f79-ad72-38098f68b4e7">
          <Coords points="1426,1167 1470,1165 1507,1164 1508,1209 1471,1210 1428,1212"/>
          <TextEquiv>
            <Unicode>met</Unicode>
          </TextEquiv>
        </Word>
        <Word id="word_f9ec3a2e-ab12-4dc0-bee8-58f663f41f56">
          <Coords points="1533,1164 1569,1162 1619,1159 1642,1159 1642,1204 1622,1204 1571,1207 1535,1209"/>
          <TextEquiv>
            <Unicode>Veel</Unicode>
          </TextEquiv>
        </Word>
        <Word id="word_7f30c8a5-49e9-4327-8f9b-dddc88ca3c6b">
          <Coords points="1669,1159 1671,1159 1720,1157 1771,1157 1802,1156 1804,1201 1771,1202 1721,1202 1671,1204 1669,1204"/>
          <TextEquiv>
            <Unicode>volcx</Unicode>
          </TextEquiv>
        </Word>
        <Word id="word_fa6481bb-e544-4d8e-85db-1b0752965bf2">
          <Coords points="1829,1155 1870,1153 1920,1151 1970,1150 2018,1149 2019,1194 1971,1195 1921,1196 1871,1198 1831,1200"/>
          <TextEquiv>
            <Unicode>gecomen</Unicode>
          </TextEquiv>
        </Word>
        <Word id="word_42afdf4e-db85-4ddc-813e-3a7770c59962">
          <Coords points="2047,1149 2072,1149 2120,1148 2171,1148 2207,1148 2207,1193 2171,1193 2121,1193 2071,1194 2046,1193"/>
          <TextEquiv>
            <Unicode>hebben</Unicode>
          </TextEquiv>
        </Word>
        <Word id="word_abea4d16-b1a9-45b8-9c22-030e1a9c5ee0">
          <Coords points="2234,1148 2271,1148 2321,1148 2341,1148 2342,1193 2321,1193 2271,1193 2234,1193"/>
          <TextEquiv>
            <Unicode>maer</Unicode>
          </TextEquiv>
        </Word>
        <Word id="word_ef8cc5cf-ae9c-4a92-a65a-76ecb94c3f8b">
          <Coords points="2368,1147 2370,1147 2421,1147 2423,1147 2423,1192 2421,1192 2371,1192 2369,1192"/>
          <TextEquiv>
            <Unicode>om</Unicode>
          </TextEquiv>
        </Word>
        <Word id="word_fe7d88e0-db2a-481d-a056-c2b421365fa9">
          <Coords points="2450,1147 2471,1147 2521,1147 2530,1147 2531,1192 2521,1192 2471,1192 2450,1192"/>
          <TextEquiv>
            <Unicode>dat</Unicode>
          </TextEquiv>
        </Word>
        <Word id="word_76a72d2d-ea64-4de6-bd3d-305b788158ab">
          <Coords points="2557,1146 2570,1146 2622,1147 2639,1147 2638,1192 2621,1192 2571,1191 2558,1191"/>
          <TextEquiv>
            <Unicode>uE.</Unicode>
          </TextEquiv>
        </Word>
        <Word id="word_6be7e0eb-345b-4f8d-82dc-ea865625e938">
          <Coords points="2666,1148 2672,1148 2720,1147 2771,1147 2772,1147 2773,1192 2771,1192 2721,1192 2671,1193 2665,1193"/>
          <TextEquiv>
            <Unicode>(met</Unicode>
          </TextEquiv>
        </Word>
        <Word id="word_7109321b-4d57-4b7c-9268-dbbfd3391c4b">
          <Coords points="2799,1146 2820,1146 2870,1145 2919,1142 2934,1142 2934,1187 2922,1187 2871,1190 2821,1191 2800,1191"/>
          <TextEquiv>
            <Unicode>volcq</Unicode>
          </TextEquiv>
        </Word>
        <TextEquiv conf="0.890668838034059">
          <Unicode>hadde, soude wel met Veel volcx gecomen hebben maer om dat uE. (met volcq</Unicode>
        </TextEquiv>
        <TextStyle xHeight="39"/>
      </TextLine>
      <TextLine id="ea40ddf2-d7d9-4a28-a536-0fd691f6b59f">
        <Coords points="943,1279 973,1279 1037,1232 1809,1232 1841,1212 2368,1207 2516,1211 2700,1231 2921,1238 2921,1308 2892,1308 2885,1301 2612,1301 2556,1313 2492,1313 2452,1353 2048,1349 2016,1320 1901,1321 1853,1325 1828,1349 1245,1348 1218,1372 1093,1372 1081,1364 987,1368 961,1392 943,1392"/>
        <Baseline points="977,1343 1027,1334 1077,1328 1127,1326 1177,1324 1227,1322 1277,1318 1327,1315 1377,1312 1427,1309 1477,1308 1527,1306 1577,1305 1627,1303 1677,1303 1727,1302 1777,1300 1827,1300 1877,1300 1927,1299 1977,1299 2027,1299 2077,1298 2127,1298 2177,1298 2227,1297 2277,1295 2327,1294 2377,1294 2427,1292 2477,1292 2527,1293 2577,1292 2627,1291 2677,1291 2727,1291 2777,1291 2827,1292 2877,1293 2888,1291"/>
        <Word id="word_91872fe3-422c-4c78-b522-5bceb311996b">
          <Coords points="971,1309 1021,1300 1073,1293 1126,1291 1136,1291 1138,1336 1127,1336 1078,1338 1029,1344 979,1353"/>
          <TextEquiv>
            <Unicode>comen)</Unicode>
          </TextEquiv>
        </Word>
        <Word id="word_6098b476-e578-4018-ae08-178a9663d049">
          <Coords points="1163,1290 1176,1289 1226,1287 1274,1283 1324,1280 1326,1325 1278,1328 1227,1332 1177,1334 1165,1334"/>
          <TextEquiv>
            <Unicode>quaest</Unicode>
          </TextEquiv>
        </Word>
        <Word id="word_9fea6d6b-b468-4ee3-82e3-069bcd9eed12">
          <Coords points="1351,1279 1375,1277 1425,1274 1476,1273 1526,1271 1576,1270 1594,1269 1595,1314 1577,1315 1527,1316 1477,1318 1428,1319 1378,1322 1353,1323"/>
          <TextEquiv>
            <Unicode>betrouwen</Unicode>
          </TextEquiv>
        </Word>
        <Word id="word_025c6a02-0bf3-4b14-a65d-6b5eb72c93c4">
          <Coords points="1621,1268 1626,1268 1676,1268 1676,1313 1627,1313 1622,1313"/>
          <TextEquiv>
            <Unicode>op</Unicode>
          </TextEquiv>
        </Word>
        <Word id="word_25432d18-5f08-4f44-9f0b-ce6bdbeca994">
          <Coords points="1701,1268 1726,1267 1776,1265 1784,1265 1784,1310 1777,1310 1727,1312 1703,1313"/>
          <TextEquiv>
            <Unicode>mij</Unicode>
          </TextEquiv>
        </Word>
        <Word id="word_fea58490-e9d1-4a5b-8d87-a082470b1e18">
          <Coords points="1810,1265 1827,1265 1877,1265 1926,1264 1945,1264 1945,1309 1927,1309 1877,1310 1827,1310 1810,1310"/>
          <TextEquiv>
            <Unicode>mocht</Unicode>
          </TextEquiv>
        </Word>
        <Word id="word_924301e5-e6a5-46e1-b2f7-b549468b1f18">
          <Coords points="1972,1264 1977,1264 2027,1264 2076,1263 2127,1263 2161,1263 2161,1308 2127,1308 2077,1308 2027,1309 1977,1309 1972,1309"/>
          <TextEquiv>
            <Unicode>hebben,</Unicode>
          </TextEquiv>
        </Word>
        <Word id="word_4a441371-f26f-406f-ac7b-206a66c89e52">
          <Coords points="2187,1263 2226,1262 2267,1260 2269,1305 2227,1307 2188,1308"/>
          <TextEquiv>
            <Unicode>ben</Unicode>
          </TextEquiv>
        </Word>
        <Word id="word_030ff794-670f-4ed7-a942-e12ab934fdad">
          <Coords points="2295,1259 2327,1259 2377,1259 2426,1257 2477,1257 2512,1258 2511,1303 2477,1302 2427,1302 2377,1304 2327,1304 2296,1304"/>
          <TextEquiv>
            <Unicode>eenlijck</Unicode>
          </TextEquiv>
        </Word>
        <Word id="word_41f8eb39-b15f-4c24-b8c2-0265fa2a2677">
          <Coords points="2537,1258 2576,1257 2618,1256 2619,1301 2577,1302 2538,1303"/>
          <TextEquiv>
            <Unicode>met</Unicode>
          </TextEquiv>
        </Word>
        <Word id="word_2fe4d52d-e022-4479-b543-95b305727f57">
          <Coords points="2646,1256 2677,1256 2700,1256 2700,1301 2677,1301 2646,1301"/>
          <TextEquiv>
            <Unicode>d'</Unicode>
          </TextEquiv>
        </Word>
        <Word id="word_d0e0d582-c438-400d-90d6-c164e4f4477d">
          <Coords points="2726,1256 2727,1256 2777,1256 2828,1257 2878,1258 2882,1257 2890,1301 2877,1303 2827,1302 2777,1301 2727,1301 2726,1301"/>
          <TextEquiv>
            <Unicode>voorsz</Unicode>
          </TextEquiv>
        </Word>
        <TextEquiv conf="0.8939218510483228">
          <Unicode>comen) quaest betrouwen op mij mocht hebben, ben eenlijck met d' voorsz</Unicode>
        </TextEquiv>
        <TextStyle xHeight="45"/>
      </TextLine>
      <TextLine id="line_87540f78-9423-466d-be64-cba2536f7698">
        <Coords points="935,1394 957,1394 981,1371 1221,1371 1245,1347 1832,1347 1868,1315 2012,1319 2052,1351 2456,1351 2475,1334 2911,1334 2923,1346 2984,1348 2984,1418 2931,1418 2895,1452 2547,1456 2535,1447 2479,1447 2471,1439 2335,1432 2312,1452 2212,1451 2204,1444 2156,1492 2088,1428 1988,1425 1968,1436 1876,1440 1856,1452 1784,1451 1759,1433 1445,1436 1377,1440 1338,1479 935,1480"/>
        <Baseline points="969,1446 1019,1444 1069,1441 1119,1438 1169,1435 1219,1433 1269,1429 1319,1426 1369,1424 1419,1422 1469,1420 1519,1418 1569,1417 1619,1415 1669,1415 1719,1413 1769,1411 1819,1410 1869,1409 1919,1408 1969,1408 2019,1408 2069,1406 2119,1405 2169,1405 2219,1402 2269,1403 2319,1403 2369,1403 2419,1403 2469,1403 2519,1402 2569,1401 2619,1402 2669,1402 2719,1401 2769,1400 2819,1401 2869,1399 2919,1401 2951,1401"/>
        <Word id="word_6f3c7f57-c153-43c6-baa0-6124d31d2d2d">
          <Coords points="968,1411 1018,1409 1067,1406 1117,1403 1159,1401 1162,1445 1120,1448 1070,1451 1019,1454 969,1456"/>
          <TextEquiv>
            <Unicode>brueven</Unicode>
          </TextEquiv>
        </Word>
        <Word id="word_2c5dd427-a40c-40aa-a260-a06f845922cc">
          <Coords points="1188,1399 1218,1398 1266,1394 1297,1392 1300,1437 1270,1439 1219,1443 1189,1444"/>
          <TextEquiv>
            <Unicode>ende</Unicode>
          </TextEquiv>
        </Word>
        <Word id="word_9c331b15-b3a9-4ac3-9c95-b51caafbcfb3">
          <Coords points="1325,1391 1368,1389 1418,1387 1468,1385 1490,1384 1492,1429 1469,1430 1419,1432 1369,1434 1327,1436"/>
          <TextEquiv>
            <Unicode>eenige</Unicode>
          </TextEquiv>
        </Word>
        <Word id="word_e3e6cb44-c254-43fb-be55-f1f2a6302c99">
          <Coords points="1518,1383 1568,1382 1618,1380 1669,1380 1718,1378 1738,1377 1740,1422 1719,1423 1669,1425 1619,1425 1569,1427 1519,1428"/>
          <TextEquiv>
            <Unicode>dienaers</Unicode>
          </TextEquiv>
        </Word>
        <Word id="word_87dc5c64-be15-435c-be07-01b38683604a">
          <Coords points="1765,1376 1768,1376 1818,1375 1868,1374 1918,1373 1969,1373 2019,1373 2041,1372 2043,1417 2019,1418 1969,1418 1919,1418 1869,1419 1819,1420 1769,1421 1767,1421"/>
          <TextEquiv>
            <Unicode>afgereist,</Unicode>
          </TextEquiv>
        </Word>
        <Word id="word_3cf74096-a799-4da8-bc71-056c09c9635e">
          <Coords points="2069,1371 2118,1370 2169,1370 2178,1369 2181,1414 2169,1415 2119,1415 2070,1416"/>
          <TextEquiv>
            <Unicode>ende</Unicode>
          </TextEquiv>
        </Word>
        <Word id="word_f5acc3bc-92fa-4484-9941-260c058bc760">
          <Coords points="2205,1368 2217,1367 2270,1368 2319,1368 2369,1368 2373,1368 2373,1413 2369,1413 2319,1413 2269,1413 2220,1412 2208,1413"/>
          <TextEquiv>
            <Unicode>presen</Unicode>
          </TextEquiv>
        </Word>
        <Word id="word_d6aea937-0643-4358-b8af-e1e9352bff49">
          <Coords points="2400,1368 2419,1368 2469,1368 2482,1368 2483,1413 2469,1413 2419,1413 2400,1413"/>
          <TextEquiv>
            <Unicode>gae</Unicode>
          </TextEquiv>
        </Word>
        <Word id="word_3a6e784a-8038-4a99-a7c2-fb2c14ffcda0">
          <Coords points="2510,1367 2518,1367 2568,1366 2620,1367 2621,1367 2621,1412 2619,1412 2569,1411 2519,1412 2511,1412"/>
          <TextEquiv>
            <Unicode>naer</Unicode>
          </TextEquiv>
        </Word>
        <Word id="word_0352a167-be4e-4b7a-a89a-071f21762cd6">
          <Coords points="2648,1367 2669,1367 2718,1366 2768,1365 2820,1366 2868,1364 2920,1366 2951,1366 2951,1411 2919,1411 2869,1409 2819,1411 2769,1410 2719,1411 2669,1412 2648,1412"/>
          <TextEquiv>
            <Unicode>poenemoelij</Unicode>
          </TextEquiv>
        </Word>
        <TextEquiv conf="0.8748063626624958">
          <Unicode>brueven ende eenige dienaers afgereist, ende presen gae naer poenemoelij</Unicode>
        </TextEquiv>
        <TextStyle xHeight="39"/>
      </TextLine>
      <TextLine id="line_7b22bfdf-2975-495c-a3b6-5df95efd4db5">
        <Coords points="942,1455 1140,1451 1148,1443 1228,1439 1432,1439 1584,1423 1769,1423 1796,1450 1856,1451 1900,1422 1984,1422 2084,1426 2153,1491 2200,1447 2312,1451 2332,1434 2472,1438 2492,1450 2533,1446 2560,1467 2932,1466 3078,1483 3098,1463 3115,1466 3121,1460 3121,1530 3112,1539 3092,1551 3036,1551 2972,1571 2512,1570 2412,1566 2396,1558 2072,1558 1988,1590 1868,1585 1852,1570 1832,1570 1824,1562 1752,1558 1472,1558 1444,1582 942,1574"/>
        <Baseline points="976,1556 1026,1553 1076,1549 1126,1547 1176,1545 1226,1543 1276,1540 1326,1538 1376,1537 1426,1535 1476,1533 1526,1533 1576,1531 1626,1528 1676,1527 1726,1525 1776,1524 1826,1523 1876,1521 1926,1520 1976,1520 2026,1518 2076,1517 2126,1517 2176,1517 2226,1516 2276,1515 2326,1514 2376,1514 2426,1513 2476,1514 2526,1514 2576,1513 2626,1513 2676,1513 2726,1514 2776,1512 2826,1510 2876,1510 2926,1511 2976,1511 3026,1510 3076,1512 3088,1512"/>
        <Word id="word_0bafeb91-a95f-4897-9a85-6ef1f6202248">
          <Coords points="974,1521 1024,1518 1073,1514 1084,1514 1086,1559 1077,1559 1027,1563 977,1566"/>
          <TextEquiv>
            <Unicode>omme</Unicode>
          </TextEquiv>
        </Word>
        <Word id="word_5a2ddda8-8872-47c7-9d1a-3422ae080109">
          <Coords points="1112,1513 1125,1512 1175,1510 1194,1509 1196,1554 1176,1555 1126,1557 1113,1558"/>
          <TextEquiv>
            <Unicode>dit</Unicode>
          </TextEquiv>
        </Word>
        <Word id="word_1e1b19f0-2c58-4a4b-a37a-9769e3eced36">
          <Coords points="1221,1508 1225,1508 1274,1505 1325,1503 1332,1503 1332,1548 1326,1548 1277,1550 1226,1553 1223,1553"/>
          <TextEquiv>
            <Unicode>dsen</Unicode>
          </TextEquiv>
        </Word>
        <Word id="word_68d8f4b8-706a-4687-8ff8-008d60725539">
          <Coords points="1359,1502 1375,1502 1425,1500 1475,1498 1497,1498 1497,1543 1476,1543 1426,1545 1376,1547 1360,1547"/>
          <TextEquiv>
            <Unicode>vande</Unicode>
          </TextEquiv>
        </Word>
        <Word id="word_7ce91db2-d2c4-4a15-a52f-3c44a2ee3842">
          <Coords points="1524,1498 1526,1498 1575,1496 1624,1493 1675,1492 1725,1490 1770,1489 1771,1534 1726,1535 1676,1537 1627,1538 1576,1541 1526,1543 1524,1543"/>
          <TextEquiv>
            <Unicode>Vinadoors</Unicode>
          </TextEquiv>
        </Word>
        <Word id="word_ea713fda-87e5-493f-84ad-9fa761d9f2f7">
          <Coords points="1798,1489 1825,1488 1852,1487 1854,1532 1826,1533 1799,1534"/>
          <TextEquiv>
            <Unicode>te</Unicode>
          </TextEquiv>
        </Word>
        <Word id="word_e0d07424-12d5-4a5d-ad15-cf2eb801c33c">
          <Coords points="1880,1486 1925,1485 1976,1485 2025,1483 2075,1482 2126,1482 2155,1482 2155,1527 2126,1527 2076,1527 2026,1528 1976,1530 1926,1530 1881,1531"/>
          <TextEquiv>
            <Unicode>herstellen</Unicode>
          </TextEquiv>
        </Word>
        <Word id="word_a21e1ee0-117a-41fc-9555-babf604a9bbb">
          <Coords points="2182,1482 2225,1481 2264,1480 2265,1525 2226,1526 2183,1527"/>
          <TextEquiv>
            <Unicode>als</Unicode>
          </TextEquiv>
        </Word>
        <Word id="word_faf0a54c-0ec9-434b-81a1-4e51de5c0a11">
          <Coords points="2292,1480 2325,1479 2376,1479 2425,1478 2477,1479 2484,1479 2484,1524 2476,1524 2426,1523 2376,1524 2326,1524 2293,1525"/>
          <TextEquiv>
            <Unicode>wanneer</Unicode>
          </TextEquiv>
        </Word>
        <Word id="word_77ef4ec9-21ff-4b15-a783-940a425d6165">
          <Coords points="2512,1479 2526,1479 2575,1478 2626,1478 2676,1478 2677,1478 2676,1523 2676,1523 2626,1523 2576,1523 2526,1524 2512,1524"/>
          <TextEquiv>
            <Unicode>Voorts</Unicode>
          </TextEquiv>
        </Word>
        <Word id="word_bedbfb16-78a1-4c49-9a64-3e1c7e78207b">
          <Coords points="2705,1479 2727,1479 2757,1478 2759,1523 2726,1524 2704,1524"/>
          <TextEquiv>
            <Unicode>op</Unicode>
          </TextEquiv>
        </Word>
        <Word id="word_8c93761f-964b-442e-9c43-14681ff8aa58">
          <Coords points="2785,1477 2825,1475 2876,1475 2927,1476 2976,1476 3025,1475 3077,1477 3088,1477 3088,1522 3076,1522 3026,1520 2976,1521 2926,1521 2876,1520 2826,1520 2787,1522"/>
          <TextEquiv>
            <Unicode>madrehoatam</Unicode>
          </TextEquiv>
        </Word>
        <TextEquiv conf="0.8551398632560627">
          <Unicode>omme dit dsen vande Vinadoors te herstellen als wanneer Voorts op madrehoatam</Unicode>
        </TextEquiv>
        <TextStyle xHeight="46"/>
      </TextLine>
      <TextLine id="line_848afcac-20b9-436a-80fa-605dacd1604d">
        <Coords points="940,1565 1154,1553 1444,1552 1474,1577 1850,1572 1866,1588 1973,1593 2033,1569 2085,1569 2093,1561 2386,1556 2417,1568 2998,1571 2998,1641 2637,1642 2589,1666 2493,1694 2469,1710 2413,1697 2261,1698 2201,1693 2181,1681 2017,1677 1446,1686 1194,1685 1183,1674 1150,1674 940,1686"/>
        <Baseline points="974,1677 1024,1670 1074,1666 1124,1663 1174,1659 1224,1656 1274,1654 1324,1652 1374,1650 1424,1647 1474,1646 1524,1644 1574,1641 1624,1640 1674,1638 1724,1637 1774,1635 1824,1632 1874,1632 1924,1631 1974,1630 2024,1629 2074,1629 2124,1629 2174,1627 2224,1627 2274,1627 2324,1627 2374,1626 2424,1626 2474,1627 2524,1627 2574,1626 2624,1626 2674,1629 2724,1627 2774,1626 2824,1625 2874,1624 2924,1624 2965,1624"/>
        <Word id="word_66fa8970-7d1e-4e3b-b2d7-1b963f4b4afb">
          <Coords points="969,1642 1019,1635 1047,1633 1051,1678 1025,1680 975,1687"/>
          <TextEquiv>
            <Unicode>toe</Unicode>
          </TextEquiv>
        </Word>
        <Word id="word_c740b8ad-538b-455f-bf08-0182d539781d">
          <Coords points="1073,1631 1122,1628 1171,1624 1222,1621 1227,1621 1229,1666 1225,1666 1175,1669 1125,1673 1076,1676"/>
          <TextEquiv>
            <Unicode>trecke</Unicode>
          </TextEquiv>
        </Word>
        <Word id="word_80eb30a6-6c43-449c-b5e5-83656e72afe5">
          <Coords points="1253,1620 1273,1619 1304,1618 1305,1663 1274,1664 1254,1665"/>
          <TextEquiv>
            <Unicode>om</Unicode>
          </TextEquiv>
        </Word>
        <Word id="word_62eb8d1e-1520-48a3-a7d5-59d22c3867b7">
          <Coords points="1329,1617 1373,1615 1422,1612 1458,1611 1458,1656 1425,1657 1374,1660 1331,1662"/>
          <TextEquiv>
            <Unicode>alles</Unicode>
          </TextEquiv>
        </Word>
        <Word id="word_d565a43b-38cb-4ae6-9628-66ddad620966">
          <Coords points="1482,1611 1522,1609 1533,1608 1535,1653 1524,1654 1484,1656"/>
          <TextEquiv>
            <Unicode>te</Unicode>
          </TextEquiv>
        </Word>
        <Word id="word_d6a050af-56ee-412a-9ec0-d5e5b3fceb11">
          <Coords points="1558,1607 1572,1606 1623,1605 1673,1603 1723,1602 1773,1600 1813,1598 1816,1642 1774,1645 1724,1647 1674,1648 1624,1650 1575,1651 1561,1652"/>
          <TextEquiv>
            <Unicode>visiteren,</Unicode>
          </TextEquiv>
        </Word>
        <Word id="word_b971a48b-d27c-491c-86f7-9aab471013da">
          <Coords points="1842,1596 1875,1597 1923,1596 1943,1596 1943,1641 1924,1641 1874,1642 1841,1641"/>
          <TextEquiv>
            <Unicode>ende</Unicode>
          </TextEquiv>
        </Word>
        <Word id="word_0ba06c34-26bd-446d-bdcc-299f185243e7">
          <Coords points="1968,1595 1973,1595 2023,1594 2071,1594 2071,1639 2024,1639 1974,1640 1969,1640"/>
          <TextEquiv>
            <Unicode>naer</Unicode>
          </TextEquiv>
        </Word>
        <Word id="word_f44d22cd-3273-4537-80f5-db48c0736e90">
          <Coords points="2097,1594 2124,1594 2172,1592 2174,1637 2124,1639 2097,1639"/>
          <TextEquiv>
            <Unicode>uE.</Unicode>
          </TextEquiv>
        </Word>
        <Word id="word_879cc79d-eadc-4a57-9fd5-2ec65aa739b4">
          <Coords points="2200,1591 2225,1592 2274,1592 2324,1592 2373,1591 2403,1591 2403,1636 2374,1636 2324,1637 2274,1637 2224,1637 2198,1636"/>
          <TextEquiv>
            <Unicode>goederen</Unicode>
          </TextEquiv>
        </Word>
        <Word id="word_b5a91b1a-d23d-4c88-af4a-a088805e6e81">
          <Coords points="2429,1591 2475,1592 2480,1592 2480,1637 2474,1637 2428,1636"/>
          <TextEquiv>
            <Unicode>te</Unicode>
          </TextEquiv>
        </Word>
        <Word id="word_0c3e31f7-018f-4a3d-b46b-61049ad44753">
          <Coords points="2505,1592 2524,1592 2573,1591 2624,1591 2676,1594 2723,1592 2734,1592 2735,1637 2724,1637 2673,1639 2624,1636 2574,1636 2524,1637 2505,1637"/>
          <TextEquiv>
            <Unicode>vernemen,</Unicode>
          </TextEquiv>
        </Word>
        <Word id="word_0f9b0c1e-2a90-4415-8595-294da792380a">
          <Coords points="2760,1591 2773,1591 2823,1590 2862,1589 2863,1634 2824,1635 2774,1636 2761,1636"/>
          <TextEquiv>
            <Unicode>ende</Unicode>
          </TextEquiv>
        </Word>
        <Word id="word_185e95e0-eec7-419d-af7c-e9cb2beb18ac">
          <Coords points="2889,1589 2924,1589 2965,1589 2965,1634 2924,1634 2888,1634"/>
          <TextEquiv>
            <Unicode>dan</Unicode>
          </TextEquiv>
        </Word>
        <TextEquiv conf="0.9112020599132876">
          <Unicode>toe trecke om alles te visiteren, ende naer uE. goederen te vernemen, ende dan</Unicode>
        </TextEquiv>
        <TextStyle xHeight="43"/>
      </TextLine>
      <TextLine id="line_4b4b987f-155e-4c28-b82f-57c68dfcd4c8">
        <Coords points="935,1693 1145,1693 1193,1684 1733,1689 2016,1676 2180,1680 2204,1696 2408,1696 2416,1704 2471,1709 2484,1697 2584,1668 2872,1668 2896,1680 3029,1683 3029,1753 3004,1754 2968,1789 2296,1784 2263,1758 2224,1784 2211,1781 2199,1793 2176,1797 1973,1796 1957,1780 1925,1772 1753,1769 1725,1793 1285,1793 1245,1832 1193,1836 935,1831"/>
        <Baseline points="969,1786 1019,1781 1069,1779 1119,1776 1169,1774 1219,1772 1269,1769 1319,1767 1369,1765 1419,1762 1469,1760 1519,1758 1569,1755 1619,1753 1669,1750 1719,1749 1769,1746 1819,1745 1869,1744 1919,1743 1969,1741 2019,1741 2069,1741 2119,1741 2169,1740 2219,1740 2269,1740 2319,1743 2369,1742 2419,1741 2469,1743 2519,1743 2569,1742 2619,1742 2669,1742 2719,1742 2769,1741 2819,1742 2869,1741 2919,1739 2969,1738 2996,1736"/>
        <Word id="word_6912082f-cc55-41c1-a726-8179a3f5b3ee">
          <Coords points="966,1751 1016,1746 1068,1744 1117,1741 1168,1739 1184,1738 1185,1783 1169,1784 1120,1786 1069,1789 1020,1791 970,1796"/>
          <TextEquiv>
            <Unicode>verricht</Unicode>
          </TextEquiv>
        </Word>
        <Word id="word_94285f54-9cf4-491b-b857-33469198c520">
          <Coords points="1211,1737 1218,1737 1267,1734 1318,1732 1368,1730 1372,1730 1375,1775 1369,1775 1319,1777 1270,1779 1219,1782 1212,1782"/>
          <TextEquiv>
            <Unicode>sijnde</Unicode>
          </TextEquiv>
        </Word>
        <Word id="word_ebf6e307-b911-4ba9-bd2e-5c8085913bb4">
          <Coords points="1399,1728 1417,1727 1468,1725 1518,1723 1567,1720 1616,1718 1618,1763 1570,1765 1519,1768 1469,1770 1420,1772 1402,1773"/>
          <TextEquiv>
            <Unicode>gedencke</Unicode>
          </TextEquiv>
        </Word>
        <Word id="word_e090c665-4fb0-4f41-82c1-38f532901db5">
          <Coords points="1641,1717 1666,1715 1718,1714 1750,1712 1753,1757 1719,1759 1670,1760 1645,1762"/>
          <TextEquiv>
            <Unicode>naer</Unicode>
          </TextEquiv>
        </Word>
        <Word id="word_9e2a3946-949d-47ef-866e-ff42e4238084">
          <Coords points="1779,1710 1819,1710 1868,1709 1918,1708 1968,1706 2019,1706 2069,1706 2077,1706 2077,1751 2069,1751 2019,1751 1969,1751 1919,1753 1869,1754 1819,1755 1779,1755"/>
          <TextEquiv>
            <Unicode>palliacatta</Unicode>
          </TextEquiv>
        </Word>
        <Word id="word_9d3fbed9-7ebc-4446-aec6-7172af7744e8">
          <Coords points="2104,1706 2119,1706 2157,1705 2158,1750 2119,1751 2104,1751"/>
          <TextEquiv>
            <Unicode>te</Unicode>
          </TextEquiv>
        </Word>
        <Word id="word_5e149e50-4ffd-4b31-9a88-4ebee77ff1b6">
          <Coords points="2185,1705 2219,1705 2269,1705 2321,1708 2346,1707 2347,1752 2318,1753 2269,1750 2219,1750 2185,1750"/>
          <TextEquiv>
            <Unicode>Comen,</Unicode>
          </TextEquiv>
        </Word>
        <Word id="word_ce46dc85-0788-494f-8a72-95669aefa756">
          <Coords points="2373,1707 2418,1706 2470,1708 2519,1708 2568,1707 2619,1707 2669,1707 2719,1707 2725,1707 2726,1752 2719,1752 2669,1752 2619,1752 2569,1752 2519,1753 2469,1753 2419,1751 2374,1752"/>
          <TextEquiv>
            <Unicode>ondertusschen</Unicode>
          </TextEquiv>
        </Word>
        <Word id="word_b676e7fa-6cfe-4f14-85b0-cc44ee6dd975">
          <Coords points="2752,1706 2768,1706 2820,1707 2868,1706 2886,1705 2888,1750 2869,1751 2819,1752 2769,1751 2753,1751"/>
          <TextEquiv>
            <Unicode>Cunet</Unicode>
          </TextEquiv>
        </Word>
        <Word id="word_221a1085-532a-4634-9a66-77b1590035ab">
          <Coords points="2914,1704 2918,1704 2968,1703 2993,1701 2997,1746 2969,1748 2919,1749 2915,1749"/>
          <TextEquiv>
            <Unicode>mij</Unicode>
          </TextEquiv>
        </Word>
        <TextEquiv conf="0.8838696325200639">
          <Unicode>verricht sijnde gedencke naer palliacatta te Comen, ondertusschen Cunet mij</Unicode>
        </TextEquiv>
        <TextStyle xHeight="40"/>
      </TextLine>
      <TextLine id="cbf5da4d-e8b9-49a9-932c-e8bb330656dd">
        <Coords points="923,1843 1062,1844 1069,1837 1245,1833 1285,1793 1337,1788 1477,1788 1505,1797 1725,1793 1757,1768 1928,1772 1936,1780 1956,1780 1972,1796 2176,1797 2198,1793 2212,1780 2224,1784 2263,1756 2296,1784 2736,1788 2760,1806 2901,1806 2901,1876 2492,1877 2485,1870 2452,1870 2296,1882 2272,1898 1972,1893 1773,1902 1461,1902 1398,1961 1369,1945 923,1946"/>
        <Baseline points="957,1901 1007,1896 1057,1893 1107,1892 1157,1889 1207,1887 1257,1885 1307,1883 1357,1883 1407,1880 1457,1878 1507,1875 1557,1872 1607,1870 1657,1868 1707,1867 1757,1864 1807,1863 1857,1863 1907,1862 1957,1862 2007,1861 2057,1858 2107,1859 2157,1859 2207,1858 2257,1860 2307,1861 2357,1860 2407,1858 2457,1856 2507,1858 2557,1859 2607,1858 2657,1858 2707,1858 2757,1858 2807,1858 2857,1858 2868,1859"/>
        <Word id="word_c89026a8-51a0-4b43-af6d-38ab590e0b4f">
          <Coords points="954,1866 1004,1861 1055,1858 1106,1857 1155,1854 1198,1852 1199,1897 1158,1899 1107,1902 1058,1903 1008,1906 958,1911"/>
          <TextEquiv>
            <Unicode>schrijven</Unicode>
          </TextEquiv>
        </Word>
        <Word id="word_82bbfe47-296a-449c-8002-37740f2a058f">
          <Coords points="1224,1851 1256,1850 1306,1848 1334,1848 1334,1893 1307,1893 1257,1895 1226,1896"/>
          <TextEquiv>
            <Unicode>alle</Unicode>
          </TextEquiv>
        </Word>
        <Word id="word_e235a13d-49d3-465f-9cb8-3cbc1ea1ba54">
          <Coords points="1358,1848 1405,1845 1413,1845 1415,1890 1408,1890 1361,1893"/>
          <TextEquiv>
            <Unicode>d'</Unicode>
          </TextEquiv>
        </Word>
        <Word id="word_2d6cffc0-f405-4133-998b-29e573f4afe8">
          <Coords points="1440,1844 1456,1843 1505,1840 1555,1837 1606,1835 1655,1833 1657,1878 1607,1880 1558,1882 1508,1885 1457,1888 1442,1889"/>
          <TextEquiv>
            <Unicode>goederen</Unicode>
          </TextEquiv>
        </Word>
        <Word id="word_6127bf0f-598f-4e13-88d2-529e0f3b72e3">
          <Coords points="1683,1832 1707,1832 1755,1829 1763,1829 1764,1874 1758,1874 1707,1877 1683,1877"/>
          <TextEquiv>
            <Unicode>die</Unicode>
          </TextEquiv>
        </Word>
        <Word id="word_60834c08-5244-47e7-9b14-edbe27b9c8e8">
          <Coords points="1790,1828 1806,1828 1857,1828 1906,1827 1957,1827 1979,1827 1980,1872 1957,1872 1907,1872 1857,1873 1807,1873 1791,1873"/>
          <TextEquiv>
            <Unicode>vermist</Unicode>
          </TextEquiv>
        </Word>
        <Word id="word_adb1f385-4c19-4c35-b28f-94c657d41306">
          <Coords points="2006,1826 2006,1826 2055,1823 2108,1824 2114,1824 2114,1869 2107,1869 2058,1868 2007,1871 2007,1871"/>
          <TextEquiv>
            <Unicode>ende</Unicode>
          </TextEquiv>
        </Word>
        <Word id="word_7baaff7e-7d79-4556-90bd-ab30c7e9d971">
          <Coords points="2141,1824 2157,1824 2206,1823 2258,1825 2308,1826 2329,1826 2330,1871 2307,1871 2257,1870 2207,1868 2157,1869 2141,1869"/>
          <TextEquiv>
            <Unicode>gerooft</Unicode>
          </TextEquiv>
        </Word>
        <Word id="word_de7dd7b8-b631-485c-997f-0209c5f552a8">
          <Coords points="2356,1825 2356,1825 2406,1823 2456,1821 2465,1821 2464,1866 2457,1866 2407,1868 2357,1870 2357,1870"/>
          <TextEquiv>
            <Unicode>sijn</Unicode>
          </TextEquiv>
        </Word>
        <Word id="word_0b573d73-326b-4501-bfca-b7dd79c601d5">
          <Coords points="2492,1822 2508,1823 2558,1824 2598,1823 2599,1868 2557,1869 2507,1868 2491,1867"/>
          <TextEquiv>
            <Unicode>moet</Unicode>
          </TextEquiv>
        </Word>
        <Word id="word_32e94be8-ae75-4408-8587-b083efc2ad24">
          <Coords points="2626,1823 2657,1823 2707,1823 2757,1823 2807,1823 2857,1823 2871,1824 2867,1869 2857,1868 2807,1868 2757,1868 2707,1868 2657,1868 2625,1868"/>
          <TextEquiv>
            <Unicode>annoteren</Unicode>
          </TextEquiv>
        </Word>
        <TextEquiv conf="0.9062585972958829">
          <Unicode>schrijven alle d' goederen die vermist ende gerooft sijn moet annoteren</Unicode>
        </TextEquiv>
        <TextStyle xHeight="41"/>
      </TextLine>
      <TextLine id="line_5c38bbf6-0937-43b5-a320-77ed354595c7">
        <Coords points="938,1947 1341,1944 1404,1960 1463,1901 1771,1901 1859,1893 2307,1897 2315,1889 2634,1888 2674,1909 2762,1908 2874,1921 2967,1916 2964,1990 2858,1985 2850,1977 2506,1978 2455,1986 2447,1994 2287,1994 2267,2010 1444,2009 1400,2030 938,2033"/>
        <Baseline points="972,2001 1022,2001 1072,1997 1122,1995 1172,1993 1222,1992 1272,1990 1322,1987 1372,1986 1422,1986 1472,1983 1522,1981 1572,1979 1622,1977 1672,1975 1722,1975 1772,1973 1822,1971 1872,1970 1922,1969 1972,1968 2022,1969 2072,1968 2122,1969 2172,1970 2222,1969 2272,1968 2322,1967 2372,1966 2422,1967 2472,1967 2522,1966 2572,1966 2622,1966 2672,1966 2722,1966 2772,1965 2822,1964 2872,1964 2922,1966 2934,1969"/>
        <Word id="word_9956127c-5bb5-4f8d-8d40-8782db43ce19">
          <Coords points="972,1966 1022,1966 1069,1962 1077,1962 1078,2007 1073,2007 1022,2011 972,2011"/>
          <TextEquiv>
            <Unicode>ende</Unicode>
          </TextEquiv>
        </Word>
        <Word id="word_588177f6-dd64-4fd9-93f1-93f708516b80">
          <Coords points="1103,1961 1121,1960 1171,1958 1221,1957 1236,1956 1237,2001 1222,2002 1172,2003 1122,2005 1105,2006"/>
          <TextEquiv>
            <Unicode>alles</Unicode>
          </TextEquiv>
        </Word>
        <Word id="word_e31276f5-a37e-417e-9fbc-5f430c78185f">
          <Coords points="1262,1955 1271,1955 1320,1952 1371,1951 1422,1951 1470,1948 1474,1948 1476,1993 1473,1993 1422,1996 1372,1996 1323,1997 1272,2000 1264,2000"/>
          <TextEquiv>
            <Unicode>veerdigh</Unicode>
          </TextEquiv>
        </Word>
        <Word id="word_fc48c037-62bf-4c1a-ad75-47213c1b5b62">
          <Coords points="1501,1947 1521,1946 1571,1944 1621,1942 1671,1940 1688,1940 1688,1985 1672,1985 1622,1987 1572,1989 1522,1991 1503,1992"/>
          <TextEquiv>
            <Unicode>maecken</Unicode>
          </TextEquiv>
        </Word>
        <Word id="word_51c5776e-2bbe-4b4f-91bc-0fdca023fac9">
          <Coords points="1714,1940 1722,1940 1771,1938 1821,1936 1871,1935 1921,1934 1971,1933 2023,1934 2071,1933 2113,1934 2112,1979 2072,1978 2022,1979 1972,1978 1922,1979 1872,1980 1822,1981 1772,1983 1722,1985 1714,1985"/>
          <TextEquiv>
            <Unicode>sondertardance,</Unicode>
          </TextEquiv>
        </Word>
        <Word id="word_887f914f-5703-42dc-a4fe-6cc059cdc207">
          <Coords points="2139,1934 2173,1935 2221,1934 2270,1933 2271,1978 2222,1979 2172,1980 2138,1979"/>
          <TextEquiv>
            <Unicode>ijder</Unicode>
          </TextEquiv>
        </Word>
        <Word id="word_987273a8-1bf9-4bc4-b614-018843538349">
          <Coords points="2297,1932 2321,1932 2371,1931 2423,1932 2472,1932 2509,1931 2510,1976 2472,1977 2422,1977 2372,1976 2322,1977 2298,1977"/>
          <TextEquiv>
            <Unicode>oordeelt</Unicode>
          </TextEquiv>
        </Word>
        <Word id="word_d69ebd88-6f5d-44d7-a2a7-9c9f35e0c718">
          <Coords points="2537,1931 2572,1931 2616,1931 2616,1976 2572,1976 2536,1976"/>
          <TextEquiv>
            <Unicode>ick</Unicode>
          </TextEquiv>
        </Word>
        <Word id="word_890ce0db-4dee-4a0c-b9b1-be40d325a98f">
          <Coords points="2643,1931 2672,1931 2721,1931 2722,1931 2722,1976 2722,1976 2672,1976 2643,1976"/>
          <TextEquiv>
            <Unicode>een</Unicode>
          </TextEquiv>
        </Word>
        <Word id="word_8954e703-1f59-4b62-b72a-568c0d83ec93">
          <Coords points="2748,1930 2771,1930 2821,1929 2872,1929 2923,1931 2942,1935 2932,1979 2922,1976 2872,1974 2822,1974 2772,1975 2749,1975"/>
          <TextEquiv>
            <Unicode>dienaer</Unicode>
          </TextEquiv>
        </Word>
        <TextEquiv conf="0.9174905539784475">
          <Unicode>ende alles veerdigh maecken sondertardance, ijder oordeelt ick een dienaer</Unicode>
        </TextEquiv>
        <TextStyle xHeight="37"/>
      </TextLine>
      <TextLine id="fe2386cc-2162-4ad2-8c22-54d509b83a00">
        <Coords points="933,2033 1399,2030 1447,2005 1646,2001 2102,2014 2270,2006 2661,2005 2669,2013 3034,2015 3034,2085 2969,2079 2925,2110 2909,2110 2830,2152 2812,2137 2757,2133 2589,2133 2549,2125 2038,2126 2002,2117 1790,2117 1766,2138 1674,2138 1594,2133 1586,2125 1470,2121 1327,2121 1295,2138 933,2137"/>
        <Baseline points="967,2111 1017,2110 1067,2105 1117,2102 1167,2100 1217,2097 1267,2095 1317,2092 1367,2091 1417,2090 1467,2087 1517,2086 1567,2085 1617,2084 1667,2082 1717,2080 1767,2079 1817,2079 1867,2077 1917,2075 1967,2074 2017,2072 2067,2072 2117,2070 2167,2070 2217,2071 2267,2070 2317,2068 2367,2068 2417,2068 2467,2068 2517,2067 2567,2067 2617,2066 2667,2065 2717,2065 2767,2066 2817,2067 2867,2066 2917,2066 2967,2065 3001,2068"/>
        <Word id="word_8a48220b-e3b2-40a2-99f0-2ebe7a1f1888">
          <Coords points="966,2076 1016,2075 1044,2072 1048,2117 1017,2120 967,2121"/>
          <TextEquiv>
            <Unicode>des</Unicode>
          </TextEquiv>
        </Word>
        <Word id="word_ee9cc6f8-0c02-411f-a182-669359c51f40">
          <Coords points="1072,2069 1115,2067 1166,2065 1215,2062 1260,2060 1261,2105 1218,2107 1167,2110 1118,2112 1074,2114"/>
          <TextEquiv>
            <Unicode>Conincx</Unicode>
          </TextEquiv>
        </Word>
        <Word id="word_39bbf86e-0dab-437f-97d5-b82f67a89403">
          <Coords points="1285,2059 1314,2057 1366,2056 1394,2055 1395,2100 1367,2101 1318,2102 1289,2104"/>
          <TextEquiv>
            <Unicode>ben,</Unicode>
          </TextEquiv>
        </Word>
        <Word id="word_882ad071-5c1b-4e89-9e13-6c5df31ab1d6">
          <Coords points="1419,2055 1465,2052 1516,2051 1528,2051 1529,2096 1517,2096 1468,2097 1422,2100"/>
          <TextEquiv>
            <Unicode>maer</Unicode>
          </TextEquiv>
        </Word>
        <Word id="word_cb25ce39-cc9a-4876-815d-31b6eeeac1b2">
          <Coords points="1555,2050 1566,2050 1616,2049 1666,2047 1716,2045 1766,2044 1796,2044 1796,2089 1767,2089 1717,2090 1667,2092 1617,2094 1567,2095 1556,2095"/>
          <TextEquiv>
            <Unicode>waerlijck</Unicode>
          </TextEquiv>
        </Word>
        <Word id="word_fcfea0b3-dbf8-4cdf-8db4-c49612f2202f">
          <Coords points="1822,2044 1865,2042 1902,2041 1904,2086 1867,2087 1824,2089"/>
          <TextEquiv>
            <Unicode>ben</Unicode>
          </TextEquiv>
        </Word>
        <Word id="word_f2b6cbe2-3989-4b3e-baad-3b5470ebd111">
          <Coords points="1930,2039 1967,2039 2009,2037 2011,2082 1967,2084 1930,2084"/>
          <TextEquiv>
            <Unicode>den</Unicode>
          </TextEquiv>
        </Word>
        <Word id="word_4af255fc-9a7e-49f6-a948-9d68e2e23e63">
          <Coords points="2038,2036 2068,2037 2116,2035 2144,2035 2144,2080 2117,2080 2067,2082 2037,2081"/>
          <TextEquiv>
            <Unicode>uwen</Unicode>
          </TextEquiv>
        </Word>
        <Word id="word_0ef86ad2-4af2-466f-b9be-3b86d936150d">
          <Coords points="2172,2035 2218,2036 2266,2035 2316,2033 2358,2033 2358,2078 2317,2078 2267,2080 2217,2081 2171,2080"/>
          <TextEquiv>
            <Unicode>gelijck</Unicode>
          </TextEquiv>
        </Word>
        <Word id="word_ab5eadff-4588-4e9a-9912-33800e607865">
          <Coords points="2385,2033 2417,2033 2466,2033 2466,2078 2417,2078 2385,2078"/>
          <TextEquiv>
            <Unicode>uE.</Unicode>
          </TextEquiv>
        </Word>
        <Word id="word_6bd87d41-7b7f-465f-be2b-290f08929388">
          <Coords points="2491,2033 2516,2032 2567,2032 2599,2031 2600,2076 2567,2077 2517,2077 2493,2078"/>
          <TextEquiv>
            <Unicode>seer</Unicode>
          </TextEquiv>
        </Word>
        <Word id="word_08788ccd-ceae-465a-847f-03f33f0a7db2">
          <Coords points="2625,2031 2666,2030 2707,2030 2707,2075 2667,2075 2626,2076"/>
          <TextEquiv>
            <Unicode>wel</Unicode>
          </TextEquiv>
        </Word>
        <Word id="word_2f7844b2-afee-43e4-bf46-cff0487b0d00">
          <Coords points="2734,2030 2768,2031 2814,2032 2813,2077 2767,2076 2733,2075"/>
          <TextEquiv>
            <Unicode>sal</Unicode>
          </TextEquiv>
        </Word>
        <Word id="word_aec89d7d-0f33-46dc-9ebe-93670ad4a546">
          <Coords points="2838,2033 2865,2031 2917,2031 2966,2030 3004,2033 3000,2078 2967,2075 2917,2076 2868,2076 2841,2077"/>
          <TextEquiv>
            <Unicode>dwaren</Unicode>
          </TextEquiv>
        </Word>
        <TextEquiv conf="0.9053041060693042">
          <Unicode>des Conincx ben, maer waerlijck ben den uwen gelijck uE. seer wel sal dwaren</Unicode>
        </TextEquiv>
        <TextStyle xHeight="42"/>
      </TextLine>
      <TextLine id="line_2d8ad8f5-e692-460d-a06a-8393853ca089">
        <Coords points="715,2136 1305,2136 1325,2123 1469,2123 1757,2140 1793,2115 2000,2115 2016,2124 2548,2123 2560,2131 2756,2131 2812,2135 2833,2151 2876,2130 2993,2130 2993,2200 2876,2201 2824,2249 2620,2244 2596,2224 1797,2229 1693,2233 1641,2277 1622,2276 1594,2249 1588,2253 1581,2246 1381,2246 873,2265 829,2309 805,2309 785,2321 715,2321"/>
        <Baseline points="749,2268 799,2264 849,2258 899,2253 949,2246 999,2239 1049,2234 1099,2231 1149,2227 1199,2224 1249,2221 1299,2220 1349,2219 1399,2217 1449,2215 1499,2213 1549,2211 1599,2209 1649,2207 1699,2207 1749,2205 1799,2203 1849,2202 1899,2200 1949,2197 1999,2196 2049,2195 2099,2194 2149,2193 2199,2192 2249,2192 2299,2192 2349,2192 2399,2191 2449,2192 2499,2191 2549,2192 2599,2193 2649,2192 2699,2193 2749,2192 2799,2192 2849,2191 2899,2190 2949,2187 2960,2183"/>
        <Word id="word_718e3b45-bc52-4d07-a515-1780cdc85d2e">
          <Coords points="746,2233 796,2229 830,2225 835,2270 800,2274 750,2278"/>
          <TextEquiv>
            <Unicode>Aen</Unicode>
          </TextEquiv>
        </Word>
        <Word id="word_9c6473a5-2d84-46bc-a50d-02b1875acc98">
          <Coords points="859,2222 896,2218 914,2216 920,2260 900,2263 863,2266"/>
          <TextEquiv>
            <Unicode>28</Unicode>
          </TextEquiv>
        </Word>
        <Word id="word_b4c7119d-0de7-45fc-96ed-fc2bcb3dc536">
          <Coords points="942,2212 944,2211 994,2204 1028,2201 1032,2246 1000,2249 950,2256 948,2256"/>
          <TextEquiv>
            <Unicode>d.o</Unicode>
          </TextEquiv>
        </Word>
        <Word id="word_ae16f3c0-05ca-49e2-9e41-1ccfaa3f3463">
          <Coords points="1058,2198 1097,2196 1146,2192 1197,2189 1247,2186 1298,2185 1314,2185 1315,2230 1299,2230 1250,2231 1200,2234 1150,2237 1099,2241 1060,2243"/>
          <TextEquiv>
            <Unicode>vertreckt</Unicode>
          </TextEquiv>
        </Word>
        <Word id="word_93ee2141-b2b8-4f43-ad21-0702b7d2c2ae">
          <Coords points="1342,2184 1348,2184 1398,2182 1427,2181 1428,2226 1399,2227 1349,2229 1343,2229"/>
          <TextEquiv>
            <Unicode>van</Unicode>
          </TextEquiv>
        </Word>
        <Word id="word_83343760-353c-4895-86bd-7fe1f476a5b1">
          <Coords points="1455,2180 1498,2178 1548,2176 1598,2174 1648,2172 1699,2172 1710,2172 1712,2216 1699,2217 1649,2217 1599,2219 1549,2221 1499,2223 1457,2225"/>
          <TextEquiv>
            <Unicode>deeschede</Unicode>
          </TextEquiv>
        </Word>
        <Word id="word_33eae960-00b5-477b-81bc-d3635519b26d">
          <Coords points="1739,2170 1748,2170 1795,2168 1797,2213 1749,2215 1741,2215"/>
          <TextEquiv>
            <Unicode>'t</Unicode>
          </TextEquiv>
        </Word>
        <Word id="word_f4b4bb4d-9c91-4239-a912-3824580989a5">
          <Coords points="1825,2167 1849,2167 1898,2165 1947,2162 1995,2161 1996,2206 1950,2207 1899,2210 1849,2212 1825,2212"/>
          <TextEquiv>
            <Unicode>sacht,</Unicode>
          </TextEquiv>
        </Word>
        <Word id="word_8deaeef3-08a9-4e73-a52b-8f9dae5ea8f7">
          <Coords points="2023,2161 2048,2160 2098,2159 2108,2159 2109,2204 2099,2204 2049,2205 2024,2206"/>
          <TextEquiv>
            <Unicode>lis</Unicode>
          </TextEquiv>
        </Word>
        <Word id="word_416ad3ce-ef6e-4d72-a257-02cafbe4b25f">
          <Coords points="2137,2158 2148,2158 2198,2157 2249,2157 2299,2157 2349,2157 2392,2156 2393,2201 2349,2202 2299,2202 2249,2202 2199,2202 2149,2203 2138,2203"/>
          <TextEquiv>
            <Unicode>adrocture</Unicode>
          </TextEquiv>
        </Word>
        <Word id="word_5983a0da-ad96-4bba-9e03-404cbdf7afd8">
          <Coords points="2423,2156 2451,2157 2498,2156 2536,2157 2535,2202 2499,2201 2448,2202 2421,2201"/>
          <TextEquiv>
            <Unicode>naer</Unicode>
          </TextEquiv>
        </Word>
        <Word id="word_ffc412e5-6b6f-4da4-9bf7-2b4d6e6fadd5">
          <Coords points="2564,2157 2600,2158 2648,2157 2700,2158 2748,2157 2762,2157 2762,2202 2749,2202 2699,2203 2649,2202 2599,2203 2563,2202"/>
          <TextEquiv>
            <Unicode>Batavia</Unicode>
          </TextEquiv>
        </Word>
        <Word id="word_aae34822-b0ed-4883-9f65-1ff4e14512d8">
          <Coords points="2790,2157 2799,2157 2848,2156 2898,2155 2947,2152 2948,2150 2963,2192 2950,2197 2899,2200 2849,2201 2799,2202 2790,2202"/>
          <TextEquiv>
            <Unicode>sijnde</Unicode>
          </TextEquiv>
        </Word>
        <TextEquiv conf="0.8399518920459775">
          <Unicode>Aen 28 d.o vertreckt van deeschede 't sacht, lis adrocture naer Batavia sijnde</Unicode>
        </TextEquiv>
        <TextStyle xHeight="47"/>
      </TextLine>
      <TextLine id="line_044ab06e-8b07-45c3-9b06-fa5101108950">
        <Coords points="927,2263 937,2255 1025,2243 1193,2231 1273,2231 1308,2246 1564,2247 1596,2222 2419,2222 2602,2226 2622,2243 2834,2247 2846,2238 2919,2241 2919,2311 2786,2311 2758,2327 2670,2327 2662,2335 2551,2335 2523,2326 2107,2331 1912,2323 1624,2331 1600,2343 1524,2338 1508,2351 1484,2355 1355,2350 1320,2378 1280,2378 1268,2386 1089,2373 927,2378"/>
        <Baseline points="961,2348 1011,2342 1061,2339 1111,2334 1161,2331 1211,2329 1261,2326 1311,2324 1361,2323 1411,2321 1461,2319 1511,2317 1561,2316 1611,2314 1661,2313 1711,2311 1761,2310 1811,2309 1861,2308 1911,2307 1961,2307 2011,2308 2061,2308 2111,2307 2161,2308 2211,2307 2261,2306 2311,2304 2361,2305 2411,2304 2461,2304 2511,2302 2561,2301 2611,2301 2661,2301 2711,2300 2761,2299 2811,2299 2861,2298 2886,2294"/>
        <Word id="word_5da08d05-6f8d-43c9-ad4e-2ff2bf7b74c3">
          <Coords points="957,2313 1007,2307 1059,2304 1108,2299 1159,2296 1170,2296 1171,2341 1162,2341 1112,2344 1062,2349 1012,2352 962,2358"/>
          <TextEquiv>
            <Unicode>beladen</Unicode>
          </TextEquiv>
        </Word>
        <Word id="word_7e3f3558-533d-459a-b48a-19676563acdc">
          <Coords points="1200,2294 1210,2294 1259,2291 1290,2290 1292,2335 1262,2336 1211,2339 1201,2339"/>
          <TextEquiv>
            <Unicode>met</Unicode>
          </TextEquiv>
        </Word>
        <Word id="word_ce0db05f-4727-4042-90b9-00d881923d8d">
          <Coords points="1321,2289 1360,2288 1410,2286 1410,2286 1412,2331 1411,2331 1361,2333 1321,2334"/>
          <TextEquiv>
            <Unicode>een</Unicode>
          </TextEquiv>
        </Word>
        <Word id="word_b67219aa-37de-48cc-897b-197f884b6813">
          <Coords points="1440,2285 1460,2284 1510,2282 1560,2281 1610,2279 1660,2278 1710,2276 1712,2276 1713,2321 1711,2321 1661,2323 1611,2324 1561,2326 1511,2327 1461,2329 1442,2330"/>
          <TextEquiv>
            <Unicode>Cargasoen</Unicode>
          </TextEquiv>
        </Word>
        <Word id="word_8147bd0e-5e95-4411-9980-9825c70adb7f">
          <Coords points="1742,2275 1760,2275 1810,2274 1860,2273 1910,2272 1961,2272 2012,2273 2044,2273 2044,2318 2011,2318 1961,2317 1911,2317 1861,2318 1811,2319 1761,2320 1743,2320"/>
          <TextEquiv>
            <Unicode>monterende</Unicode>
          </TextEquiv>
        </Word>
        <Word id="word_c12a530f-56b4-4dfb-be2c-e84d2dbed114">
          <Coords points="2073,2273 2103,2272 2104,2317 2074,2318"/>
          <TextEquiv>
            <Unicode>ƒ</Unicode>
          </TextEquiv>
        </Word>
        <Word id="word_640cb479-730a-47d5-a4e8-19154253ed7d">
          <Coords points="2136,2271 2163,2273 2210,2272 2260,2271 2310,2269 2345,2270 2344,2315 2311,2314 2261,2316 2211,2317 2160,2318 2133,2316"/>
          <TextEquiv>
            <Unicode>134556„</Unicode>
          </TextEquiv>
        </Word>
        <Word id="word_efecb93a-ac5d-4a5d-8681-f85f73150543">
          <Coords points="2373,2270 2410,2269 2461,2269 2463,2269 2465,2314 2461,2314 2411,2314 2375,2315"/>
          <TextEquiv>
            <Unicode>14„</Unicode>
          </TextEquiv>
        </Word>
        <Word id="word_5aa13985-e2e3-4f01-b127-e86651afbf34">
          <Coords points="2494,2268 2510,2267 2560,2266 2611,2266 2661,2266 2710,2265 2760,2264 2766,2264 2766,2309 2761,2309 2711,2310 2661,2311 2611,2311 2561,2311 2511,2312 2495,2313"/>
          <TextEquiv>
            <Unicode>bestaende</Unicode>
          </TextEquiv>
        </Word>
        <Word id="word_8ca1f96c-d8fb-4cac-b859-4d8af6e156f4">
          <Coords points="2796,2264 2811,2264 2860,2263 2880,2259 2888,2304 2861,2308 2811,2309 2796,2309"/>
          <TextEquiv>
            <Unicode>uyt</Unicode>
          </TextEquiv>
        </Word>
        <TextEquiv conf="0.9092454247482428">
          <Unicode>beladen met een Cargasoen monterende ƒ 134556„ 14„ bestaende uyt</Unicode>
        </TextEquiv>
        <TextStyle xHeight="43"/>
      </TextLine>
      <TextLine id="d3cf6255-e936-456c-9dd8-48d58714eaa0">
        <Coords points="933,2375 1199,2374 1207,2382 1267,2387 1279,2379 1319,2379 1355,2350 1507,2351 1531,2328 1803,2324 2447,2323 2539,2330 2567,2350 3000,2352 3000,2422 2735,2416 2103,2425 2023,2429 2008,2440 1791,2440 1783,2448 1739,2452 1151,2451 1123,2476 933,2476"/>
        <Baseline points="967,2447 1017,2450 1067,2445 1117,2439 1167,2436 1217,2434 1267,2431 1317,2429 1367,2427 1417,2425 1467,2423 1517,2422 1567,2421 1617,2420 1667,2418 1717,2417 1767,2416 1817,2415 1867,2415 1917,2414 1967,2413 2017,2413 2067,2413 2117,2412 2167,2412 2217,2412 2267,2411 2317,2410 2367,2410 2417,2410 2467,2409 2517,2408 2567,2408 2617,2408 2667,2407 2717,2406 2767,2404 2817,2403 2867,2404 2917,2406 2967,2405"/>
        <Word id="word_213a35e0-9edb-479c-b18f-e705f56740dc">
          <Coords points="969,2412 1019,2415 1044,2412 1049,2457 1016,2460 966,2457"/>
          <TextEquiv>
            <Unicode>295</Unicode>
          </TextEquiv>
        </Word>
        <Word id="word_36fe86af-7c68-4338-af88-bbf3fe6cec6d">
          <Coords points="1071,2409 1113,2404 1165,2401 1216,2399 1234,2398 1237,2443 1217,2444 1168,2446 1118,2449 1076,2454"/>
          <TextEquiv>
            <Unicode>packen</Unicode>
          </TextEquiv>
        </Word>
        <Word id="word_ac65c4e4-4d44-417e-aef9-29be0183890c">
          <Coords points="1261,2396 1265,2396 1316,2394 1366,2392 1416,2390 1466,2388 1516,2387 1533,2387 1534,2432 1517,2432 1467,2433 1417,2435 1367,2437 1317,2439 1268,2441 1264,2441"/>
          <TextEquiv>
            <Unicode>siveersche</Unicode>
          </TextEquiv>
        </Word>
        <Word id="word_1d391d22-48b3-4f0f-997e-57ee50e2b4fa">
          <Coords points="1560,2386 1566,2386 1616,2385 1666,2383 1716,2382 1766,2381 1816,2380 1831,2380 1831,2425 1817,2425 1767,2426 1717,2427 1667,2428 1617,2430 1567,2431 1561,2431"/>
          <TextEquiv>
            <Unicode>sorteringe</Unicode>
          </TextEquiv>
        </Word>
        <Word id="word_50b02961-1638-46f9-a1e8-3e5e5ff824b3">
          <Coords points="1858,2380 1867,2380 1916,2379 1939,2379 1940,2424 1917,2424 1867,2425 1858,2425"/>
          <TextEquiv>
            <Unicode>soo</Unicode>
          </TextEquiv>
        </Word>
        <Word id="word_e781add3-a7ac-45af-8045-3c44a1ccb36b">
          <Coords points="1966,2378 1966,2378 2017,2378 2067,2378 2116,2377 2167,2377 2217,2377 2266,2376 2290,2376 2291,2421 2267,2421 2217,2422 2167,2422 2117,2422 2067,2423 2017,2423 1967,2423 1967,2423"/>
          <TextEquiv>
            <Unicode>geschilderde</Unicode>
          </TextEquiv>
        </Word>
        <Word id="word_9938826a-bf7f-47cc-b44f-929fd99cb52d">
          <Coords points="2318,2375 2367,2375 2417,2375 2453,2374 2453,2419 2417,2420 2367,2420 2318,2420"/>
          <TextEquiv>
            <Unicode>Witte</Unicode>
          </TextEquiv>
        </Word>
        <Word id="word_85fc7378-01d5-44e9-935b-79f53856e983">
          <Coords points="2480,2374 2516,2373 2561,2373 2561,2418 2517,2418 2481,2419"/>
          <TextEquiv>
            <Unicode>als</Unicode>
          </TextEquiv>
        </Word>
        <Word id="word_9b2db4f5-23f6-477c-9e0c-f330d14af4a0">
          <Coords points="2588,2373 2617,2373 2666,2372 2716,2371 2749,2370 2751,2415 2717,2416 2667,2417 2617,2418 2588,2418"/>
          <TextEquiv>
            <Unicode>andere</Unicode>
          </TextEquiv>
        </Word>
        <Word id="word_b58d31b1-b171-4a84-bd3b-6ca1326eacac">
          <Coords points="2777,2369 2816,2368 2868,2369 2918,2371 2966,2370 2967,2415 2917,2416 2867,2414 2817,2413 2778,2414"/>
          <TextEquiv>
            <Unicode>doecken</Unicode>
          </TextEquiv>
        </Word>
        <TextEquiv conf="0.9132591476525556">
          <Unicode>295 packen siveersche sorteringe soo geschilderde Witte als andere doecken</Unicode>
        </TextEquiv>
        <TextStyle xHeight="40"/>
      </TextLine>
      <TextLine id="f4beac75-64e5-4162-b162-0ee14445d5c4">
        <Coords points="926,2475 1124,2475 1152,2450 1740,2451 1785,2447 1792,2440 2007,2440 2019,2432 2471,2427 2679,2431 2707,2458 2931,2459 2939,2451 2980,2450 2980,2520 2383,2533 1864,2533 1816,2537 1780,2565 1732,2564 1716,2548 1608,2548 1551,2577 1524,2577 1484,2564 1462,2545 1300,2549 1272,2569 1136,2569 1116,2553 926,2565"/>
        <Baseline points="960,2555 1010,2549 1060,2545 1110,2542 1160,2537 1210,2535 1260,2533 1310,2530 1360,2529 1410,2527 1460,2525 1510,2524 1560,2523 1610,2521 1660,2519 1710,2517 1760,2517 1810,2517 1860,2515 1910,2514 1960,2515 2010,2513 2060,2513 2110,2513 2160,2514 2210,2512 2260,2513 2310,2512 2360,2512 2410,2512 2460,2511 2510,2510 2560,2510 2610,2508 2660,2507 2710,2507 2760,2508 2810,2507 2860,2507 2910,2506 2947,2503"/>
        <Word id="word_2bac2f3c-89f6-47dd-b375-52d2ed949aaf">
          <Coords points="956,2520 1006,2514 1057,2510 1099,2508 1102,2552 1061,2555 1011,2559 961,2565"/>
          <TextEquiv>
            <Unicode>13121</Unicode>
          </TextEquiv>
        </Word>
        <Word id="word_b350164f-64f9-4cb2-971a-930c2f3663f9">
          <Coords points="1125,2506 1156,2502 1185,2501 1187,2546 1161,2547 1131,2551"/>
          <TextEquiv>
            <Unicode>lb</Unicode>
          </TextEquiv>
        </Word>
        <Word id="word_16f51266-fbe4-41d0-aa96-13a583e32b28">
          <Coords points="1213,2500 1259,2498 1308,2495 1359,2494 1409,2492 1459,2490 1509,2489 1526,2489 1527,2534 1510,2534 1460,2535 1410,2537 1360,2539 1311,2540 1260,2543 1215,2545"/>
          <TextEquiv>
            <Unicode>Bbbengaelse</Unicode>
          </TextEquiv>
        </Word>
        <Word id="word_dd873dd1-242a-49b5-be10-3fda3352dcef">
          <Coords points="1555,2488 1559,2488 1609,2486 1659,2484 1709,2482 1726,2482 1726,2527 1710,2527 1660,2529 1610,2531 1560,2533 1556,2533"/>
          <TextEquiv>
            <Unicode>voeyer</Unicode>
          </TextEquiv>
        </Word>
        <Word id="word_5930d1b9-a5ca-4758-ab0a-937cd5da33af">
          <Coords points="1754,2482 1760,2482 1810,2482 1859,2480 1909,2479 1961,2480 1980,2479 1982,2524 1960,2525 1910,2524 1860,2525 1810,2527 1760,2527 1754,2527"/>
          <TextEquiv>
            <Unicode>suijcker</Unicode>
          </TextEquiv>
        </Word>
        <Word id="word_3a1cf252-9d9f-4c40-9a53-734b817ad7d9">
          <Coords points="2008,2478 2009,2478 2060,2478 2110,2478 2124,2478 2123,2523 2110,2523 2060,2523 2010,2523 2010,2523"/>
          <TextEquiv>
            <Unicode>5464</Unicode>
          </TextEquiv>
        </Word>
        <Word id="word_4161a7ef-662d-412b-9885-6c3ac61d681a">
          <Coords points="2152,2479 2161,2479 2207,2477 2209,2522 2160,2524 2152,2524"/>
          <TextEquiv>
            <Unicode>lb</Unicode>
          </TextEquiv>
        </Word>
        <Word id="word_a0eca80d-a89a-42aa-b74f-8303b264bbb0">
          <Coords points="2240,2476 2263,2478 2309,2477 2350,2477 2350,2522 2310,2522 2259,2523 2236,2521"/>
          <TextEquiv>
            <Unicode>was,</Unicode>
          </TextEquiv>
        </Word>
        <Word id="word_d7de5d9d-a0df-433a-bc46-8b989035884d">
          <Coords points="2379,2477 2410,2477 2459,2476 2492,2475 2493,2520 2460,2521 2410,2522 2379,2522"/>
          <TextEquiv>
            <Unicode>4200</Unicode>
          </TextEquiv>
        </Word>
        <Word id="word_ccbff568-4891-45b8-950d-63e8f7d9bfb2">
          <Coords points="2521,2475 2560,2475 2605,2473 2607,2518 2560,2520 2521,2520"/>
          <TextEquiv>
            <Unicode>stx</Unicode>
          </TextEquiv>
        </Word>
        <Word id="word_76e6b916-9158-47cc-baaa-6b9a34b2f4b4">
          <Coords points="2634,2472 2660,2472 2710,2472 2761,2473 2809,2472 2860,2472 2909,2471 2944,2468 2948,2513 2910,2516 2860,2517 2810,2517 2760,2518 2710,2517 2660,2517 2635,2517"/>
          <TextEquiv>
            <Unicode>rochevellen</Unicode>
          </TextEquiv>
        </Word>
        <TextEquiv conf="0.8749218361931395">
          <Unicode>13121 lb Bbbengaelse voeyer suijcker 5464 lb was, 4200 stx rochevellen</Unicode>
        </TextEquiv>
        <TextStyle xHeight="40"/>
      </TextLine>
      <TextLine id="line_2aa92bf3-ea78-45e5-a5f7-3836b0f64af8">
        <Coords points="929,2577 951,2584 1116,2588 1135,2570 1271,2570 1306,2546 1367,2550 1379,2541 1479,2541 1487,2549 1503,2549 1535,2578 1574,2570 1607,2549 1715,2549 1732,2562 1791,2562 1815,2538 2702,2533 2710,2541 2943,2547 2943,2617 2066,2620 2018,2659 1579,2650 1551,2638 1443,2635 1399,2667 995,2670 971,2691 929,2691"/>
        <Baseline points="963,2641 1013,2636 1063,2632 1113,2630 1163,2628 1213,2627 1263,2627 1313,2624 1363,2623 1413,2622 1463,2621 1513,2619 1563,2617 1613,2615 1663,2614 1713,2614 1763,2611 1813,2610 1863,2610 1913,2609 1963,2607 2013,2607 2063,2607 2113,2606 2163,2606 2213,2604 2263,2602 2313,2602 2363,2601 2413,2601 2463,2601 2513,2600 2563,2600 2613,2599 2663,2598 2713,2598 2763,2599 2813,2600 2863,2600 2910,2600"/>
        <Word id="word_d09e3b9b-e04f-4821-88b4-0e4c969f3589">
          <Coords points="960,2606 1010,2601 1060,2597 1102,2595 1104,2640 1064,2642 1014,2646 964,2651"/>
          <TextEquiv>
            <Unicode>15914</Unicode>
          </TextEquiv>
        </Word>
        <Word id="word_463752de-ed9c-4f71-bb9b-1921ef0c0032">
          <Coords points="1131,2594 1162,2593 1188,2592 1189,2637 1163,2638 1132,2639"/>
          <TextEquiv>
            <Unicode>lb</Unicode>
          </TextEquiv>
        </Word>
        <Word id="word_0fb08e5e-df52-4683-b0b4-df5f51a69fce">
          <Coords points="1217,2592 1263,2592 1311,2589 1362,2588 1412,2587 1462,2586 1497,2585 1499,2630 1463,2631 1413,2632 1363,2633 1314,2634 1263,2637 1217,2637"/>
          <TextEquiv>
            <Unicode>Boscruijtt</Unicode>
          </TextEquiv>
        </Word>
        <Word id="word_9e69a64b-446b-4284-a751-1c6ba315125d">
          <Coords points="1526,2583 1562,2582 1582,2581 1584,2626 1563,2627 1527,2628"/>
          <TextEquiv>
            <Unicode>16</Unicode>
          </TextEquiv>
        </Word>
        <Word id="word_04370dfa-ff02-45ce-a152-93986eff24dd">
          <Coords points="1610,2580 1612,2580 1662,2579 1696,2579 1696,2624 1663,2624 1613,2625 1612,2625"/>
          <TextEquiv>
            <Unicode>lbr</Unicode>
          </TextEquiv>
        </Word>
        <Word id="word_283b41b7-c02a-402e-ae46-8aad4bb747e9">
          <Coords points="1722,2579 1760,2576 1812,2575 1863,2575 1912,2574 1962,2572 2007,2572 2007,2617 1963,2617 1913,2619 1863,2620 1813,2620 1764,2621 1725,2624"/>
          <TextEquiv>
            <Unicode>martavanen</Unicode>
          </TextEquiv>
        </Word>
        <Word id="word_d5f18829-a6fa-451f-af26-e3feda9e2eb2">
          <Coords points="2035,2572 2063,2572 2091,2571 2092,2616 2063,2617 2035,2617"/>
          <TextEquiv>
            <Unicode>81</Unicode>
          </TextEquiv>
        </Word>
        <Word id="word_671373f7-8555-40cc-9462-94cdb70afee2">
          <Coords points="2120,2571 2163,2571 2203,2569 2205,2614 2163,2616 2120,2616"/>
          <TextEquiv>
            <Unicode>stx</Unicode>
          </TextEquiv>
        </Word>
        <Word id="word_5afd7dc4-45be-42f0-9a0b-fd618a0f22dc">
          <Coords points="2231,2568 2262,2567 2313,2567 2362,2566 2402,2566 2402,2611 2363,2611 2313,2612 2263,2612 2233,2613"/>
          <TextEquiv>
            <Unicode>slaven</Unicode>
          </TextEquiv>
        </Word>
        <Word id="word_243148ff-8078-485d-9416-ffba8b0483b4">
          <Coords points="2430,2566 2463,2566 2512,2565 2543,2565 2543,2610 2513,2610 2463,2611 2430,2611"/>
          <TextEquiv>
            <Unicode>ende</Unicode>
          </TextEquiv>
        </Word>
        <Word id="word_e75654ec-3350-4415-8072-f7d503cd00a7">
          <Coords points="2570,2565 2612,2564 2662,2563 2713,2563 2764,2564 2814,2565 2854,2565 2854,2610 2813,2610 2763,2609 2713,2608 2663,2608 2613,2609 2571,2610"/>
          <TextEquiv>
            <Unicode>slavinnen,</Unicode>
          </TextEquiv>
        </Word>
        <Word id="word_e77d55f1-4375-4f82-8137-38b39be4aa62">
          <Coords points="2882,2565 2910,2565 2910,2610 2882,2610"/>
          <TextEquiv>
            <Unicode>—</Unicode>
          </TextEquiv>
        </Word>
        <TextEquiv conf="0.8918928146730819">
          <Unicode>15914 lb Boscruijtt 16 lbr martavanen 81 stx slaven ende slavinnen, —</Unicode>
        </TextEquiv>
        <TextStyle xHeight="40"/>
      </TextLine>
      <TextLine id="cc1a850b-19d0-4e91-a9b9-d1679d598e9a">
        <Coords points="933,2691 971,2691 995,2670 1399,2667 1447,2635 1551,2638 1579,2650 1839,2659 2018,2659 2058,2631 2806,2638 2814,2646 2895,2646 2895,2716 2570,2716 2518,2765 2470,2764 2442,2736 2394,2724 2362,2725 2338,2749 2134,2749 2095,2721 1907,2725 1899,2733 1743,2737 1707,2765 1608,2757 1199,2756 1187,2748 933,2744"/>
        <Baseline points="967,2735 1017,2730 1067,2729 1117,2727 1167,2725 1217,2724 1267,2723 1317,2723 1367,2723 1417,2722 1467,2721 1517,2720 1567,2720 1617,2720 1667,2718 1717,2717 1767,2717 1817,2716 1867,2716 1917,2716 1967,2715 2017,2714 2067,2713 2117,2712 2167,2711 2217,2710 2267,2709 2317,2709 2367,2706 2417,2706 2467,2706 2517,2705 2567,2705 2617,2705 2667,2704 2717,2702 2767,2699 2817,2701 2862,2699"/>
        <Word id="word_d68c8561-aad0-4d4a-8074-31269e81d25a">
          <Coords points="964,2700 1014,2695 1066,2694 1116,2692 1166,2690 1216,2689 1266,2688 1287,2688 1287,2733 1267,2733 1217,2734 1167,2735 1117,2737 1067,2739 1018,2740 968,2745"/>
          <TextEquiv>
            <Unicode>midtsgaders</Unicode>
          </TextEquiv>
        </Word>
        <Word id="word_ca049f23-419f-423c-b921-22519414ce76">
          <Coords points="1317,2688 1317,2688 1367,2688 1403,2687 1404,2732 1367,2733 1317,2733 1317,2733"/>
          <TextEquiv>
            <Unicode>12½</Unicode>
          </TextEquiv>
        </Word>
        <Word id="word_5355b879-bb0a-45f1-98a4-ff8059ec8ba0">
          <Coords points="1433,2687 1466,2686 1516,2685 1567,2685 1608,2685 1608,2730 1567,2730 1517,2730 1467,2731 1433,2732"/>
          <TextEquiv>
            <Unicode>lasten</Unicode>
          </TextEquiv>
        </Word>
        <Word id="word_3ab2caea-0338-4ec4-95cf-df211f773a82">
          <Coords points="1635,2685 1665,2683 1716,2682 1767,2682 1816,2681 1867,2681 1900,2681 1900,2726 1867,2726 1817,2726 1767,2727 1717,2727 1668,2728 1638,2730"/>
          <TextEquiv>
            <Unicode>grofsout,</Unicode>
          </TextEquiv>
        </Word>
        <Word id="word_25d66251-5fad-48be-91a5-c83d13460f01">
          <Coords points="1928,2681 1966,2680 2016,2679 2017,2724 1967,2725 1929,2726"/>
          <TextEquiv>
            <Unicode>den</Unicode>
          </TextEquiv>
        </Word>
        <Word id="word_6f4c24c3-b68b-4d04-9c71-382c5ad55cbf">
          <Coords points="2045,2678 2066,2678 2116,2677 2166,2676 2216,2675 2266,2674 2317,2674 2335,2673 2338,2718 2317,2719 2267,2719 2217,2720 2167,2721 2117,2722 2067,2723 2046,2723"/>
          <TextEquiv>
            <Unicode>almogenden</Unicode>
          </TextEquiv>
        </Word>
        <Word id="word_dcc8f34d-79cb-4cec-8d9d-7ac3a324ed82">
          <Coords points="2364,2671 2365,2671 2417,2671 2467,2671 2516,2670 2541,2670 2541,2715 2517,2715 2467,2716 2417,2716 2368,2716 2367,2716"/>
          <TextEquiv>
            <Unicode>geleve</Unicode>
          </TextEquiv>
        </Word>
        <Word id="word_b2bd93a9-ce22-432e-a843-76faa5fba7b7">
          <Coords points="2571,2670 2617,2670 2666,2669 2716,2667 2765,2664 2805,2665 2803,2710 2768,2709 2717,2712 2667,2714 2617,2715 2571,2715"/>
          <TextEquiv>
            <Unicode>gemelte.</Unicode>
          </TextEquiv>
        </Word>
        <Word id="word_13124486-55cc-476e-96da-dd6d2cca765f">
          <Coords points="2830,2667 2859,2664 2863,2709 2834,2712"/>
          <TextEquiv>
            <Unicode>—</Unicode>
          </TextEquiv>
        </Word>
        <TextEquiv conf="0.9074649470861715">
          <Unicode>midtsgaders 12½ lasten grofsout, den almogenden geleve gemelte. —</Unicode>
        </TextEquiv>
        <TextStyle xHeight="35"/>
      </TextLine>
      <TextLine id="line_9d16b394-b900-4c0b-8d78-67672e9bccb5">
        <Coords points="922,2746 1172,2759 1431,2754 1707,2763 1743,2735 1852,2735 1863,2724 2036,2724 2051,2732 2075,2720 2100,2720 2139,2751 2334,2751 2362,2724 2394,2723 2439,2735 2470,2766 2514,2767 2546,2742 2719,2742 2719,2812 2630,2813 2510,2892 2019,2887 1994,2908 1967,2911 1935,2887 1919,2888 1895,2908 1878,2908 1826,2864 1643,2860 1624,2868 1547,2868 1535,2876 1491,2880 1476,2868 1383,2868 1352,2860 1264,2860 1256,2852 1216,2852 1168,2892 1072,2892 1040,2871 922,2871"/>
        <Baseline points="956,2838 1006,2839 1056,2837 1106,2835 1156,2833 1206,2830 1256,2828 1306,2827 1356,2826 1406,2825 1456,2824 1506,2823 1556,2821 1606,2820 1656,2819 1706,2819 1756,2819 1806,2817 1856,2817 1906,2818 1956,2817 2006,2817 2056,2816 2106,2815 2156,2813 2206,2813 2256,2812 2306,2811 2356,2808 2406,2806 2456,2806 2506,2804 2556,2804 2606,2801 2656,2798 2686,2795"/>
        <Word id="word_97c3b0c1-f910-408b-ad69-8d0c2e34c003">
          <Coords points="957,2803 1007,2804 1055,2802 1094,2800 1096,2845 1056,2847 1006,2849 956,2848"/>
          <TextEquiv>
            <Unicode>Iacht</Unicode>
          </TextEquiv>
        </Word>
        <Word id="word_ead076b5-d509-458d-9cbd-195464a805c3">
          <Coords points="1122,2799 1155,2798 1204,2795 1255,2793 1305,2792 1346,2791 1347,2836 1306,2837 1256,2838 1207,2840 1156,2843 1124,2844"/>
          <TextEquiv>
            <Unicode>spoedich</Unicode>
          </TextEquiv>
        </Word>
        <Word id="word_b0ee8d7e-8695-4ad5-a5fc-f4f754146bc6">
          <Coords points="1374,2791 1405,2790 1455,2789 1485,2788 1486,2833 1456,2834 1406,2835 1375,2836"/>
          <TextEquiv>
            <Unicode>ende</Unicode>
          </TextEquiv>
        </Word>
        <Word id="word_2b521e27-e5ab-4dee-9b63-95ea06d27b91">
          <Coords points="1513,2788 1554,2786 1605,2785 1655,2784 1706,2784 1737,2784 1737,2829 1706,2829 1656,2829 1606,2830 1556,2831 1515,2833"/>
          <TextEquiv>
            <Unicode>behouden</Unicode>
          </TextEquiv>
        </Word>
        <Word id="word_2292ce9f-80c5-45c2-8381-4cebb8a20a38">
          <Coords points="1764,2784 1804,2782 1849,2782 1849,2827 1806,2827 1766,2829"/>
          <TextEquiv>
            <Unicode>ter</Unicode>
          </TextEquiv>
        </Word>
        <Word id="word_bbdeebe7-95e1-4929-b871-54d7f49fe1bb">
          <Coords points="1878,2782 1907,2783 1955,2782 2006,2782 2055,2781 2105,2780 2155,2778 2206,2778 2255,2777 2305,2776 2321,2775 2324,2820 2306,2821 2256,2822 2206,2823 2156,2823 2106,2825 2056,2826 2006,2827 1956,2827 1906,2828 1877,2827"/>
          <TextEquiv>
            <Unicode>gewenschterhaven</Unicode>
          </TextEquiv>
        </Word>
        <Word id="word_07ed601a-96a8-4d70-8802-2208ebf9d390">
          <Coords points="2349,2773 2354,2773 2405,2771 2407,2771 2407,2816 2406,2816 2357,2818 2352,2818"/>
          <TextEquiv>
            <Unicode>te</Unicode>
          </TextEquiv>
        </Word>
        <Word id="word_3110aacb-e193-4792-8084-74cca5bad1f2">
          <Coords points="2435,2771 2456,2771 2505,2769 2556,2769 2604,2766 2654,2763 2682,2760 2687,2805 2657,2808 2607,2811 2556,2814 2506,2814 2456,2816 2435,2816"/>
          <TextEquiv>
            <Unicode>geleijden</Unicode>
          </TextEquiv>
        </Word>
        <TextEquiv conf="0.8874341074090384">
          <Unicode>Iacht spoedich ende behouden ter gewenschterhaven te geleijden</Unicode>
        </TextEquiv>
        <TextStyle xHeight="43"/>
      </TextLine>
      <TextLine id="line_54f20f91-9a86-423d-a082-f0b106c7df48">
        <Coords points="919,2870 1033,2870 1069,2891 1173,2891 1201,2863 1249,2863 1268,2878 1488,2879 1644,2862 1828,2864 1880,2907 1904,2903 1968,2840 2015,2886 2511,2891 2587,2843 2674,2843 2730,2854 2841,2858 2850,2867 3015,2870 3015,2940 2750,2941 2742,2949 2706,2949 2662,2992 2644,2984 2427,2988 2383,2948 2199,2948 2187,2957 2147,2961 2011,2964 1995,2980 1632,2980 1592,3012 1547,3020 1492,3015 1480,3003 1169,3000 1149,3016 1129,3015 1121,3007 919,3003"/>
        <Baseline points="953,2974 1003,2969 1053,2965 1103,2962 1153,2959 1203,2957 1253,2955 1303,2953 1353,2950 1403,2948 1453,2945 1503,2943 1553,2943 1603,2943 1653,2942 1703,2942 1753,2941 1803,2940 1853,2939 1903,2939 1953,2938 2003,2937 2053,2937 2103,2936 2153,2934 2203,2934 2253,2933 2303,2931 2353,2930 2403,2929 2453,2928 2503,2929 2553,2928 2603,2928 2653,2928 2703,2927 2753,2925 2803,2925 2853,2926 2903,2928 2953,2926 2982,2923"/>
        <Word id="word_7abc66e7-0b13-4f8c-8fac-f6af5b7c8cb1">
          <Coords points="950,2939 1000,2934 1006,2934 1009,2979 1004,2979 954,2984"/>
          <TextEquiv>
            <Unicode>d.</Unicode>
          </TextEquiv>
        </Word>
        <Word id="word_2bf454ed-395e-4efb-b2a7-8da4aaa23125">
          <Coords points="1033,2931 1050,2930 1062,2929 1064,2974 1054,2975 1037,2976"/>
          <TextEquiv>
            <Unicode>o</Unicode>
          </TextEquiv>
        </Word>
        <Word id="word_2f6b8b51-9278-4c1d-86d1-8b95b7fa5655">
          <Coords points="1089,2928 1101,2927 1151,2924 1202,2922 1252,2920 1302,2918 1312,2917 1314,2962 1303,2963 1253,2965 1203,2967 1154,2969 1104,2972 1092,2973"/>
          <TextEquiv>
            <Unicode>verstaen</Unicode>
          </TextEquiv>
        </Word>
        <Word id="word_34284c6c-44b6-4298-b4b3-2f45db1b7c1e">
          <Coords points="1340,2916 1351,2915 1402,2913 1451,2910 1453,2955 1403,2958 1354,2960 1342,2961"/>
          <TextEquiv>
            <Unicode>uijt</Unicode>
          </TextEquiv>
        </Word>
        <Word id="word_1a6819cf-aca2-4b1e-ad4a-fec732d5f5be">
          <Coords points="1480,2908 1502,2908 1536,2908 1536,2953 1503,2953 1481,2953"/>
          <TextEquiv>
            <Unicode>d'</Unicode>
          </TextEquiv>
        </Word>
        <Word id="word_645eb653-36b1-43f2-b9aa-e7662e66194d">
          <Coords points="1564,2908 1603,2908 1652,2907 1703,2907 1752,2906 1758,2906 1759,2951 1753,2951 1703,2952 1653,2952 1603,2953 1564,2953"/>
          <TextEquiv>
            <Unicode>Masulip</Unicode>
          </TextEquiv>
        </Word>
        <Word id="word_0550b189-38c5-4945-a253-aa6dbc0df969">
          <Coords points="1786,2905 1802,2905 1852,2904 1903,2904 1952,2903 1953,2903 1953,2948 1953,2948 1903,2949 1853,2949 1803,2950 1787,2950"/>
          <TextEquiv>
            <Unicode>atamse</Unicode>
          </TextEquiv>
        </Word>
        <Word id="word_d964a4c2-4c74-4d2c-b042-d3e63aeb40ed">
          <Coords points="1980,2902 2002,2902 2053,2902 2102,2901 2152,2899 2203,2899 2203,2899 2204,2944 2203,2944 2153,2944 2103,2946 2053,2947 2003,2947 1981,2947"/>
          <TextEquiv>
            <Unicode>advijsen</Unicode>
          </TextEquiv>
        </Word>
        <Word id="word_1dfa44ac-eb83-4956-a91a-698425c57b3f">
          <Coords points="2231,2898 2252,2898 2302,2896 2314,2896 2315,2941 2303,2941 2253,2943 2232,2943"/>
          <TextEquiv>
            <Unicode>hoe</Unicode>
          </TextEquiv>
        </Word>
        <Word id="word_a7ecaeb0-dead-4dad-b63c-cea783105d8d">
          <Coords points="2342,2895 2352,2895 2402,2894 2425,2894 2426,2939 2403,2939 2353,2940 2343,2940"/>
          <TextEquiv>
            <Unicode>dat</Unicode>
          </TextEquiv>
        </Word>
        <Word id="word_a0b77d1b-f02b-4a1f-a685-b66a76eced1e">
          <Coords points="2455,2893 2504,2894 2552,2893 2603,2893 2621,2893 2621,2938 2603,2938 2553,2938 2503,2939 2454,2938"/>
          <TextEquiv>
            <Unicode>aldaer</Unicode>
          </TextEquiv>
        </Word>
        <Word id="word_d19afc70-84c9-448e-b436-952d9c119ce3">
          <Coords points="2649,2893 2653,2893 2702,2892 2731,2891 2732,2936 2703,2937 2653,2938 2649,2938"/>
          <TextEquiv>
            <Unicode>550</Unicode>
          </TextEquiv>
        </Word>
        <Word id="word_7f51f6d0-dfb8-4214-9abb-e4d7d62a66ad">
          <Coords points="2760,2890 2803,2890 2854,2891 2904,2893 2925,2892 2927,2937 2903,2938 2853,2936 2803,2935 2760,2935"/>
          <TextEquiv>
            <Unicode>packen</Unicode>
          </TextEquiv>
        </Word>
        <Word id="word_f44f9aad-46e6-4e25-aaea-7a31a2e71249">
          <Coords points="2951,2891 2978,2888 2983,2933 2955,2936"/>
          <TextEquiv>
            <Unicode>—</Unicode>
          </TextEquiv>
        </Word>
        <TextEquiv conf="0.9270947216911273">
          <Unicode>d. o verstaen uijt d' Masulip atamse advijsen hoe dat aldaer 550 packen —</Unicode>
        </TextEquiv>
        <TextStyle xHeight="40"/>
      </TextLine>
      <TextLine id="b2e42428-a6c7-492f-8b37-60f320b46719">
        <Coords points="924,3011 1123,3007 1134,3018 1149,3019 1170,3000 1250,2999 1482,3003 1490,3010 1552,3019 1599,3007 1630,2980 1994,2980 2010,2964 2146,2960 2190,2956 2198,2948 2383,2948 2426,2988 2666,2991 2710,2948 2743,2948 2750,2941 2990,2940 3022,2971 3035,2971 3035,3041 2734,3038 2586,3046 2518,3081 2418,3081 2398,3097 2186,3097 2166,3080 2130,3081 2110,3097 2082,3097 2054,3072 2026,3060 1774,3061 1746,3089 1686,3080 1663,3092 1648,3080 1618,3076 1546,3077 1504,3113 1438,3104 1310,3104 1298,3092 1154,3093 1110,3065 1062,3073 924,3073"/>
        <Baseline points="958,3063 1008,3063 1058,3060 1108,3058 1158,3056 1208,3055 1258,3054 1308,3052 1358,3051 1408,3050 1458,3048 1508,3046 1558,3046 1608,3045 1658,3044 1708,3042 1758,3042 1808,3039 1858,3038 1908,3038 1958,3037 2008,3038 2058,3037 2108,3038 2158,3038 2208,3038 2258,3038 2308,3039 2358,3040 2408,3037 2458,3035 2508,3035 2558,3034 2608,3033 2658,3034 2708,3032 2758,3031 2808,3029 2858,3029 2908,3027 2958,3026 3002,3024"/>
        <Word id="word_c47c2728-92a6-4393-8aa9-e3ce53d67e9f">
          <Coords points="958,3028 1008,3028 1056,3025 1107,3023 1157,3021 1207,3020 1249,3019 1250,3064 1208,3065 1158,3066 1108,3068 1059,3070 1008,3073 958,3073"/>
          <TextEquiv>
            <Unicode>diveersche</Unicode>
          </TextEquiv>
        </Word>
        <Word id="word_0af5af49-1203-4dc0-afd3-e1d13476980d">
          <Coords points="1277,3019 1306,3017 1357,3016 1407,3015 1453,3013 1455,3058 1408,3060 1358,3061 1309,3062 1280,3064"/>
          <TextEquiv>
            <Unicode>Cleden</Unicode>
          </TextEquiv>
        </Word>
        <Word id="word_626afa14-f343-48e4-9b33-c5f303e4a77f">
          <Coords points="1482,3012 1507,3011 1542,3011 1542,3056 1508,3056 1484,3057"/>
          <TextEquiv>
            <Unicode>en</Unicode>
          </TextEquiv>
        </Word>
        <Word id="word_fa5d0159-efff-44f7-9da8-06a1adf4d752">
          <Coords points="1570,3011 1607,3010 1657,3009 1707,3007 1758,3007 1806,3004 1833,3003 1834,3048 1809,3049 1758,3052 1708,3052 1658,3054 1608,3055 1571,3056"/>
          <TextEquiv>
            <Unicode>lynwaeten</Unicode>
          </TextEquiv>
        </Word>
        <Word id="word_9ab63c03-433e-4b0c-97c1-4a3fac02fcf8">
          <Coords points="1863,3003 1908,3003 1950,3002 1951,3047 1908,3048 1863,3048"/>
          <TextEquiv>
            <Unicode>als</Unicode>
          </TextEquiv>
        </Word>
        <Word id="word_8c40ecb4-9249-45aa-b29c-0034c873fa8d">
          <Coords points="1982,3002 2010,3003 2057,3002 2109,3003 2155,3003 2155,3048 2108,3048 2058,3047 2007,3048 1979,3047"/>
          <TextEquiv>
            <Unicode>andere</Unicode>
          </TextEquiv>
        </Word>
        <Word id="word_34d5bcd6-f159-47c7-b3a5-f859ff1a056a">
          <Coords points="2184,3003 2208,3003 2258,3003 2309,3004 2359,3005 2406,3002 2457,3000 2508,3000 2557,2999 2607,2998 2623,2998 2622,3043 2608,3043 2558,3044 2508,3045 2458,3045 2409,3047 2358,3050 2308,3049 2258,3048 2208,3048 2184,3048"/>
          <TextEquiv>
            <Unicode>Coopmanschappen</Unicode>
          </TextEquiv>
        </Word>
        <Word id="word_c0474209-975a-4ec9-90bd-503f7f9657a7">
          <Coords points="2652,2999 2659,2999 2707,2997 2709,2997 2710,3042 2708,3042 2658,3044 2651,3044"/>
          <TextEquiv>
            <Unicode>In</Unicode>
          </TextEquiv>
        </Word>
        <Word id="word_08650950-0465-4030-a85e-5066d0cd97e9">
          <Coords points="2738,2996 2757,2996 2807,2994 2858,2994 2907,2992 2957,2991 3000,2989 3002,3034 2958,3036 2908,3037 2858,3039 2808,3039 2758,3041 2739,3041"/>
          <TextEquiv>
            <Unicode>voorraedt</Unicode>
          </TextEquiv>
        </Word>
        <TextEquiv conf="0.8959707369884975">
          <Unicode>diveersche Cleden en lynwaeten als andere Coopmanschappen In voorraedt</Unicode>
        </TextEquiv>
        <TextStyle xHeight="35"/>
      </TextLine>
      <TextLine id="de3f9a2a-ca7b-49b4-a479-7cb7b9a1d35f">
        <Coords points="913,3072 1116,3068 1151,3095 1295,3091 1307,3103 1439,3103 1493,3115 1510,3112 1547,3079 1649,3079 1661,3091 1702,3079 1714,3091 1738,3092 1774,3060 2026,3059 2054,3071 2082,3096 2114,3096 2142,3075 2255,3077 2255,3148 2146,3149 2106,3189 2086,3193 1826,3197 1806,3180 1047,3185 1011,3221 913,3221"/>
        <Baseline points="947,3172 997,3168 1047,3164 1097,3161 1147,3155 1197,3152 1247,3150 1297,3147 1347,3144 1397,3142 1447,3140 1497,3139 1547,3139 1597,3138 1647,3137 1697,3137 1747,3138 1797,3138 1847,3136 1897,3136 1947,3136 1997,3136 2047,3135 2097,3136 2147,3135 2197,3134 2222,3131"/>
        <Word id="word_722baedd-d635-4bb6-852a-49d746b5d071">
          <Coords points="944,3137 994,3133 1040,3129 1043,3174 998,3178 948,3182"/>
          <TextEquiv>
            <Unicode>sin</Unicode>
          </TextEquiv>
        </Word>
        <Word id="word_c748dae0-3f19-4a54-9af4-18204a876c96">
          <Coords points="1073,3127 1096,3126 1143,3120 1195,3117 1246,3115 1295,3112 1345,3109 1391,3107 1393,3152 1348,3154 1298,3157 1247,3160 1198,3162 1148,3165 1097,3171 1075,3172"/>
          <TextEquiv>
            <Unicode>swachtende</Unicode>
          </TextEquiv>
        </Word>
        <Word id="word_7bb84bb4-df54-4baf-8aae-dea2d5e35de6">
          <Coords points="1423,3106 1446,3105 1496,3104 1547,3104 1551,3104 1552,3149 1547,3149 1497,3149 1447,3150 1425,3151"/>
          <TextEquiv>
            <Unicode>maer</Unicode>
          </TextEquiv>
        </Word>
        <Word id="word_dda87ff4-683c-424d-9525-5d7928e307ff">
          <Coords points="1583,3103 1596,3103 1646,3102 1697,3102 1748,3103 1797,3103 1846,3101 1897,3101 1935,3101 1935,3146 1897,3146 1847,3146 1797,3148 1747,3148 1697,3147 1647,3147 1597,3148 1584,3148"/>
          <TextEquiv>
            <Unicode>naerscheeps</Unicode>
          </TextEquiv>
        </Word>
        <Word id="word_38864d15-b33f-47f2-88ce-80d6575bc7b2">
          <Coords points="1967,3101 1997,3101 2046,3100 2098,3101 2146,3100 2196,3099 2218,3096 2223,3141 2197,3144 2147,3145 2097,3146 2047,3145 1997,3146 1967,3146"/>
          <TextEquiv>
            <Unicode>ruijmpte</Unicode>
          </TextEquiv>
        </Word>
        <TextEquiv conf="0.8781510719094396">
          <Unicode>sin swachtende maer naerscheeps ruijmpte</Unicode>
        </TextEquiv>
        <TextStyle xHeight="39"/>
      </TextLine>
    </TextRegion>
    <TextRegion id="region_28cb42a1-e67c-4988-987f-cc24d508fd3c_2" custom="structure {type:paragraph;}">
      <Coords points="2316,3352 2316,3338 2313,3334 2313,3331 2306,3324 2306,3313 2303,3310 2303,3303 2299,3299 2299,3292 2292,3285 2292,3282 2257,3254 2250,3254 2247,3251 2226,3251 2222,3247 2215,3247 2212,3251 2205,3251 2202,3247 2170,3247 2167,3251 2107,3251 2104,3254 2031,3254 2027,3258 1979,3258 1975,3261 1944,3261 1940,3265 1916,3265 1912,3268 1905,3268 1902,3265 1898,3268 1839,3268 1836,3272 1790,3272 1787,3275 1759,3275 1756,3278 1738,3278 1735,3282 1717,3282 1714,3285 1703,3285 1700,3289 1689,3289 1686,3292 1655,3292 1651,3296 1602,3296 1599,3299 1554,3299 1550,3296 1512,3296 1508,3292 1480,3292 1477,3289 1418,3289 1414,3292 1397,3292 1393,3296 1383,3296 1379,3299 1369,3299 1365,3303 1355,3306 1345,3317 1341,3317 1331,3324 1324,3324 1320,3327 1317,3327 1310,3334 1310,3338 1317,3348 1334,3348 1345,3359 1345,3362 1348,3362 1352,3366 1365,3366 1369,3369 1376,3369 1379,3373 1386,3373 1390,3376 1393,3376 1397,3380 1400,3380 1404,3383 1407,3383 1418,3390 1425,3390 1428,3393 1432,3393 1442,3400 1460,3400 1463,3404 1484,3404 1487,3407 1508,3407 1512,3411 1554,3411 1557,3414 1578,3414 1581,3411 1669,3411 1672,3414 1759,3414 1763,3411 1867,3411 1871,3407 1912,3407 1916,3404 1919,3404 1923,3407 1930,3407 1933,3404 1986,3404 1989,3400 2017,3400 2020,3404 2041,3404 2045,3407 2090,3407 2094,3404 2114,3404 2118,3400 2135,3400 2139,3397 2142,3400 2177,3400 2181,3404 2184,3400 2198,3400 2202,3397 2208,3397 2219,3404 2226,3404 2229,3400 2233,3400 2236,3397 2243,3397 2247,3393 2250,3393 2261,3386 2275,3386 2278,3383 2289,3383 2292,3380 2303,3380 2306,3376 2306,3373 2309,3369 2309,3362"/>
      <TextLine id="line_56b86b13-b749-48fe-b4ff-001ad7769359">
        <Coords points="1128,3186 1808,3181 1868,3241 1880,3241 1900,3261 2016,3269 2287,3269 2320,3301 2320,3371 2267,3364 2239,3376 1884,3388 1828,3435 1429,3435 1377,3487 1299,3541 1275,3525 1182,3525 1166,3509 1146,3509 1128,3498"/>
        <Baseline points="1162,3449 1212,3442 1262,3417 1312,3407 1362,3403 1412,3399 1462,3394 1512,3392 1562,3383 1612,3377 1662,3377 1712,3376 1762,3376 1812,3374 1862,3374 1912,3373 1962,3369 2012,3368 2062,3363 2112,3359 2162,3360 2212,3360 2262,3358 2287,3354"/>
        <Word id="word_c77762f5-2756-4c96-b83b-61fb2ae5948e">
          <Coords points="1157,3414 1207,3407 1246,3386 1305,3373 1359,3368 1409,3364 1459,3359 1511,3357 1556,3349 1603,3343 1608,3388 1564,3393 1512,3402 1463,3404 1413,3409 1363,3413 1314,3417 1266,3426 1213,3452 1163,3459"/>
          <TextEquiv>
            <Unicode>Mleert</Unicode>
          </TextEquiv>
        </Word>
        <Word id="word_d332b4be-cf8c-4a18-9ef7-e4fbeb1037be">
          <Coords points="1691,3335 1720,3342 1762,3341 1811,3339 1862,3339 1907,3338 1908,3383 1862,3384 1812,3384 1762,3386 1710,3386 1680,3378"/>
          <TextEquiv>
            <Unicode>ao.</Unicode>
          </TextEquiv>
        </Word>
        <Word id="word_09369634-1610-43de-8292-22244a9329e8">
          <Coords points="1979,3337 2008,3333 2059,3328 2109,3324 2163,3325 2212,3325 2261,3323 2280,3320 2287,3364 2262,3368 2212,3370 2162,3370 2113,3369 2063,3373 2013,3378 1985,3381"/>
          <TextEquiv>
            <Unicode>1646</Unicode>
          </TextEquiv>
        </Word>
        <TextEquiv conf="0.8688928093188781">
          <Unicode>Mleert ao. 1646</Unicode>
        </TextEquiv>
        <TextStyle xHeight="101"/>
      </TextLine>
    </TextRegion>
    <TextRegion id="region_8b34cdf2-dc71-48d0-ab07-4757f4cb42dc_1" custom="structure {type:paragraph;}">
      <Coords points="780,3575 784,3599 801,3616 878,3627 1181,3623 1282,3634 1303,3641 1313,3655 1310,3679 1296,3690 1198,3710 1143,3710 996,3735 881,3745 836,3766 826,3780 815,3808 819,3839 878,3892 913,3933 947,4045 951,4104 975,4139 1000,4149 1442,4156 1533,4146 1662,4149 1749,4143 2135,4139 2323,4143 2445,4153 2574,4149 2745,4156 2811,4149 2863,4132 2881,4090 2909,4069 2923,4048 2916,3993 2863,3958 2829,3951 2578,3961 2459,3947 2316,3913 2174,3902 2125,3892 1850,3902 1808,3913 1689,3913 1665,3906 1651,3892 1686,3850 1714,3836 1797,3819 1965,3812 2041,3819 2118,3839 2198,3839 2309,3819 2508,3812 2546,3780 2609,3756 2703,3770 2717,3780 2717,3812 2773,3822 2801,3815 2832,3798 2839,3777 2832,3756 2797,3728 2599,3735 2539,3728 2501,3717 2480,3704 2470,3690 2463,3634 2494,3589 2501,3564 2477,3547 2473,3533 2445,3505 2362,3505 2337,3498 2303,3522 2247,3540 2202,3522 2128,3512 1905,3512 1850,3501 1721,3494 1623,3477 1571,3477 1480,3494 1278,3508 979,3501 808,3547"/>
      <TextLine id="line_71d17688-67a0-49fb-914a-22eeae3a8c4a">
        <Coords points="678,3494 916,3498 936,3517 1104,3521 1144,3555 1224,3555 1242,3570 1254,3562 1264,3566 1380,3491 1620,3491 1632,3479 1824,3478 1876,3521 2269,3522 2269,3592 2016,3595 1984,3599 1968,3611 1900,3615 1672,3606 1620,3650 1536,3650 1528,3658 1040,3649 1020,3650 1008,3662 952,3662 924,3690 784,3690 678,3681"/>
        <Baseline points="712,3617 762,3610 812,3603 862,3599 912,3600 962,3595 1012,3593 1062,3590 1112,3588 1162,3584 1212,3582 1262,3582 1312,3580 1362,3579 1412,3578 1462,3578 1512,3576 1562,3576 1612,3575 1662,3575 1712,3575 1762,3573 1812,3575 1862,3578 1912,3578 1962,3578 2012,3580 2062,3581 2112,3581 2162,3581 2212,3580 2236,3575"/>
        <Word id="word_cf0660c1-931f-452e-99e7-efa0c7caeabb">
          <Coords points="707,3582 757,3575 773,3573 779,3618 763,3620 713,3627"/>
          <TextEquiv>
            <Unicode>An</Unicode>
          </TextEquiv>
        </Word>
        <Word id="word_9c7d606d-9077-409e-a8ae-69b5fa3edf39">
          <Coords points="806,3569 807,3568 859,3564 913,3565 940,3562 944,3607 912,3610 863,3609 813,3613 812,3613"/>
          <TextEquiv>
            <Unicode>11en</Unicode>
          </TextEquiv>
        </Word>
        <Word id="word_bef3fadb-c153-430d-a45a-2cd6b7c7842e">
          <Coords points="975,3559 1009,3558 1009,3603 976,3604"/>
          <TextEquiv>
            <Unicode>2</Unicode>
          </TextEquiv>
        </Word>
        <Word id="word_2dc78493-db72-43fc-afad-dd8b6e62781c">
          <Coords points="1038,3558 1058,3555 1107,3553 1109,3598 1063,3600 1044,3602"/>
          <TextEquiv>
            <Unicode>d.</Unicode>
          </TextEquiv>
        </Word>
        <Word id="word_d1ed20f2-8842-427a-921c-2ce087abd524">
          <Coords points="1137,3552 1157,3549 1173,3549 1175,3593 1163,3594 1143,3597"/>
          <TextEquiv>
            <Unicode>o</Unicode>
          </TextEquiv>
        </Word>
        <Word id="word_dab67eb9-5e18-4341-96cf-22dc983517b1">
          <Coords points="1206,3547 1211,3547 1262,3547 1311,3545 1340,3544 1341,3589 1312,3590 1262,3592 1212,3592 1208,3592"/>
          <TextEquiv>
            <Unicode>niet</Unicode>
          </TextEquiv>
        </Word>
        <Word id="word_df29559c-aa79-4b51-a480-0e09cd1b9da9">
          <Coords points="1373,3544 1411,3543 1462,3543 1511,3541 1562,3541 1611,3540 1662,3540 1712,3540 1761,3538 1806,3540 1805,3585 1762,3583 1712,3585 1662,3585 1612,3585 1562,3586 1512,3586 1462,3588 1412,3588 1374,3589"/>
          <TextEquiv>
            <Unicode>remorcquabees</Unicode>
          </TextEquiv>
        </Word>
        <Word id="word_c6313191-557e-45da-bfc7-d1e683a04855">
          <Coords points="1841,3541 1865,3543 1912,3543 1962,3543 2013,3545 2063,3546 2112,3546 2162,3546 2211,3545 2229,3541 2238,3585 2212,3590 2162,3591 2112,3591 2062,3591 2012,3590 1962,3588 1912,3588 1861,3588 1837,3586"/>
          <TextEquiv>
            <Unicode>voorgevallen</Unicode>
          </TextEquiv>
        </Word>
        <TextEquiv conf="0.7500476704588109">
          <Unicode>An 11en 2 d. o niet remorcquabees voorgevallen</Unicode>
        </TextEquiv>
        <TextStyle xHeight="49"/>
      </TextLine>
      <TextLine id="line_6eff4a86-c1a5-4e38-97a9-820bc02c5342">
        <Coords points="693,3681 783,3690 920,3690 939,3709 1011,3713 1655,3710 1670,3697 1987,3697 2223,3709 2263,3741 2411,3733 2848,3738 2848,3808 2799,3812 2435,3807 2359,3816 2187,3811 1551,3823 1507,3827 1497,3835 1387,3835 1363,3856 1347,3842 1219,3831 1007,3839 1000,3846 990,3839 891,3839 851,3863 693,3863"/>
        <Baseline points="727,3841 777,3837 827,3828 877,3823 927,3817 977,3810 1027,3806 1077,3802 1127,3797 1177,3794 1227,3792 1277,3791 1327,3790 1377,3789 1427,3789 1477,3789 1527,3788 1577,3788 1627,3786 1677,3787 1727,3785 1777,3784 1827,3783 1877,3783 1927,3783 1977,3782 2027,3783 2077,3782 2127,3782 2177,3785 2227,3787 2277,3787 2327,3786 2377,3787 2427,3788 2477,3791 2527,3791 2577,3793 2627,3793 2677,3793 2727,3794 2777,3793 2815,3791"/>
        <Word id="word_1590b97a-8bf9-4e17-95a4-e20f42019755">
          <Coords points="724,3806 774,3802 784,3800 792,3845 778,3847 728,3851"/>
          <TextEquiv>
            <Unicode>An</Unicode>
          </TextEquiv>
        </Word>
        <Word id="word_ea18a10c-5440-4247-b8a5-ef85404aaa70">
          <Coords points="815,3795 821,3794 849,3791 854,3835 829,3838 823,3839"/>
          <TextEquiv>
            <Unicode>3</Unicode>
          </TextEquiv>
        </Word>
        <Word id="word_04d1b0ad-320d-4ffc-98a7-c7a33caaa6f6">
          <Coords points="880,3788 923,3782 972,3775 976,3775 979,3820 978,3820 928,3827 885,3832"/>
          <TextEquiv>
            <Unicode>d.o</Unicode>
          </TextEquiv>
        </Word>
        <Word id="word_fdb22362-bec4-484d-94c5-270b40a14d4e">
          <Coords points="1007,3772 1024,3771 1074,3767 1124,3762 1175,3759 1226,3757 1276,3756 1326,3755 1357,3754 1358,3799 1327,3800 1277,3801 1227,3802 1178,3804 1128,3807 1078,3812 1028,3816 1011,3817"/>
          <TextEquiv>
            <Unicode>becomenvoos</Unicode>
          </TextEquiv>
        </Word>
        <Word id="word_444ce4bb-7531-421a-a0f8-3f4c228e7a4f">
          <Coords points="1390,3754 1427,3754 1477,3754 1484,3754 1485,3799 1477,3799 1427,3799 1390,3799"/>
          <TextEquiv>
            <Unicode>uyt</Unicode>
          </TextEquiv>
        </Word>
        <Word id="word_39f6b5ce-b53a-4867-852f-a3e71505910e">
          <Coords points="1516,3753 1526,3753 1577,3753 1626,3751 1678,3752 1705,3751 1707,3796 1677,3797 1627,3796 1577,3798 1527,3798 1517,3798"/>
          <TextEquiv>
            <Unicode>Velour</Unicode>
          </TextEquiv>
        </Word>
        <Word id="word_92fddefc-de48-41c7-9ef3-a81372dc1081">
          <Coords points="1738,3750 1776,3749 1826,3748 1877,3748 1927,3748 1976,3747 1992,3747 1991,3792 1977,3792 1927,3793 1877,3793 1827,3793 1777,3794 1738,3795"/>
          <TextEquiv>
            <Unicode>luydende</Unicode>
          </TextEquiv>
        </Word>
        <Word id="word_89b60177-c4d7-4d74-8ccb-f6123e111048">
          <Coords points="2024,3748 2028,3748 2076,3747 2127,3747 2152,3748 2149,3793 2127,3792 2077,3792 2027,3793 2023,3793"/>
          <TextEquiv>
            <Unicode>naer</Unicode>
          </TextEquiv>
        </Word>
        <Word id="word_972bcd0f-61ff-46b5-955a-2761c5c380ce">
          <Coords points="2183,3750 2228,3752 2277,3752 2326,3751 2378,3752 2428,3753 2469,3755 2466,3800 2427,3798 2377,3797 2327,3796 2277,3797 2227,3797 2181,3795"/>
          <TextEquiv>
            <Unicode>translaet</Unicode>
          </TextEquiv>
        </Word>
        <Word id="word_90956032-f3f1-460a-87d2-13e4294f1bb1">
          <Coords points="2497,3757 2525,3756 2578,3758 2593,3758 2593,3803 2577,3803 2527,3801 2499,3802"/>
          <TextEquiv>
            <Unicode>van</Unicode>
          </TextEquiv>
        </Word>
        <Word id="word_a5e6ca37-24d3-423a-bad6-6fa1aa7e7d7b">
          <Coords points="2625,3758 2627,3758 2677,3758 2728,3759 2776,3758 2813,3756 2815,3801 2777,3803 2727,3804 2677,3803 2627,3803 2625,3803"/>
          <TextEquiv>
            <Unicode>woorde</Unicode>
          </TextEquiv>
        </Word>
        <TextEquiv conf="0.8579699731625546">
          <Unicode>An 3 d.o becomenvoos uyt Velour luydende naer translaet van woorde</Unicode>
        </TextEquiv>
        <TextStyle xHeight="50"/>
      </TextLine>
      <TextLine id="b5e44ce7-dcc3-420d-8aa7-fbde9e89b812">
        <Coords points="916,3827 1038,3812 1357,3811 1365,3818 1497,3815 1508,3826 1617,3830 1617,3900 1516,3897 1464,3913 1201,3909 1169,3913 1161,3921 916,3920"/>
        <Baseline points="950,3907 1000,3903 1050,3902 1100,3900 1150,3899 1200,3897 1250,3896 1300,3894 1350,3892 1400,3891 1450,3889 1500,3890 1550,3887 1584,3883"/>
        <Word id="word_25a58ebf-3048-47f5-ae7e-ef6fe1f057b6">
          <Coords points="947,3872 997,3868 1013,3868 1014,3913 1001,3913 951,3917"/>
          <TextEquiv>
            <Unicode>te</Unicode>
          </TextEquiv>
        </Word>
        <Word id="word_ef3f9064-e033-4e17-8a1c-988a80f13e48">
          <Coords points="1044,3867 1049,3867 1099,3865 1149,3864 1199,3862 1235,3861 1236,3906 1200,3907 1150,3909 1100,3910 1050,3912 1045,3912"/>
          <TextEquiv>
            <Unicode>woorde</Unicode>
          </TextEquiv>
        </Word>
        <Word id="word_50b68f02-855a-43df-b2bb-f2c9f40211ee">
          <Coords points="1265,3861 1298,3859 1349,3857 1362,3857 1362,3902 1350,3902 1301,3904 1268,3906"/>
          <TextEquiv>
            <Unicode>als</Unicode>
          </TextEquiv>
        </Word>
        <Word id="word_486d8188-e1aa-4f31-832e-71cff0baca3a">
          <Coords points="1393,3856 1399,3856 1449,3854 1501,3855 1548,3852 1580,3848 1585,3893 1551,3897 1500,3900 1450,3899 1400,3901 1394,3901"/>
          <TextEquiv>
            <Unicode>volght</Unicode>
          </TextEquiv>
        </Word>
        <TextEquiv conf="0.9728927828363736">
          <Unicode>te woorde als volght</Unicode>
        </TextEquiv>
        <TextStyle xHeight="37"/>
      </TextLine>
      <TextLine id="d4e8ebeb-efe8-4ebe-8b1b-cf4e1ef1e30f">
        <Coords points="916,3918 1230,3913 1541,3922 1565,3909 1639,3909 1669,3929 2360,3937 2504,3932 2719,3940 2727,3948 2767,3948 2775,3956 2964,3956 2964,4026 2955,4027 2843,4137 2791,4141 2710,4141 2672,4105 2643,4110 2626,4097 2584,4085 2220,4081 2208,4069 2012,4069 2004,4061 1893,4061 1872,4075 1461,4061 1305,4062 1289,4074 1250,4061 916,4061"/>
        <Baseline points="950,4044 1000,4041 1050,4040 1100,4036 1150,4035 1200,4030 1250,4026 1300,4025 1350,4026 1400,4025 1450,4024 1500,4023 1550,4021 1600,4020 1650,4019 1700,4019 1750,4018 1800,4016 1850,4013 1900,4015 1950,4014 2000,4013 2050,4011 2100,4010 2150,4009 2200,4009 2250,4009 2300,4012 2350,4012 2400,4012 2450,4012 2500,4012 2550,4012 2600,4009 2650,4010 2700,4013 2750,4012 2800,4014 2850,4013 2900,4013 2931,4009"/>
        <Word id="word_8669bb63-9025-4f59-b4da-28b422e7b4e2">
          <Coords points="948,4009 998,4006 1049,4005 1057,4004 1061,4049 1050,4050 1001,4051 951,4054"/>
          <TextEquiv>
            <Unicode>den</Unicode>
          </TextEquiv>
        </Word>
        <Word id="word_8199978d-2501-4898-8b9e-5dfc6d907892">
          <Coords points="1094,4001 1097,4001 1149,4000 1197,3995 1247,3991 1299,3990 1351,3991 1352,3991 1353,4036 1350,4036 1300,4035 1251,4036 1201,4040 1150,4045 1101,4046 1097,4046"/>
          <TextEquiv>
            <Unicode>Coninck</Unicode>
          </TextEquiv>
        </Word>
        <Word id="word_28e38a88-7487-4c6a-8378-061ab68e556f">
          <Coords points="1389,3990 1399,3990 1449,3989 1499,3988 1549,3986 1573,3986 1574,4031 1550,4031 1500,4033 1450,4034 1400,4035 1390,4035"/>
          <TextEquiv>
            <Unicode>heeft</Unicode>
          </TextEquiv>
        </Word>
        <Word id="word_1be72bbf-cd49-498b-8f16-39fa6e9a69b9">
          <Coords points="1609,3985 1649,3984 1700,3984 1749,3983 1799,3981 1848,3978 1901,3980 1903,3980 1904,4025 1900,4025 1851,4023 1800,4026 1750,4028 1700,4029 1650,4029 1610,4030"/>
          <TextEquiv>
            <Unicode>advijsen</Unicode>
          </TextEquiv>
        </Word>
        <Word id="word_93294c14-9960-4127-bff0-7095d4b4efb9">
          <Coords points="1940,3979 1949,3979 1999,3978 2049,3976 2099,3975 2149,3974 2197,3974 2197,4019 2150,4019 2100,4020 2050,4021 2000,4023 1950,4024 1941,4024"/>
          <TextEquiv>
            <Unicode>becomen</Unicode>
          </TextEquiv>
        </Word>
        <Word id="word_2dd0a13d-2298-4065-8f73-d51f7458ed69">
          <Coords points="2234,3974 2250,3974 2302,3977 2344,3977 2344,4022 2299,4022 2250,4019 2234,4019"/>
          <TextEquiv>
            <Unicode>hoe</Unicode>
          </TextEquiv>
        </Word>
        <Word id="word_571a026a-0cc8-4373-8bdb-337cf5312daa">
          <Coords points="2381,3977 2400,3977 2450,3977 2491,3977 2491,4022 2450,4022 2400,4022 2381,4022"/>
          <TextEquiv>
            <Unicode>dat</Unicode>
          </TextEquiv>
        </Word>
        <Word id="word_65574dec-0075-4921-b3b6-8aaa212b9d2e">
          <Coords points="2528,3977 2550,3977 2598,3974 2651,3975 2702,3978 2749,3977 2801,3979 2849,3978 2900,3978 2927,3974 2932,4019 2900,4023 2850,4023 2800,4024 2750,4022 2699,4023 2650,4020 2601,4019 2550,4022 2528,4022"/>
          <TextEquiv>
            <Unicode>mustafschan</Unicode>
          </TextEquiv>
        </Word>
        <TextEquiv conf="0.9192299267041146">
          <Unicode>den Coninck heeft advijsen becomen hoe dat mustafschan</Unicode>
        </TextEquiv>
        <TextStyle xHeight="55"/>
      </TextLine>
      <TextLine id="fe4756c8-bd9f-42c7-93b1-79bbf9b67a5f">
        <Coords points="918,4060 1188,4060 1260,4064 1281,4073 1304,4064 1460,4060 1612,4064 1620,4072 2032,4072 2040,4080 2584,4084 2620,4096 2636,4112 2653,4108 2684,4077 2717,4076 2717,4146 2540,4146 2481,4198 2312,4198 2284,4222 2228,4230 918,4234"/>
        <Baseline points="952,4133 1002,4133 1052,4132 1102,4129 1152,4128 1202,4127 1252,4125 1302,4124 1352,4123 1402,4121 1452,4120 1502,4119 1552,4118 1602,4117 1652,4118 1702,4119 1752,4118 1802,4117 1852,4118 1902,4120 1952,4120 2002,4121 2052,4121 2102,4121 2152,4122 2202,4122 2252,4122 2302,4123 2352,4124 2402,4124 2452,4124 2502,4125 2552,4126 2602,4127 2652,4126 2684,4129"/>
        <Word id="word_730cdc5d-1726-4a74-85b1-4bdc9315ea85">
          <Coords points="952,4098 1002,4098 1051,4097 1055,4097 1058,4142 1052,4142 1002,4143 952,4143"/>
          <TextEquiv>
            <Unicode>niet</Unicode>
          </TextEquiv>
        </Word>
        <Word id="word_b1391e55-d061-4405-95ac-8912c6ecf08d">
          <Coords points="1081,4095 1100,4094 1151,4093 1201,4092 1239,4090 1241,4135 1202,4137 1152,4138 1103,4139 1084,4140"/>
          <TextEquiv>
            <Unicode>alleen</Unicode>
          </TextEquiv>
        </Word>
        <Word id="word_40ef23ca-7713-4ac8-b157-c0abe30c63a1">
          <Coords points="1266,4089 1302,4089 1319,4089 1320,4134 1302,4134 1267,4134"/>
          <TextEquiv>
            <Unicode>'s</Unicode>
          </TextEquiv>
        </Word>
        <Word id="word_892703ec-abc8-4a80-8cd1-7607abac22e0">
          <Coords points="1345,4088 1351,4088 1401,4086 1450,4085 1451,4130 1402,4131 1352,4133 1346,4133"/>
          <TextEquiv>
            <Unicode>bocn</Unicode>
          </TextEquiv>
        </Word>
        <Word id="word_c7ffdc00-475d-4703-9e9c-5b38b6f4fcc7">
          <Coords points="1476,4085 1501,4084 1551,4083 1601,4082 1653,4083 1703,4084 1751,4083 1765,4083 1766,4128 1752,4128 1702,4129 1652,4128 1602,4127 1552,4128 1502,4129 1477,4130"/>
          <TextEquiv>
            <Unicode>gepasseert,</Unicode>
          </TextEquiv>
        </Word>
        <Word id="word_e8c210cb-ed0c-41e0-a8cb-38a5cd3b888e">
          <Coords points="1791,4082 1801,4082 1853,4083 1898,4085 1896,4130 1852,4128 1802,4127 1792,4127"/>
          <TextEquiv>
            <Unicode>ende</Unicode>
          </TextEquiv>
        </Word>
        <Word id="word_3e9632ac-4b24-4f1d-87fa-ae799581e169">
          <Coords points="1922,4086 1951,4085 2003,4086 2028,4086 2028,4131 2002,4131 1952,4130 1923,4131"/>
          <TextEquiv>
            <Unicode>Inde</Unicode>
          </TextEquiv>
        </Word>
        <Word id="word_91cae787-9fb1-4982-a335-1687fe0ac149">
          <Coords points="2054,4086 2102,4086 2153,4087 2202,4087 2252,4087 2303,4088 2344,4089 2343,4134 2302,4133 2252,4132 2202,4132 2152,4132 2102,4131 2054,4131"/>
          <TextEquiv>
            <Unicode>Carmatische</Unicode>
          </TextEquiv>
        </Word>
        <Word id="word_2f7fa168-0af0-4c5f-a209-5b27db999547">
          <Coords points="2369,4089 2402,4089 2452,4089 2501,4090 2500,4135 2452,4134 2402,4134 2369,4134"/>
          <TextEquiv>
            <Unicode>leger</Unicode>
          </TextEquiv>
        </Word>
        <Word id="word_23eb3d99-bfd1-4117-ae02-6f07eb2f2cb5">
          <Coords points="2527,4090 2553,4091 2603,4092 2651,4091 2687,4094 2683,4139 2652,4136 2602,4137 2552,4136 2526,4135"/>
          <TextEquiv>
            <Unicode>plaets</Unicode>
          </TextEquiv>
        </Word>
        <TextEquiv conf="0.8614631823553817">
          <Unicode>niet alleen 's bocn gepasseert, ende Inde Carmatische leger plaets</Unicode>
        </TextEquiv>
        <TextStyle xHeight="50"/>
      </TextLine>
      <TextLine id="line_00850679-9a22-4ef9-bff8-4596d6929edf">
        <Coords points="2674,4118 2771,4122 2826,4076 2871,4076 2871,4146 2674,4144"/>
        <Baseline points="2708,4131 2758,4130 2808,4127 2838,4129"/>
        <Word id="word_95deadac-ffc2-4589-9fc5-152a1d3b884d">
          <Coords points="2707,4096 2757,4095 2806,4092 2840,4094 2837,4139 2809,4137 2758,4140 2708,4141"/>
          <TextEquiv>
            <Unicode>t</Unicode>
          </TextEquiv>
        </Word>
        <TextEquiv conf="0.5115072727203369">
          <Unicode>t</Unicode>
        </TextEquiv>
        <TextStyle xHeight="21"/>
      </TextLine>
    </TextRegion>
    <TextRegion id="region_84b3fa66-5d4b-46c1-a2a6-a8a016c8d906">
      <Coords points="0,823 43,823 43,837 0,837"/>
      <TextLine id="line_534a4e1b-f1b9-4674-bb8c-15bfe74c7c60">
        <Coords points="0,777 73,777 73,847 0,847"/>
        <Baseline points="0,830 40,830"/>
        <Word id="word_75de03f7-2cae-47db-b9c7-b18ff0fec2e8">
          <Coords points="0,795 40,795 40,840 0,840"/>
          <TextEquiv>
            <Unicode>r</Unicode>
          </TextEquiv>
        </Word>
        <TextEquiv conf="0.1756354421377182">
          <Unicode>r</Unicode>
        </TextEquiv>
        <TextStyle xHeight="25"/>
      </TextLine>
    </TextRegion>
    <TextRegion id="ee8ff727-e1bd-4d2b-9db2-f6b55d936e2e">
      <Coords points="0,1179 194,1179 194,1197 0,1197"/>
      <TextLine id="line_3ba9f2aa-b328-40f6-aec1-f6a000612fc6">
        <Coords points="0,1135 225,1137 225,1207 133,1207 97,1225 0,1224"/>
        <Baseline points="0,1188 50,1190 100,1191 150,1191 192,1190"/>
        <Word id="word_aca57f53-2ec9-475c-9a90-01990964c471">
          <Coords points="1,1153 51,1155 101,1156 150,1156 191,1155 192,1200 150,1201 100,1201 50,1200 0,1198"/>
          <TextEquiv>
            <Unicode>Maleije</Unicode>
          </TextEquiv>
        </Word>
        <TextEquiv conf="0.7787597060077418">
          <Unicode>Maleije</Unicode>
        </TextEquiv>
        <TextStyle xHeight="33"/>
      </TextLine>
    </TextRegion>
    <TextRegion id="region_35594f8c-371c-47cc-a274-914797a39f1e">
      <Coords points="0,2147 95,2147 95,2164 0,2164"/>
      <TextLine id="line_165f80a7-a934-4b87-8c79-67de9960992d">
        <Coords points="0,2100 125,2100 125,2170 85,2186 0,2186"/>
        <Baseline points="0,2156 50,2154 92,2153"/>
        <Word id="word_d3caa071-3c1d-4513-acba-182c7e355268">
          <Coords points="0,2121 49,2119 91,2118 92,2163 50,2164 0,2166"/>
          <TextEquiv>
            <Unicode>laten</Unicode>
          </TextEquiv>
        </Word>
        <TextEquiv conf="0.8382141508522558">
          <Unicode>laten</Unicode>
        </TextEquiv>
        <TextStyle xHeight="35"/>
      </TextLine>
    </TextRegion>
    <TextRegion id="region_0004efc8-39e1-4ac7-925f-84ce9c1a345a">
      <Coords points="0,3191 25,3191 25,3201 0,3201"/>
      <TextLine id="a2381828-c684-4fb5-8819-4278dbc11fcc">
        <Coords points="0,3138 56,3142 56,3213 0,3213"/>
        <Baseline points="0,3196 23,3195"/>
        <TextStyle xHeight="76"/>
      </TextLine>
    </TextRegion>
  </Page>
</PcGts>
