3567 4801
2714 544 2887 595 868

759 695 864 742 Tr
913 687 1176 740 samen
1226 684 1591 734 jncoops
1640 677 2215 728 Bedraegende
2266 677 2370 723 d'
2421 676 2682 723 somme
2734 678 2890 728 van

774 874 834 922 ƒ
888 837 1531 918 130636„14„-
1587 821 1820 876 voor
1876 809 2285 864 Batavia
2340 799 2576 854 ende
2633 785 2866 841 indt

854 971 1078 1032 jacht
1121 961 1653 1013 grijpskercke
1686 952 1786 1005 en
1828 946 1918 995 d'
1958 925 2271 986 Chaloup
2313 915 2537 969 cleen
2580 897 2891 959 pipelij

801 1111 947 1173 p„a
988 1097 1184 1152 9000
1231 1091 1328 1139 en
1374 1081 1712 1134 reaelen
1759 1073 1904 1125 van
1950 1059 2240 1116 achten
2286 1053 2480 1102 2000
2527 1045 2720 1096 voor
2767 1042 2869 1089 do

861 1223 1177 1285 suijder
1222 1205 1673 1265 Quartieren
1713 1187 2122 1248 cargeren,
2166 1179 2348 1231 ende
2389 1151 2984 1222 gesamentlijcq

864 1344 1167 1409 jegens
1211 1342 1316 1388 9e
1345 1327 1613 1387 deser
1659 1306 2208 1369 despecheren
2252 1301 2407 1351 sal
2456 1295 2606 1344 met
2655 1284 2904 1339 ordre

836 1471 1062 1534 ende
1116 1448 1834 1511 recommandatie
1884 1438 2164 1490 aend'
2216 1403 2936 1481 opperhooffden

854 1597 1090 1659 vandt
1133 1582 1369 1640 schip
1414 1574 1555 1625 den
1600 1565 1835 1619 haen,
1881 1563 2021 1611 off
2066 1554 2347 1608 geviel
2393 1551 2534 1599 soo
2578 1535 2954 1596 spoedigh

856 1740 1010 1798 als
1036 1727 1208 1780 wel
1255 1707 1657 1769 verhoope
1702 1703 1806 1750 d'
1854 1693 2155 1746 reijse
2203 1676 2553 1736 Buijten
2593 1668 2702 1720 om
2750 1659 2952 1711 niet

860 1856 1124 1914 conde
1173 1841 1650 1902 gewinnen,
1701 1829 1913 1885 maer
1964 1822 2124 1873 dat
2175 1813 2387 1866 door
2439 1789 2916 1855 contrarie

855 1981 1206 2042 winden,
1256 1973 1457 2025 ende
1506 1967 1607 2016 te
1653 1951 2007 2010 duchten
2056 1933 2458 1995 ongevall
2507 1925 2658 1974 Bij
2707 1915 3008 1966 mancq„

829 2107 1277 2179 ruemendt
1331 2103 1501 2152 van
1556 2092 1892 2145 eenige
1947 2052 2842 2135 noodtwendicheden

845 2221 1500 2302 genoodtsaeckt
1548 2210 1899 2264 wierden
1944 2203 2150 2256 haer
2195 2190 2449 2245 cours
2495 2180 2698 2234 door
2746 2172 2848 2223 de

862 2363 1226 2415 strate
1286 2355 1468 2405 van
1526 2333 2011 2394 Mallacca
2071 2333 2192 2380 te
2252 2322 2555 2378 nemen
2613 2306 2797 2363 dat
2854 2292 2978 2348 in

750 2493 1156 2553 sulcken
1213 2480 1618 2537 gevalle
1675 2478 1849 2524 aen
1905 2475 1964 2522 t
2019 2462 2310 2517 eerst
2366 2427 2945 2506 ontmoetent

853 2613 1087 2665 schip
1130 2596 1600 2656 tenderende
1646 2589 1834 2640 naer
1876 2569 2254 2633 Taijovan
2298 2550 2907 2611 t'vereijschte

810 2749 1009 2807 voor
1057 2736 1348 2793 jappan
1396 2716 1734 2779 volgens
1781 2710 1880 2760 d'
1927 2699 2267 2752 memorie
2312 2687 2460 2740 die
2507 2676 2654 2731 hun
2701 2664 2896 2718 daer

850 2877 1002 2930 van
1050 2863 1253 2919 mede
1301 2849 1604 2907 sullen
1654 2839 1906 2893 geven
1954 2823 2208 2883 onder
2255 2794 2925 2864 behoorlijcke—

853 2988 1340 3067 recepisse
1393 2977 1554 3030 tot
1598 2958 1929 3018 haerer
1981 2923 2626 3000 ondtlastinge
2677 2919 2894 2969 over

854 3125 1260 3192 leveren
1313 3102 1661 3166 sullen

2604 3350 2705 3402 In
2747 3347 2997 3394 jndia

896 3382 1332 3438 Elbertus
1386 3367 1986 3425 kasselerius
2028 3359 2205 3411 van

911 3491 1327 3548 Gecomen
1386 3486 1564 3535 met
1620 3480 1683 3530 t
1741 3466 2097 3522 schipd
2144 3452 2749 3510 Salamander
2794 3443 2986 3498 den

837 3631 897 3681 2
950 3607 1349 3675 october
1405 3599 1519 3648 ao
1573 3586 1802 3641 1642
1854 3567 2085 3628 voor
2141 3553 2651 3609 adelborst
2707 3551 2878 3599 met

845 3724 1145 3784 Gagie
1202 3712 1384 3765 van
1442 3703 1624 3755 ƒ10
1682 3692 1864 3746 pr.
1922 3674 2342 3731 maendt,
2401 3656 2882 3722 hebbende

852 3838 1219 3896 tsedert
1269 3827 1427 3880 die
1478 3820 1688 3871 tijt
1738 3811 1896 3863 tot
1947 3802 2157 3855 16„'
2208 3794 2471 3845 aug„o
2518 3776 2887 3833 passado

869 3969 1179 4028 tonder
1229 3942 1741 4011 chirugijns
1790 3934 2047 3983 ampt,
2095 3918 2302 3977 ende
2350 3903 2609 3960 nader
2653 3886 2914 3944 handt

853 4080 1291 4145 d'cherge
1336 4067 1508 4122 van
1560 4044 2108 4110 adsistendt
2162 4036 2381 4086 mede
2433 4032 2654 4080 waer
2708 4026 2981 4077 genom

871 4206 1093 4255 ende
1148 4199 1372 4249 daer
1424 4189 1538 4240 in
1590 4174 1871 4233 goedt
1925 4151 2649 4218 contentemendt
2702 4147 2872 4196 aen

866 4338 1096 4393 sijn
1152 4317 1556 4382 meerder
1610 4294 2014 4359 gegeven
2070 4284 2301 4338 wert
2349 4263 2877 4329 derhalven

2581 4458 2902 4530 ende

0 704 227 755 „

0 816 80 865 en
