3567 4801
2666 501 2890 588 906

434 548 797 612 Decembr.
841 545 977 596 Ao.
1017 537 1211 587 1645

910 790 968 839 't
991 775 1344 833 Coninckeryjck
1370 774 1479 820 maer
1505 773 1614 819 oocq
1641 774 1695 819 '1
1720 769 1991 819 gandtsches
2017 763 2315 815 sentiessche
2342 763 2503 810 geloof
2530 762 2746 810 pagoden,
2772 762 2827 810 en

863 881 1089 951 Bramines
1114 871 1563 924 verdistribueren,
1589 871 1700 919 ende
1727 868 2146 916 t'onderbrengen,
2172 869 2284 915 (het
2311 869 2367 914 en
2395 865 2562 915 ssoude
2589 863 2701 910 haer
2727 861 2812 908 soo

894 989 1015 1045 niet
1041 978 1276 1032 gelucken
1303 976 1392 1023 het
1418 972 1566 1021 gingh
1595 971 1682 1018 soo
1710 970 1798 1016 het
1826 968 1973 1015 gingh
2001 968 2088 1014 sij
2115 966 2263 1013 soude
2292 967 2408 1012 haer
2437 956 2845 1012 t'onderbrengen

892 1107 980 1158 oft
1003 1093 1205 1152 maecken
1231 1090 1289 1136 t'
1314 1084 1713 1135 ondergebraght,
1739 1082 1853 1128 ende
1881 1082 1966 1127 van
1994 1080 2108 1126 haer
2134 1073 2361 1123 rijckdom
2388 1069 2587 1117 beroeft
2613 1061 2785 1114 werden

890 1206 1127 1258 derhalven
1152 1204 1231 1251 het
1257 1201 1362 1249 haer
1387 1196 1519 1245 beter
1545 1194 1624 1240 was
1650 1193 1807 1239 haeren
1832 1190 2016 1237 Coninck
2042 1190 2095 1235 in
2121 1189 2199 1235 syn
2226 1184 2383 1234 staeds
2408 1182 2461 1228 t'
2486 1178 2645 1226 heepen
2668 1160 3011 1221 versoeckeren,

893 1319 1006 1371 ende
1033 1314 1172 1363 sijne
1197 1309 1338 1359 sijde
1364 1306 1449 1354 met
1476 1302 1753 1351 obidientie
1781 1298 1976 1348 helpen—

885 1478 948 1523 d'
978 1462 1199 1521 Coninck
1229 1453 1639 1506 overdenckende
1668 1452 1732 1498 d'
1763 1452 2046 1498 geweldige
2078 1450 2329 1497 sterckte
2359 1445 2643 1495 ondegiere
2674 1444 2902 1492 present

886 1576 975 1631 soo
1001 1571 1087 1618 van
1112 1565 1451 1616 maintementos
1478 1565 1647 1611 volcq,
1675 1563 1927 1610 Ammonitie
1955 1560 2067 1607 ende
2095 1559 2263 1605 anders
2291 1559 2403 1604 seer
2431 1556 2683 1604 ontbloodt
2708 1553 2827 1602 was,

888 1672 1013 1728 ende
1042 1670 1135 1716 den
1162 1662 1471 1715 Commandant
1500 1663 1622 1709 niet
1653 1664 1898 1709 bestandt
1927 1664 2019 1710 tot
2049 1662 2324 1709 maintenue
2355 1661 2446 1707 van
2477 1660 2599 1706 dien
2628 1655 2782 1704 sulcx
2812 1653 2936 1701 door

885 1786 944 1834 d'
972 1766 1379 1833 Goecondaetsche
1408 1763 1728 1812 lichtelijck
1755 1763 1901 1809 mocht
1930 1762 2105 1808 werden
2133 1760 2541 1807 gerecupereert,
2569 1761 2657 1808 was
2684 1758 2744 1805 te
2772 1748 2892 1802 hade

875 1886 1094 1951 geworden
1119 1882 1174 1929 d'
1199 1873 1467 1926 bewaeringe
1493 1872 1574 1918 van
1599 1869 1707 1917 dien
1734 1869 1814 1915 aen
1839 1867 2027 1915 maleije
2053 1867 2134 1915 ten
2160 1867 2374 1915 Insichte
2400 1866 2508 1912 noch
2533 1861 2695 1911 eenige
2719 1856 2881 1904 middel

893 1999 1061 2052 achter
1085 1992 1143 2041 d'
1170 1988 1309 2036 handt
1336 1983 1475 2033 hadde
1502 1983 1558 2028 te
1585 1979 1890 2028 Intregeren,
1915 1975 2028 2024 doch
2054 1972 2194 2020 sulcx
2221 1971 2277 2016 in
2304 1969 2416 2016 hade
2443 1960 2748 2013 voordrachen
2775 1953 2887 2004 was—

873 2118 990 2176 Yder
1015 2109 1129 2162 daer
1155 2100 1297 2152 tegen
1322 2091 1548 2143 seggende
1576 2091 1660 2137 het
1687 2088 1857 2136 Immers
1883 2088 1996 2134 geen
2023 2085 2164 2132 heden
2191 2084 2276 2130 was
2302 2081 2416 2129 mien
2442 2077 2528 2126 soo
2554 2075 2640 2121 een
2667 2063 2920 2119 voornoeme

888 2227 1067 2287 plaets
1094 2220 1211 2270 daen
1238 2213 1500 2264 Carnatica
1527 2204 1759 2257 oerhingh
1787 2200 1875 2248 soo
1903 2199 1933 2245 e
1960 2199 2134 2246 sleght
2162 2194 2365 2244 persoon
2393 2190 2539 2238 soude
2565 2183 2829 2235 sumeneven

865 2339 994 2397 „dies
1016 2337 1067 2382 d'
1091 2330 1240 2382 saecke
1264 2326 1438 2374 daerbij
1462 2323 1513 2370 Is
1537 2314 1761 2367 gebleven.

889 2476 1000 2526 den
1032 2451 1476 2517 Coninckleeft
1511 2447 1623 2496 aen
1658 2436 2064 2492 mustafschan
2101 2433 2211 2480 met
2248 2426 2468 2477 groote
2505 2412 2873 2471 Courtoisie

885 2574 996 2623 ende
1021 2567 1245 2618 beloften
1271 2565 1356 2611 van
1380 2562 1438 2608 't
1464 2551 1770 2606 achterwesen
1797 2546 1936 2596 sijns
1961 2543 2156 2590 Conincx
2184 2545 2240 2590 te
2266 2544 2461 2589 voldoen
2488 2542 2796 2589 geschreven,

879 2689 991 2744 ende
1017 2680 1233 2733 versoght
1260 2679 1341 2724 hij
1366 2672 1503 2723 wilde
1528 2665 1691 2716 tegens
1717 2662 1799 2709 hem
1824 2661 1934 2706 niet
1959 2653 2258 2705 attenteren,
2284 2646 2608 2696 ondertuschen
2634 2645 2770 2692 heeft
2796 2647 2905 2693 oocq
2929 2645 2959 2691 —

878 2798 1141 2855 verscheyde
1167 2790 1376 2842 oversten
1400 2788 1506 2834 ende
1532 2785 1662 2832 Volcq
1687 2783 1741 2830 op
1765 2778 1871 2827 dese
1896 2776 2001 2823 syde
2025 2775 2079 2820 't
2101 2770 2235 2820 Bosch
2260 2762 2626 2814 gecommendreert
2649 2758 2756 2807 omme
2781 2756 2861 2802 den

882 2914 1056 2970 Juwal
1088 2909 1192 2958 van
1222 2889 1598 2951 Mustafschan
1631 2877 2041 2933 voortecomen.
2073 2879 2112 2927 —

828 3049 942 3108 Van
973 3028 1300 3091 gelijcken
1335 3019 1516 3072 heeft
1551 3012 1768 3062 gedaen
1803 3009 1912 3055 aen
1946 3007 2091 3055 Chan
2125 3001 2271 3050 Chan
2306 2997 2451 3046 ende
2485 2993 2594 3041 aen
2630 2989 2777 3037 syde

882 3151 975 3206 van
998 3136 1235 3194 Tropetij
1263 3131 1380 3180 toet
1406 3122 1553 3175 melue
1580 3120 1640 3165 en
1669 3118 1900 3165 recontre
1929 3117 2016 3163 van
2045 3115 2162 3162 Chan
2189 3111 2306 3159 Chan
2334 3104 2567 3155 gesonden
2596 3103 2799 3149 daeweij
2827 3095 3002 3150 appena

886 3257 1007 3307 ende
1035 3249 1218 3301 andere

905 3394 1188 3460 Diernaer
1221 3389 1327 3437 met
1361 3382 1572 3434 songer
1606 3376 1816 3426 loover
1851 3368 2096 3421 becompt
2130 3367 2201 3414 d'
2235 3362 2411 3413 Mags.
2444 3359 2480 3406 s
2515 3346 2796 3403 tijdinge

884 3518 1000 3568 uijt
1026 3498 1365 3561 mustafschans
1391 3491 1534 3542 leger
1560 3486 1731 3535 hoedat
1758 3485 1843 3531 den
1870 3481 2040 3529 selven
2067 3474 2237 3525 sijnen
2264 3468 2462 3518 Coninck
2490 3465 2631 3513 hadde
2659 3460 2946 3510 geschreven

876 3634 961 3682 dat
988 3626 1101 3678 daer
1127 3619 1241 3669 twee
1267 3606 1465 3662 hoofden
1491 3599 1605 3649 eene
1631 3594 1773 3644 saeck
1801 3592 1997 3638 bevolen
2025 3591 2137 3637 was,
2164 3588 2249 3635 het
2277 3584 2389 3633 daer
2416 3581 2529 3628 nies
2556 3577 2641 3625 wel
2668 3575 2725 3621 en
2752 3567 2921 3619 gingh—

875 3753 942 3799 d'
971 3741 1139 3795 Mays,
1169 3729 1336 3784 hadde
1366 3722 1468 3772 hem
1498 3708 1796 3764 verdtheer
1828 3702 2125 3752 gemaeckt,
2158 3699 2290 3747 maer
2322 3697 2455 3743 Chan
2487 3695 2620 3742 Chan
2652 3695 2785 3741 dede
2816 3693 2916 3739 Wat

860 3861 946 3918 hem
969 3845 1182 3904 beliefde
1207 3836 1367 3889 hierop
1391 3829 1525 3879 hadde
1550 3825 1631 3873 den
1655 3822 1841 3869 Coninck
1866 3816 2079 3867 volcomen
2104 3812 2237 3859 ordre
2263 3810 2316 3856 en
2342 3805 2633 3854 authoriteyt
2658 3802 2739 3849 aen
2763 3801 2792 3847 —

857 3959 1185 4025 Mustaschan
1215 3945 1476 4002 gegeven,
1506 3938 1638 3988 ende
1668 3934 1799 3980 Chan
1829 3930 1961 3979 Chan
1990 3923 2187 3974 belast
2218 3918 2349 3967 syne
2380 3911 2640 3961 Commando
2671 3909 2966 3962 tevolgen,

872 4095 933 4143 't
959 4086 1110 4138 welcq
1138 4084 1228 4131 hij
1254 4066 1552 4126 verstaende
1579 4057 1759 4110 Chadde
1787 4053 1877 4100 des
1906 4048 2114 4098 Conincx
2140 4043 2291 4093 Vader
2318 4037 2409 4086 met
2437 4029 2645 4082 belofte
2672 4026 2734 4074 in
2762 4024 2853 4071 een

858 4195 1030 4253 maendt
1056 4187 1198 4239 weder
1226 4184 1282 4230 te
1309 4178 1451 4228 Comen
1477 4175 1534 4221 te
1560 4168 1731 4219 vreden
1758 4159 2011 4212 gesteldt,
2037 4156 2151 4203 ende
2176 4151 2236 4201 In
2262 4145 2544 4194 Gorinconde
2571 4139 2796 4191 gelaten)
2823 4138 2908 4184 was
2936 4138 2980 4183 —

875 4304 996 4352 naer
1024 4297 1204 4348 sijnen
1232 4284 1443 4341 Coninck
1471 4277 1592 4328 omme
1619 4272 1711 4320 hem
1739 4271 1800 4319 te
1829 4267 2158 4320 deffenderen
2187 4251 2398 4311 gereyst

514 3441 871 3531 D

1588 4332 1749 4384 Criek

0 654 212 700 dringe

90 932 158 977 dan

0 1226 240 1278 eeton
