<?xml version="1.0" encoding="UTF-8"?>
<PcGts xmlns="http://schema.primaresearch.org/PAGE/gts/pagecontent/2013-07-15">
  <Metadata externalRef="f28bff99-1589-4a05-904f-7847cbe6aadb">
    <Creator>Laypa</Creator>
    <Created>2023-09-08T02:20:53</Created>
    <LastChange>2023-09-08T03:38:21</LastChange>
    <Comment>license: CC0</Comment>
    <MetadataItem type="processingStep" name="layout-analysis" value="laypa">
      <Labels>
        <Label value="228a7d24385cff0e51687c00d0e65a2c2a9703d5" type="githash"/>
        <Label value="61334eb4-edff-4af5-b036-b5927f35bbcf" type="uuid"/>
        <Label value="https://hdl.handle.net/10622/VMSCBR" type="laypamodelremote"/>
      </Labels>
    </MetadataItem>
    <MetadataItem type="processingStep" name="region-analysis" value="laypa">
      <Labels>
        <Label value="0a3442b4-835c-44bc-9115-3fd08263a5dc" type="uuid"/>
        <Label value="https://hdl.handle.net/10622/DMAS2T" type="laypamodelremote"/>
      </Labels>
    </MetadataItem>
    <MetadataItem type="processingStep" name="htr" value="loghi-htr">
      <Labels>
        <Label value="9efb3e0ff4338dc6e07d110ac4d435f27f5b0e16&#10;" type="githash"/>
        <Label value="3a9bdaa3-493c-483e-bbb2-f51961b8e5a0" type="uuid"/>
        <Label value="64" type="batch_size"/>
        <Label value="https://hdl.handle.net/10622/X2JZYY" type="loghihtrmodelremote"/>
      </Labels>
    </MetadataItem>
    <MetadataItem type="processingStep" name="word-splitting" value="loghi-htr-tooling"/>
    <MetadataItem type="other" name="dataset" value="https://hdl.handle.net/10622/LVXSBW">
      <Labels>
        <Label value="VOC transcriptions v2 - GLOBALISE" type="name"/>
        <Label value="Dataset in pagexml and txt format, including data card." type="description"/>
        <Label value="https://globalise.huygens.knaw.nl/" type="creator"/>
        <Label value="https://hdl.handle.net/10622/LVXSBW" type="url"/>
      </Labels>
    </MetadataItem>
  </Metadata>
  <Page imageFilename="NL-HaNA_1.04.02_1161_0981.jpg" imageWidth="3458" imageHeight="4869">
    <ReadingOrder>
      <OrderedGroup id="orderedgroup_d718d8c2-0c20-48d3-a5fe-991c898a2847">
        <RegionRefIndexed index="0" regionRef="region_be751fb0-3183-412e-99ba-da3f7599e4c1_5"/>
        <RegionRefIndexed index="1" regionRef="region_ea0db3e2-be0f-40bd-8654-ceabb7c9dee6_4"/>
        <RegionRefIndexed index="2" regionRef="region_3e47ae2a-8619-4181-a053-9401b0ac1a0b_6"/>
        <RegionRefIndexed index="3" regionRef="region_e0bfd560-1220-4036-bd64-782bd6d769ba_7"/>
        <RegionRefIndexed index="4" regionRef="region_5ff02705-2d19-4330-b798-2ec1e71738ec_1"/>
        <RegionRefIndexed index="5" regionRef="region_27cbb2f2-b871-453a-805b-83e439e48c28_3"/>
        <RegionRefIndexed index="6" regionRef="region_a6741361-9445-4955-91c6-268c158a2edc_2"/>
        <RegionRefIndexed index="7" regionRef="region_75d9dc97-e8db-48b8-b049-8151a86b798d"/>
        <RegionRefIndexed index="8" regionRef="c510c4de-2c74-46d1-874a-b2f42609dc97"/>
        <RegionRefIndexed index="9" regionRef="a4ab7ee0-44a4-44a6-b16a-64d33cf9af30"/>
      </OrderedGroup>
    </ReadingOrder>
    <TextRegion id="region_be751fb0-3183-412e-99ba-da3f7599e4c1_5" custom="structure {type:page-number;}">
      <Coords points="2563,932 2560,929 2560,922 2556,918 2556,915 2543,902 2539,902 2536,898 2533,898 2529,895 2499,895 2496,898 2482,898 2479,902 2452,902 2448,905 2438,905 2435,908 2418,908 2415,912 2404,912 2401,915 2388,915 2384,918 2374,918 2371,922 2367,922 2364,925 2364,929 2360,932 2360,939 2357,942 2357,952 2384,979 2391,979 2394,983 2398,983 2401,986 2411,986 2415,989 2421,989 2425,993 2445,993 2448,996 2458,996 2462,999 2472,999 2475,996 2479,996 2482,999 2496,999 2499,996 2506,996 2509,993 2516,993 2519,989 2526,989 2529,986 2536,986 2543,979 2546,979 2550,976 2550,972 2556,966 2556,959 2560,956 2560,942 2563,939"/>
      <TextLine id="line_82670e15-9863-4060-8a64-cc383bf56ab9">
        <Coords points="2293,894 2479,889 2592,903 2592,965 2491,968 2466,988 2293,992"/>
        <Baseline points="2323,979 2373,970 2423,965 2473,963 2523,958 2563,950"/>
        <Word id="word_9bd36e9f-c708-48a2-a5fd-8789ef9f977d">
          <Coords points="2317,945 2367,936 2420,930 2472,928 2520,923 2556,916 2565,960 2524,968 2473,973 2424,975 2375,980 2325,989"/>
          <TextEquiv>
            <Unicode>1053</Unicode>
          </TextEquiv>
        </Word>
        <TextEquiv conf="0.9890308113504916">
          <Unicode>1053</Unicode>
        </TextEquiv>
        <TextStyle xHeight="44"/>
      </TextLine>
    </TextRegion>
    <TextRegion id="region_ea0db3e2-be0f-40bd-8654-ceabb7c9dee6_4" custom="structure {type:page-number;}">
      <Coords points="2563,1084 2560,1080 2560,1077 2556,1077 2550,1070 2546,1070 2539,1064 2536,1064 2533,1060 2519,1060 2516,1057 2512,1060 2492,1060 2489,1064 2482,1064 2479,1067 2472,1067 2465,1074 2462,1074 2458,1077 2452,1077 2448,1080 2445,1080 2442,1084 2438,1084 2435,1087 2435,1114 2438,1118 2438,1121 2448,1131 2452,1131 2455,1135 2458,1135 2462,1138 2482,1138 2485,1135 2496,1135 2499,1131 2512,1131 2516,1128 2526,1128 2529,1124 2533,1124 2543,1114 2546,1114 2550,1111 2550,1108 2553,1104 2553,1101 2560,1094 2560,1091 2563,1087"/>
      <TextLine id="fc614264-31cd-470a-9e89-9a5579a7c8e1">
        <Coords points="2396,1055 2636,1067 2636,1129 2628,1132 2513,1128 2453,1136 2437,1152 2396,1152"/>
        <Baseline points="2426,1130 2476,1125 2526,1120 2576,1117 2607,1114"/>
        <Word id="word_03dc824b-c04e-4cc4-9eb9-4077e20b58a7">
          <Coords points="2423,1095 2473,1090 2523,1085 2574,1082 2604,1079 2608,1124 2577,1127 2527,1130 2477,1135 2427,1140"/>
          <TextEquiv>
            <Unicode>1052</Unicode>
          </TextEquiv>
        </Word>
        <TextEquiv conf="0.9868576238174028">
          <Unicode>1052</Unicode>
        </TextEquiv>
        <TextStyle xHeight="41"/>
      </TextLine>
    </TextRegion>
    <TextRegion id="region_3e47ae2a-8619-4181-a053-9401b0ac1a0b_6" custom="structure {type:header;}">
      <Coords points="1016,733 1020,736 1033,736 1037,739 1050,739 1054,743 1060,743 1064,746 1077,746 1081,750 1222,750 1226,746 1307,746 1310,743 1310,739 1314,736 1310,736 1307,733 1293,733 1290,729 1263,729 1260,726 1253,726 1249,723 1239,723 1236,719 1233,719 1226,712 1222,712 1216,706 1212,706 1209,702 1199,702 1195,699 1189,699 1185,696 1108,696 1104,699 1081,699 1077,702 1074,702 1067,709 1064,709 1060,712 1057,712 1050,719 1047,719 1043,723 1037,723 1033,726 1030,726 1027,729 1023,729 1020,733"/>
    </TextRegion>
    <TextRegion id="region_e0bfd560-1220-4036-bd64-782bd6d769ba_7" custom="structure {type:marginalia;}">
      <Coords points="682,3890 682,3893 692,3903 713,3903 716,3907 767,3907 770,3903 797,3903 800,3900 807,3900 810,3897 814,3897 817,3893 821,3893 821,3890 824,3886 824,3880 807,3863 804,3863 790,3849 787,3849 783,3846 777,3846 773,3843 770,3843 767,3839 743,3839 740,3843 736,3843 733,3846 729,3846 723,3853 716,3853 709,3859 706,3859 699,3866 696,3866 689,3873 689,3876 686,3880 686,3886"/>
    </TextRegion>
    <TextRegion id="region_5ff02705-2d19-4330-b798-2ec1e71738ec_1" custom="structure {type:paragraph;}">
      <Coords points="2637,1145 2597,1138 2560,1165 2438,1168 2182,1209 1989,1209 1688,1232 989,1239 868,1253 827,1276 824,1330 851,1435 837,1560 861,1685 834,2070 804,2090 750,2090 669,2110 301,2141 257,2185 240,2239 253,2451 223,2563 220,2732 253,2870 253,2924 280,2951 290,2985 223,3049 213,3194 233,3343 284,3478 290,3866 331,3971 392,3967 463,3934 686,3907 682,3880 709,3856 611,3819 591,3799 618,3785 1006,3768 1074,3748 1138,3694 1182,3697 1212,3734 1202,3758 1243,3765 1260,3758 1273,3714 1287,3728 1300,3704 1331,3704 1341,3748 1324,3765 1378,3971 1391,4167 1415,4285 1412,4319 1425,4342 1675,4376 1827,4352 1867,4363 1891,4400 1884,4477 1918,4572 1908,4623 1921,4636 2134,4656 2212,4656 2246,4639 2317,4629 2415,4660 2641,4660 2664,4646 2664,4616 2644,4592 2580,4572 2445,4484 2371,4460 2266,4454 2178,4433 2202,4383 2259,4339 2300,4339 2317,4356 2367,4363 2550,4363 2658,4325 2658,4187 2617,4008 2658,3920 2634,3782 2631,3630 2648,3562 2614,3454 2617,3404 2664,3275 2658,3160 2624,3130 2577,3144 2371,3133 2141,3140 2131,3127 2151,3096 2209,3073 2205,3042 2232,3025 2489,2995 2627,2995 2654,2965 2651,2907 2671,2789 2671,1918 2654,1422 2668,1340 2664,1205"/>
      <TextLine id="line_2fb178bd-148f-47e2-9fd9-60abe9938ac3">
        <Coords points="791,1249 853,1207 865,1216 897,1184 1057,1183 1073,1196 1133,1196 1141,1203 1189,1176 1405,1176 1457,1155 2133,1151 2257,1155 2277,1172 2477,1171 2493,1187 2658,1192 2658,1255 2561,1258 2541,1262 2518,1281 2093,1297 1785,1289 1697,1293 1689,1301 1333,1301 1325,1309 1169,1313 1145,1325 1045,1329 1013,1312 953,1312 929,1329 893,1329 833,1388 791,1381"/>
        <Baseline points="821,1303 871,1301 921,1301 971,1299 1021,1297 1071,1298 1121,1298 1171,1296 1221,1295 1271,1293 1321,1293 1371,1291 1421,1291 1471,1290 1521,1289 1571,1288 1621,1285 1671,1285 1721,1285 1771,1283 1821,1281 1871,1281 1921,1281 1971,1279 2021,1279 2071,1277 2121,1278 2171,1276 2221,1275 2271,1275 2321,1273 2371,1270 2421,1268 2471,1263 2521,1259 2571,1249 2621,1243 2629,1240"/>
        <Word id="word_77f30a9f-2523-4e33-96d8-ae76339f7408">
          <Coords points="820,1268 870,1266 921,1266 933,1266 935,1310 921,1311 871,1311 821,1313"/>
          <TextEquiv>
            <Unicode>Ten</Unicode>
          </TextEquiv>
        </Word>
        <Word id="word_79732a1e-157f-49d3-a2af-7563d3f1db02">
          <Coords points="970,1264 1020,1262 1072,1263 1121,1263 1170,1261 1220,1260 1270,1258 1311,1258 1311,1303 1271,1303 1221,1305 1171,1306 1121,1308 1071,1308 1021,1307 972,1309"/>
          <TextEquiv>
            <Unicode>versoecke</Unicode>
          </TextEquiv>
        </Word>
        <Word id="word_e70f0231-77c0-420e-a99d-fe1b35354230">
          <Coords points="1346,1258 1368,1256 1421,1256 1470,1255 1520,1254 1570,1253 1573,1253 1576,1298 1571,1298 1521,1299 1471,1300 1421,1301 1372,1301 1350,1303"/>
          <TextEquiv>
            <Unicode>vande:</Unicode>
          </TextEquiv>
        </Word>
        <Word id="word_6b132939-309a-4774-b0f7-a5e7ec05f2c4">
          <Coords points="1611,1251 1619,1250 1671,1250 1721,1250 1770,1248 1820,1246 1839,1246 1839,1291 1821,1291 1771,1293 1721,1295 1671,1295 1622,1295 1614,1295"/>
          <TextEquiv>
            <Unicode>Coopl.</Unicode>
          </TextEquiv>
        </Word>
        <Word id="word_ffd6b2c6-177d-439a-815d-0cef2d698445">
          <Coords points="1877,1246 1921,1246 1970,1244 2021,1244 2064,1242 2066,1287 2021,1289 1971,1289 1921,1291 1877,1291"/>
          <TextEquiv>
            <Unicode>dirck</Unicode>
          </TextEquiv>
        </Word>
        <Word id="word_87477447-c4e5-420c-a9e8-032d0069f83c">
          <Coords points="2108,1241 2125,1243 2170,1241 2220,1240 2271,1240 2320,1238 2369,1235 2420,1233 2439,1231 2443,1276 2421,1278 2372,1280 2321,1283 2271,1285 2221,1285 2171,1286 2120,1288 2102,1286"/>
          <TextEquiv>
            <Unicode>Sarcerius</Unicode>
          </TextEquiv>
        </Word>
        <Word id="word_413e3365-ca8c-466d-8e52-13c43624f973">
          <Coords points="2477,1227 2518,1224 2564,1215 2617,1207 2617,1208 2632,1249 2622,1253 2573,1259 2522,1269 2481,1272"/>
          <TextEquiv>
            <Unicode>ende</Unicode>
          </TextEquiv>
        </Word>
        <TextEquiv conf="0.8680271358703907">
          <Unicode>Ten versoecke vande: Coopl. dirck Sarcerius ende</Unicode>
        </TextEquiv>
        <TextStyle xHeight="46"/>
      </TextLine>
      <TextLine id="line_4c331aa5-73c8-4fa2-8348-35daf7911e9b">
        <Coords points="833,1387 891,1331 928,1331 955,1311 1228,1315 1323,1312 1335,1300 2058,1304 2102,1292 2194,1288 2473,1287 2578,1291 2594,1304 2674,1303 2694,1319 2710,1311 2723,1320 2723,1383 2682,1405 2510,1404 2498,1396 2354,1396 2338,1388 2174,1397 2134,1409 2118,1424 2102,1412 2062,1408 1771,1401 1711,1460 1483,1459 1451,1428 1319,1428 1300,1409 1163,1413 1140,1432 1103,1420 984,1417 879,1417 863,1425 833,1425"/>
        <Baseline points="863,1411 913,1409 963,1407 1013,1406 1063,1406 1113,1405 1163,1404 1213,1402 1263,1401 1313,1401 1363,1399 1413,1397 1463,1397 1513,1395 1563,1394 1613,1394 1663,1394 1713,1394 1763,1394 1813,1393 1863,1392 1913,1392 1963,1393 2013,1392 2063,1392 2113,1390 2163,1388 2213,1386 2263,1383 2313,1379 2363,1377 2413,1376 2463,1374 2513,1372 2563,1370 2613,1368 2663,1367 2694,1368"/>
        <Word id="word_2e2d1292-29ec-4621-9248-1f09d8311383">
          <Coords points="862,1376 912,1374 962,1372 1012,1371 1052,1371 1052,1416 1013,1416 963,1417 913,1419 863,1421"/>
          <TextEquiv>
            <Unicode>Gillis</Unicode>
          </TextEquiv>
        </Word>
        <Word id="word_641f41ac-6c14-4b0f-9a1c-63b38a07b760">
          <Coords points="1083,1371 1112,1370 1162,1369 1177,1368 1179,1413 1163,1414 1113,1415 1084,1416"/>
          <TextEquiv>
            <Unicode>van</Unicode>
          </TextEquiv>
        </Word>
        <Word id="word_b602b47b-8092-4744-9590-2799fedc28ec">
          <Coords points="1209,1367 1212,1367 1262,1366 1313,1366 1362,1364 1412,1362 1431,1362 1431,1407 1413,1407 1363,1409 1313,1411 1263,1411 1213,1412 1211,1412"/>
          <TextEquiv>
            <Unicode>Dulcken</Unicode>
          </TextEquiv>
        </Word>
        <Word id="word_2d8fd612-c253-4235-a815-498ef07a3e4f">
          <Coords points="1463,1362 1463,1362 1512,1360 1562,1359 1613,1359 1663,1359 1713,1359 1763,1359 1778,1359 1779,1404 1763,1404 1713,1404 1663,1404 1613,1404 1563,1404 1513,1405 1463,1407 1463,1407"/>
          <TextEquiv>
            <Unicode>mitsgaders</Unicode>
          </TextEquiv>
        </Word>
        <Word id="word_f6a5dbf4-0c2a-4538-8058-b2461fcdfd53">
          <Coords points="1810,1358 1812,1358 1862,1357 1905,1357 1905,1402 1863,1402 1813,1403 1810,1403"/>
          <TextEquiv>
            <Unicode>den</Unicode>
          </TextEquiv>
        </Word>
        <Word id="word_288d471b-fc2e-49cd-ad62-662505338fa6">
          <Coords points="1938,1357 1964,1358 2012,1357 2063,1357 2112,1355 2162,1353 2188,1352 2190,1397 2163,1398 2113,1400 2063,1402 2013,1402 1963,1403 1936,1402"/>
          <TextEquiv>
            <Unicode>Schipper</Unicode>
          </TextEquiv>
        </Word>
        <Word id="word_2f7a73e2-a63b-4783-a226-c128fc208694">
          <Coords points="2218,1351 2261,1348 2310,1344 2362,1342 2378,1342 2379,1387 2363,1387 2314,1389 2264,1393 2221,1396"/>
          <TextEquiv>
            <Unicode>Dirck</Unicode>
          </TextEquiv>
        </Word>
        <Word id="word_0018b406-b13b-4d47-83c0-90067ffcaefb">
          <Coords points="2409,1341 2412,1341 2462,1339 2512,1337 2562,1335 2612,1333 2662,1332 2695,1333 2694,1378 2663,1377 2613,1378 2563,1380 2513,1382 2463,1384 2413,1386 2410,1386"/>
          <TextEquiv>
            <Unicode>Cornelisz</Unicode>
          </TextEquiv>
        </Word>
        <TextEquiv conf="0.9109162458640567">
          <Unicode>Gillis van Dulcken mitsgaders den Schipper Dirck Cornelisz</Unicode>
        </TextEquiv>
        <TextStyle xHeight="40"/>
      </TextLine>
      <TextLine id="ef4b4bb6-443d-4cf2-8199-c13b433bdd84">
        <Coords points="829,1418 984,1414 1103,1421 1139,1434 1155,1418 1179,1410 1296,1410 1311,1425 1446,1425 1483,1461 1679,1461 1704,1473 1783,1402 2063,1409 2107,1413 2120,1423 2135,1410 2151,1410 2179,1394 2311,1394 2348,1386 2359,1397 2671,1401 2690,1409 2699,1405 2723,1429 2728,1425 2728,1487 2691,1513 2595,1517 2571,1493 2551,1489 2391,1486 2316,1556 2291,1544 2235,1493 1987,1493 1951,1512 1932,1494 1679,1494 1603,1565 1555,1521 1531,1509 1483,1510 1443,1530 1391,1541 1280,1545 1243,1521 1183,1522 1171,1513 1119,1513 1112,1506 923,1506 864,1537 829,1541"/>
        <Baseline points="859,1503 909,1500 959,1498 1009,1497 1059,1498 1109,1497 1159,1496 1209,1495 1259,1494 1309,1493 1359,1493 1409,1495 1459,1493 1509,1491 1559,1489 1609,1488 1659,1487 1709,1486 1759,1487 1809,1486 1859,1485 1909,1484 1959,1484 2009,1483 2059,1483 2109,1482 2159,1480 2209,1479 2259,1478 2309,1477 2359,1475 2409,1473 2459,1473 2509,1472 2559,1470 2609,1469 2659,1470 2699,1471"/>
        <Word id="word_1c484288-d655-4b39-8fb2-5d567e31850d">
          <Coords points="857,1468 907,1465 958,1463 990,1462 991,1507 959,1508 910,1510 860,1513"/>
          <TextEquiv>
            <Unicode>haen</Unicode>
          </TextEquiv>
        </Word>
        <Word id="word_6fce32a0-4d3a-47fc-9dd1-f8fef6bd44dc">
          <Coords points="1024,1462 1060,1463 1108,1462 1154,1461 1155,1506 1109,1507 1059,1508 1023,1507"/>
          <TextEquiv>
            <Unicode>ende</Unicode>
          </TextEquiv>
        </Word>
        <Word id="word_c5d3957a-63bf-426c-8262-3bde720302d1">
          <Coords points="1187,1460 1208,1460 1258,1459 1308,1458 1352,1458 1352,1503 1309,1503 1259,1504 1209,1505 1188,1505"/>
          <TextEquiv>
            <Unicode>onder</Unicode>
          </TextEquiv>
        </Word>
        <Word id="word_c035cb67-ec2d-4b56-87fe-f595200911d6">
          <Coords points="1388,1458 1412,1460 1458,1458 1508,1456 1558,1454 1608,1453 1614,1453 1615,1498 1609,1498 1559,1499 1509,1501 1459,1503 1408,1505 1384,1503"/>
          <TextEquiv>
            <Unicode>Coopman</Unicode>
          </TextEquiv>
        </Word>
        <Word id="word_1a98f589-4a43-4ea0-902f-f5a49435c596">
          <Coords points="1647,1452 1658,1452 1708,1451 1760,1452 1808,1451 1858,1450 1908,1449 1910,1449 1910,1494 1909,1494 1859,1495 1809,1496 1759,1497 1709,1496 1659,1497 1648,1497"/>
          <TextEquiv>
            <Unicode>Nicolaes</Unicode>
          </TextEquiv>
        </Word>
        <Word id="word_a3d33544-4dd3-44eb-a050-b57bedd01e03">
          <Coords points="1943,1449 1959,1449 2008,1448 2059,1448 2108,1447 2139,1446 2141,1491 2109,1492 2059,1493 2009,1493 1959,1494 1943,1494"/>
          <TextEquiv>
            <Unicode>vander</Unicode>
          </TextEquiv>
        </Word>
        <Word id="word_2dc8d194-3afc-4281-bffc-a8ea8d4c6a91">
          <Coords points="2173,1444 2209,1444 2258,1443 2308,1442 2358,1440 2369,1440 2371,1485 2359,1485 2309,1487 2259,1488 2209,1489 2173,1489"/>
          <TextEquiv>
            <Unicode>Cappen</Unicode>
          </TextEquiv>
        </Word>
        <Word id="word_d4dbe6a6-f470-4493-ad44-029302cb5718">
          <Coords points="2402,1438 2408,1438 2459,1438 2508,1437 2558,1435 2608,1434 2660,1435 2700,1436 2699,1481 2659,1480 2609,1479 2559,1480 2509,1482 2459,1483 2409,1483 2404,1483"/>
          <TextEquiv>
            <Unicode>Verclaren</Unicode>
          </TextEquiv>
        </Word>
        <TextEquiv conf="0.9589966930185778">
          <Unicode>haen ende onder Coopman Nicolaes vander Cappen Verclaren</Unicode>
        </TextEquiv>
        <TextStyle xHeight="33"/>
      </TextLine>
      <TextLine id="line_68fdfe13-eb62-4db6-ad4e-fd7c6b9d4f0e">
        <Coords points="825,1540 879,1540 915,1509 1116,1505 1139,1524 1249,1523 1286,1548 1402,1544 1490,1508 1530,1508 1605,1564 1674,1497 1785,1493 1929,1493 1953,1512 1981,1493 2229,1492 2305,1555 2318,1555 2389,1488 2548,1488 2568,1492 2596,1519 2648,1519 2660,1526 2692,1521 2701,1527 2717,1516 2725,1524 2720,1593 2701,1578 2683,1592 2564,1589 2511,1637 2436,1636 2400,1601 2365,1602 2346,1586 2309,1586 2240,1649 2157,1644 2101,1632 1837,1637 1816,1621 1762,1617 1746,1601 1694,1601 1634,1649 1618,1648 1586,1617 1486,1617 1454,1609 1266,1610 1214,1660 1187,1636 1119,1637 1082,1641 1048,1672 1008,1633 999,1633 969,1661 825,1660"/>
        <Baseline points="855,1600 905,1595 955,1594 1005,1593 1055,1593 1105,1593 1155,1594 1205,1594 1255,1595 1305,1593 1355,1591 1405,1590 1455,1589 1505,1587 1555,1585 1605,1584 1655,1583 1705,1581 1755,1580 1805,1580 1855,1579 1905,1578 1955,1578 2005,1577 2055,1578 2105,1578 2155,1577 2205,1578 2255,1578 2305,1578 2355,1578 2405,1578 2455,1577 2505,1576 2555,1575 2605,1574 2655,1573 2696,1572"/>
        <Word id="word_041cc7ac-dd6f-4eb8-b1d1-0cc282382bf0">
          <Coords points="852,1565 902,1560 945,1559 946,1604 906,1605 856,1610"/>
          <TextEquiv>
            <Unicode>wij</Unicode>
          </TextEquiv>
        </Word>
        <Word id="word_2f7e61bf-6e49-4539-84b8-83561c6e1229">
          <Coords points="975,1559 1004,1558 1055,1558 1105,1558 1156,1559 1205,1559 1256,1560 1276,1559 1278,1604 1255,1605 1205,1604 1155,1604 1105,1603 1055,1603 1005,1603 976,1604"/>
          <TextEquiv>
            <Unicode>ondergess.</Unicode>
          </TextEquiv>
        </Word>
        <Word id="word_ee729e4e-e337-4a1b-9fdc-ac51d06209d0">
          <Coords points="1306,1558 1354,1556 1404,1555 1428,1555 1428,1600 1405,1600 1355,1601 1308,1603"/>
          <TextEquiv>
            <Unicode>alle</Unicode>
          </TextEquiv>
        </Word>
        <Word id="word_cd851db1-e721-4fc9-887d-0b0c2bd9a251">
          <Coords points="1457,1554 1504,1552 1517,1551 1519,1596 1505,1597 1459,1599"/>
          <TextEquiv>
            <Unicode>in</Unicode>
          </TextEquiv>
        </Word>
        <Word id="word_df4129bc-42e3-44c2-84c1-d288c2483978">
          <Coords points="1548,1550 1554,1550 1604,1549 1654,1548 1704,1546 1754,1545 1760,1545 1760,1590 1755,1590 1705,1591 1655,1593 1605,1594 1555,1595 1549,1595"/>
          <TextEquiv>
            <Unicode>dienste</Unicode>
          </TextEquiv>
        </Word>
        <Word id="word_3a50a85d-1e10-4d13-8ec5-f2f6b0191579">
          <Coords points="1790,1545 1805,1545 1854,1544 1880,1543 1881,1588 1855,1589 1805,1590 1790,1590"/>
          <TextEquiv>
            <Unicode>der</Unicode>
          </TextEquiv>
        </Word>
        <Word id="word_4c0b4f78-4c85-4c89-b05c-000ab6435ae5">
          <Coords points="1911,1543 1955,1543 2004,1542 2056,1543 2105,1543 2154,1542 2206,1543 2243,1543 2243,1588 2205,1588 2155,1587 2105,1588 2055,1588 2005,1587 1955,1588 1911,1588"/>
          <TextEquiv>
            <Unicode>Nederlantsz</Unicode>
          </TextEquiv>
        </Word>
        <Word id="word_12dc34ce-6055-449d-803d-844ba0ae258b">
          <Coords points="2273,1543 2305,1543 2355,1543 2405,1543 2454,1542 2504,1541 2554,1540 2604,1539 2654,1538 2695,1537 2696,1582 2655,1583 2605,1584 2555,1585 2505,1586 2455,1587 2405,1588 2355,1588 2305,1588 2273,1588"/>
          <TextEquiv>
            <Unicode>g'octroijeerde</Unicode>
          </TextEquiv>
        </Word>
        <TextEquiv conf="0.9027831326487807">
          <Unicode>wij ondergess. alle in dienste der Nederlantsz g'octroijeerde</Unicode>
        </TextEquiv>
        <TextStyle xHeight="39"/>
      </TextLine>
      <TextLine id="line_83fca214-d7fd-4965-9fcb-4593c1a1ca8c">
        <Coords points="848,1661 968,1662 998,1634 1037,1638 1070,1614 1140,1613 1166,1637 1185,1633 1214,1660 1266,1610 1454,1609 1486,1617 1586,1617 1614,1645 1646,1646 1694,1599 1742,1598 1762,1617 1816,1621 1834,1634 2122,1633 2130,1641 2158,1645 2243,1649 2278,1614 2306,1603 2322,1587 2343,1587 2354,1598 2395,1598 2438,1637 2486,1628 2518,1633 2570,1583 2683,1591 2690,1584 2723,1607 2718,1673 2688,1667 2664,1680 2570,1679 2557,1668 2514,1668 2462,1700 2402,1700 2374,1727 2334,1715 2282,1715 2274,1707 2186,1708 2142,1727 2122,1711 2090,1711 2082,1703 2069,1715 1914,1711 1886,1687 1874,1687 1814,1727 1734,1727 1715,1743 1691,1719 1442,1720 1418,1707 1382,1707 1370,1695 1242,1696 1171,1759 1106,1754 1082,1730 1063,1743 1010,1742 994,1730 981,1738 954,1719 848,1719"/>
        <Baseline points="878,1702 928,1696 978,1695 1028,1693 1078,1691 1128,1690 1178,1689 1228,1688 1278,1686 1328,1686 1378,1685 1428,1685 1478,1684 1528,1682 1578,1679 1628,1679 1678,1677 1728,1677 1778,1677 1828,1675 1878,1674 1928,1674 1978,1673 2028,1672 2078,1672 2128,1671 2178,1672 2228,1671 2278,1669 2328,1666 2378,1665 2428,1664 2478,1663 2528,1660 2578,1657 2628,1656 2678,1655 2694,1654"/>
        <Word id="word_57712ec4-9248-4852-a699-962fcf5bb654">
          <Coords points="874,1667 924,1661 977,1660 1006,1659 1008,1704 978,1705 929,1706 879,1712"/>
          <TextEquiv>
            <Unicode>oost</Unicode>
          </TextEquiv>
        </Word>
        <Word id="word_9b692aef-1f18-4d3b-8e3c-044c2820d43a">
          <Coords points="1038,1658 1077,1656 1127,1655 1177,1654 1227,1653 1277,1651 1299,1651 1299,1696 1278,1696 1228,1698 1178,1699 1128,1700 1078,1701 1040,1703"/>
          <TextEquiv>
            <Unicode>Jndische</Unicode>
          </TextEquiv>
        </Word>
        <Word id="word_51673d22-bc55-48bd-8116-4a7d1798a871">
          <Coords points="1331,1651 1377,1650 1428,1650 1477,1649 1527,1647 1557,1645 1559,1690 1528,1692 1478,1694 1428,1695 1378,1695 1332,1696"/>
          <TextEquiv>
            <Unicode>Comp=e,</Unicode>
          </TextEquiv>
        </Word>
        <Word id="word_8696faea-0f60-4f0f-8c05-fa0e5d640dcf">
          <Coords points="1592,1643 1629,1644 1677,1642 1689,1642 1689,1687 1678,1687 1628,1689 1591,1688"/>
          <TextEquiv>
            <Unicode>bij</Unicode>
          </TextEquiv>
        </Word>
        <Word id="word_a0f87978-4058-49e5-a6ac-4ecfb3011f8d">
          <Coords points="1721,1642 1728,1642 1778,1642 1827,1640 1850,1640 1851,1685 1828,1685 1778,1687 1728,1687 1721,1687"/>
          <TextEquiv>
            <Unicode>onse</Unicode>
          </TextEquiv>
        </Word>
        <Word id="word_85cc49ff-7e62-4b07-a28a-b0364655cec6">
          <Coords points="1883,1639 1928,1639 1977,1638 2027,1637 2045,1637 2045,1682 2028,1682 1978,1683 1928,1684 1883,1684"/>
          <TextEquiv>
            <Unicode>manne</Unicode>
          </TextEquiv>
        </Word>
        <Word id="word_062068da-b3d0-43cd-8fbe-e4b1237b0c15">
          <Coords points="2078,1637 2078,1637 2127,1636 2179,1637 2227,1636 2277,1634 2326,1631 2369,1630 2370,1675 2329,1676 2278,1679 2228,1681 2178,1682 2128,1681 2078,1682 2078,1682"/>
          <TextEquiv>
            <Unicode>waerheijt</Unicode>
          </TextEquiv>
        </Word>
        <Word id="word_0264519e-a2b3-42b1-9497-41bcbfaf2e91">
          <Coords points="2401,1630 2427,1629 2466,1628 2467,1673 2428,1674 2402,1675"/>
          <TextEquiv>
            <Unicode>in</Unicode>
          </TextEquiv>
        </Word>
        <Word id="word_e42f7d60-e41e-46ee-a678-b1f683a026f0">
          <Coords points="2496,1628 2525,1625 2576,1622 2627,1621 2677,1620 2692,1619 2695,1664 2678,1665 2628,1666 2579,1667 2529,1670 2500,1673"/>
          <TextEquiv>
            <Unicode>plaets</Unicode>
          </TextEquiv>
        </Word>
        <TextEquiv conf="0.9186658615419302">
          <Unicode>oost Jndische Comp=e, bij onse manne waerheijt in plaets</Unicode>
        </TextEquiv>
        <TextStyle xHeight="32"/>
      </TextLine>
      <TextLine id="line_3f31eb3e-c08e-4009-87b5-e740e9947c81">
        <Coords points="839,1718 921,1718 972,1765 1038,1762 1080,1730 1105,1754 1177,1759 1241,1695 1374,1695 1385,1706 1465,1714 1697,1718 1719,1737 1733,1727 1806,1730 1873,1690 1889,1690 1913,1710 2068,1715 2114,1683 2125,1694 2149,1694 2173,1715 2185,1707 2273,1706 2285,1715 2333,1715 2353,1726 2377,1727 2401,1703 2465,1699 2509,1671 2558,1667 2569,1678 2585,1678 2609,1702 2670,1702 2669,1767 2655,1759 2643,1768 2497,1764 2425,1772 2377,1803 2173,1798 2137,1830 2119,1825 2109,1832 2077,1829 2033,1786 1921,1787 1901,1803 1652,1802 1640,1790 1497,1790 1461,1815 1313,1815 1278,1849 1245,1817 1157,1818 1122,1853 1098,1861 1088,1853 973,1850 921,1802 839,1807"/>
        <Baseline points="869,1792 919,1792 969,1789 1019,1787 1069,1786 1119,1785 1169,1785 1219,1784 1269,1782 1319,1781 1369,1780 1419,1780 1469,1779 1519,1778 1569,1777 1619,1776 1669,1775 1719,1774 1769,1773 1819,1774 1869,1772 1919,1772 1969,1771 2019,1770 2069,1770 2119,1770 2169,1769 2219,1767 2269,1766 2319,1765 2369,1763 2419,1761 2469,1758 2519,1757 2569,1754 2619,1752 2641,1750"/>
        <Word id="word_25467607-c3c9-464d-a667-52983b8ca2b5">
          <Coords points="869,1757 919,1757 967,1754 984,1753 986,1798 970,1799 919,1802 869,1802"/>
          <TextEquiv>
            <Unicode>ende</Unicode>
          </TextEquiv>
        </Word>
        <Word id="word_111c3e8c-d93a-4c4e-bf6c-8a212935e8d4">
          <Coords points="1013,1752 1018,1752 1068,1751 1118,1750 1159,1750 1159,1795 1119,1795 1069,1796 1019,1797 1015,1797"/>
          <TextEquiv>
            <Unicode>onder</Unicode>
          </TextEquiv>
        </Word>
        <Word id="word_3a2c4d39-d251-4656-a40a-47f3af35a70e">
          <Coords points="1187,1750 1218,1749 1268,1747 1318,1746 1368,1745 1419,1745 1468,1744 1507,1743 1508,1788 1469,1789 1419,1790 1369,1790 1319,1791 1269,1792 1219,1794 1189,1795"/>
          <TextEquiv>
            <Unicode>presentatie</Unicode>
          </TextEquiv>
        </Word>
        <Word id="word_bfda0783-32ca-443a-b95d-acba011f1638">
          <Coords points="1536,1743 1568,1742 1618,1741 1624,1741 1625,1786 1619,1786 1569,1787 1537,1788"/>
          <TextEquiv>
            <Unicode>van</Unicode>
          </TextEquiv>
        </Word>
        <Word id="word_dcf0533e-b373-4b84-ba6a-04e2da953e0e">
          <Coords points="1653,1740 1668,1740 1718,1739 1768,1738 1770,1738 1769,1783 1769,1783 1719,1784 1669,1785 1654,1785"/>
          <TextEquiv>
            <Unicode>Eede</Unicode>
          </TextEquiv>
        </Word>
        <Word id="word_086ed690-bef1-407a-bb5c-f70ecd73c20c">
          <Coords points="1799,1739 1820,1739 1868,1737 1919,1737 1943,1737 1944,1781 1919,1782 1869,1782 1819,1784 1799,1784"/>
          <TextEquiv>
            <Unicode>(:des</Unicode>
          </TextEquiv>
        </Word>
        <Word id="word_577b815a-1386-4405-ac91-5903b94a1362">
          <Coords points="1972,1736 2018,1735 2069,1735 2089,1735 2089,1780 2069,1780 2019,1780 1973,1781"/>
          <TextEquiv>
            <Unicode>noot</Unicode>
          </TextEquiv>
        </Word>
        <Word id="word_b5420832-8de4-40ac-b61b-9af9d3c8303d">
          <Coords points="2118,1735 2119,1735 2168,1734 2218,1732 2268,1731 2292,1731 2293,1776 2269,1776 2219,1777 2169,1779 2119,1780 2118,1780"/>
          <TextEquiv>
            <Unicode>sijnde</Unicode>
          </TextEquiv>
        </Word>
        <Word id="word_9fbca932-36cf-4b70-9a6d-7bb82d4ccb50">
          <Coords points="2320,1730 2368,1728 2378,1728 2380,1773 2369,1773 2322,1775"/>
          <TextEquiv>
            <Unicode>:)</Unicode>
          </TextEquiv>
        </Word>
        <Word id="word_2dde20e6-ee58-4623-8b1e-7be71ff0a0c5">
          <Coords points="2407,1726 2418,1726 2467,1723 2495,1722 2496,1767 2470,1768 2419,1771 2409,1771"/>
          <TextEquiv>
            <Unicode>hoe</Unicode>
          </TextEquiv>
        </Word>
        <Word id="word_d4b90562-4511-4507-947a-cc7eafaf3502">
          <Coords points="2523,1722 2567,1719 2618,1717 2638,1715 2642,1760 2619,1762 2570,1764 2526,1767"/>
          <TextEquiv>
            <Unicode>waer</Unicode>
          </TextEquiv>
        </Word>
        <TextEquiv conf="0.9271944807357902">
          <Unicode>ende onder presentatie van Eede (:des noot sijnde :) hoe waer</Unicode>
        </TextEquiv>
        <TextStyle xHeight="34"/>
      </TextLine>
      <TextLine id="d9a323ff-838c-4101-ae75-823ef8bfe4d8">
        <Coords points="839,1804 921,1803 969,1847 989,1854 1105,1859 1149,1819 1244,1819 1277,1849 1313,1816 1457,1816 1497,1791 1645,1791 1665,1807 1793,1812 1881,1808 1921,1788 2033,1787 2073,1827 2110,1831 2118,1823 2137,1832 2173,1799 2377,1804 2425,1772 2497,1764 2644,1768 2665,1756 2679,1769 2689,1763 2730,1799 2746,1799 2746,1862 2735,1852 2668,1873 2445,1872 2429,1885 2197,1884 2149,1893 2113,1925 2101,1916 1965,1916 1953,1908 1909,1908 1893,1896 1842,1889 1813,1889 1781,1921 1765,1925 1641,1920 1625,1929 1529,1933 1473,1932 1429,1888 1381,1889 1353,1913 1313,1913 1293,1933 1268,1921 1241,1941 1197,1912 1025,1904 1013,1892 941,1893 901,1925 839,1920"/>
        <Baseline points="869,1883 919,1884 969,1882 1019,1882 1069,1881 1119,1879 1169,1879 1219,1878 1269,1878 1319,1878 1369,1879 1419,1878 1469,1878 1519,1877 1569,1876 1619,1875 1669,1873 1719,1873 1769,1872 1819,1871 1869,1871 1919,1871 1969,1871 2019,1870 2069,1869 2119,1869 2169,1869 2219,1869 2269,1869 2319,1868 2369,1866 2419,1863 2469,1862 2519,1860 2569,1857 2619,1855 2669,1852 2717,1847"/>
        <Word id="word_be578a58-f002-42f3-8675-8db5d9c86df9">
          <Coords points="870,1848 920,1849 968,1847 981,1847 981,1892 969,1892 919,1894 869,1893"/>
          <TextEquiv>
            <Unicode>ende</Unicode>
          </TextEquiv>
        </Word>
        <Word id="word_c477e7b8-1a90-4dc8-9067-16b6ac79de64">
          <Coords points="1009,1847 1019,1847 1068,1846 1118,1844 1169,1844 1218,1843 1269,1843 1317,1843 1317,1888 1269,1888 1219,1888 1169,1889 1119,1889 1069,1891 1019,1892 1009,1892"/>
          <TextEquiv>
            <Unicode>waerachtich</Unicode>
          </TextEquiv>
        </Word>
        <Word id="word_5e6ebf02-bb5d-40ad-8609-a4c60d2aa39e">
          <Coords points="1347,1843 1370,1844 1400,1843 1401,1888 1369,1889 1345,1888"/>
          <TextEquiv>
            <Unicode>is</Unicode>
          </TextEquiv>
        </Word>
        <Word id="word_5ed9ba46-f37a-4e25-b76b-cfc80f174a32">
          <Coords points="1429,1843 1469,1843 1512,1842 1513,1887 1469,1888 1429,1888"/>
          <TextEquiv>
            <Unicode>dat</Unicode>
          </TextEquiv>
        </Word>
        <Word id="word_3a26f5c8-748d-4c54-83f7-152327425674">
          <Coords points="1540,1842 1568,1841 1568,1841 1569,1886 1569,1886 1541,1887"/>
          <TextEquiv>
            <Unicode>t</Unicode>
          </TextEquiv>
        </Word>
        <Word id="word_8541183a-2cb6-445d-863e-dfd10cb21372">
          <Coords points="1596,1840 1618,1840 1668,1838 1719,1838 1737,1838 1737,1883 1719,1883 1669,1883 1619,1885 1597,1885"/>
          <TextEquiv>
            <Unicode>Jacht</Unicode>
          </TextEquiv>
        </Word>
        <Word id="word_ce99f3b0-34f5-45a0-b0ee-b6be9782ac71">
          <Coords points="1765,1837 1768,1837 1818,1836 1821,1836 1821,1881 1819,1881 1769,1882 1765,1882"/>
          <TextEquiv>
            <Unicode>d'</Unicode>
          </TextEquiv>
        </Word>
        <Word id="word_f179834c-9e34-4540-ab01-c6222f06a21b">
          <Coords points="1849,1836 1869,1836 1919,1836 1969,1836 2018,1835 2068,1834 2119,1834 2129,1834 2129,1879 2119,1879 2069,1879 2019,1880 1969,1881 1919,1881 1869,1881 1849,1881"/>
          <TextEquiv>
            <Unicode>Schelvisch</Unicode>
          </TextEquiv>
        </Word>
        <Word id="word_80bda3aa-0450-4fb9-91d6-403581e39f75">
          <Coords points="2157,1834 2169,1834 2219,1834 2269,1834 2297,1833 2298,1878 2269,1879 2219,1879 2169,1879 2157,1879"/>
          <TextEquiv>
            <Unicode>dato:</Unicode>
          </TextEquiv>
        </Word>
        <Word id="word_700d27e0-23bf-46a6-b744-cf90b2a12e78">
          <Coords points="2324,1833 2367,1831 2417,1828 2465,1827 2466,1872 2420,1873 2369,1876 2326,1878"/>
          <TextEquiv>
            <Unicode>10=en</Unicode>
          </TextEquiv>
        </Word>
        <Word id="word_f47ff265-1ae7-42bd-850f-e0f27f0d1539">
          <Coords points="2491,1827 2517,1825 2567,1822 2618,1820 2667,1817 2713,1812 2718,1857 2670,1862 2619,1865 2570,1867 2520,1870 2494,1871"/>
          <TextEquiv>
            <Unicode>Courant,</Unicode>
          </TextEquiv>
        </Word>
        <TextEquiv conf="0.9118580189124224">
          <Unicode>ende waerachtich is dat t Jacht d' Schelvisch dato: 10=en Courant,</Unicode>
        </TextEquiv>
        <TextStyle xHeight="35"/>
      </TextLine>
      <TextLine id="fa11dabf-c038-4e38-8334-ad848d3f8e2a">
        <Coords points="843,1920 901,1925 941,1893 1013,1892 1025,1904 1197,1912 1233,1939 1245,1940 1269,1921 1293,1933 1313,1913 1353,1913 1381,1889 1429,1888 1477,1933 1625,1929 1641,1920 1731,1920 1741,1928 1781,1921 1813,1889 1842,1889 1893,1896 1909,1908 1953,1908 1965,1916 2101,1916 2113,1925 2149,1893 2189,1889 2197,1882 2413,1870 2469,1873 2505,1906 2590,1906 2590,1968 2453,1971 2421,1998 2381,2002 2367,2016 2356,2010 2341,2025 2309,2025 2297,2034 2245,2029 2217,2001 2137,2001 2113,1978 2018,1975 1792,1982 1737,2036 1677,2029 1630,1982 1549,1982 1505,1990 1441,1985 1367,2053 1346,2041 1241,2041 1217,2017 1073,2017 1038,1982 917,1986 843,2018"/>
        <Baseline points="873,1980 923,1978 973,1976 1023,1975 1073,1974 1123,1973 1173,1973 1223,1974 1273,1976 1323,1975 1373,1976 1423,1976 1473,1977 1523,1977 1573,1976 1623,1975 1673,1974 1723,1973 1773,1971 1823,1970 1873,1970 1923,1970 1973,1968 2023,1967 2073,1966 2123,1965 2173,1964 2223,1963 2273,1962 2323,1961 2373,1960 2423,1959 2473,1957 2523,1955 2561,1953"/>
        <Word id="word_2588c45e-6f29-4c2b-a5c8-a1987b895bb7">
          <Coords points="872,1945 922,1943 972,1941 987,1941 988,1986 973,1986 923,1988 873,1990"/>
          <TextEquiv>
            <Unicode>opt</Unicode>
          </TextEquiv>
        </Word>
        <Word id="word_9f9fbb36-084e-4de9-a781-7d1596aafce4">
          <Coords points="1026,1940 1072,1939 1122,1938 1173,1938 1224,1939 1274,1941 1322,1940 1374,1941 1423,1941 1474,1942 1487,1942 1487,1987 1473,1987 1423,1986 1373,1986 1323,1985 1273,1986 1223,1984 1173,1983 1123,1983 1073,1984 1027,1985"/>
          <TextEquiv>
            <Unicode>affscheijden</Unicode>
          </TextEquiv>
        </Word>
        <Word id="word_48a7f9e7-1904-4bf6-972e-2fd95d2fbbab">
          <Coords points="1524,1942 1572,1941 1622,1940 1640,1940 1641,1985 1623,1985 1573,1986 1525,1987"/>
          <TextEquiv>
            <Unicode>van</Unicode>
          </TextEquiv>
        </Word>
        <Word id="word_28d9ec54-34c9-4380-afcd-3158569acdd3">
          <Coords points="1678,1939 1722,1938 1772,1936 1822,1935 1873,1935 1923,1935 1946,1934 1948,1979 1923,1980 1873,1980 1823,1980 1773,1981 1723,1983 1679,1984"/>
          <TextEquiv>
            <Unicode>Bassora</Unicode>
          </TextEquiv>
        </Word>
        <Word id="word_ee761979-1d0f-4212-92eb-f972fc622b46">
          <Coords points="1985,1933 2023,1932 2072,1931 2122,1930 2172,1929 2215,1928 2216,1973 2173,1974 2123,1975 2073,1976 2023,1977 1986,1977"/>
          <TextEquiv>
            <Unicode>door't</Unicode>
          </TextEquiv>
        </Word>
        <Word id="word_33ad16e7-b11f-4c18-a40b-d5bb8da91ebb">
          <Coords points="2253,1927 2272,1927 2322,1926 2372,1925 2422,1924 2472,1922 2522,1920 2559,1918 2562,1963 2523,1965 2473,1967 2423,1969 2373,1970 2323,1971 2273,1972 2254,1972"/>
          <TextEquiv>
            <Unicode>springen</Unicode>
          </TextEquiv>
        </Word>
        <TextEquiv conf="0.9091996244672557">
          <Unicode>opt affscheijden van Bassora door't springen</Unicode>
        </TextEquiv>
        <TextStyle xHeight="33"/>
      </TextLine>
      <TextLine id="fabdf11c-735b-45e4-9f86-26462959f8fa">
        <Coords points="828,2018 846,2018 858,2006 886,2002 918,1986 1035,1982 1070,2017 1218,2017 1250,2043 1346,2043 1368,2054 1438,1986 1450,1993 1526,1994 1534,1986 1631,1982 1678,2029 1738,2036 1795,1981 2114,1977 2138,2001 2218,2001 2246,2029 2293,2034 2337,2005 2406,2002 2450,1974 2606,1973 2634,2001 2665,1998 2673,2005 2679,1998 2679,2060 2258,2063 2206,2113 2178,2128 2150,2128 2118,2097 2062,2093 2023,2105 1982,2105 1974,2113 1898,2117 1882,2116 1850,2093 1794,2093 1766,2117 1754,2117 1720,2085 1606,2081 1599,2074 1378,2086 1310,2086 1299,2078 828,2082"/>
        <Baseline points="858,2075 908,2073 958,2072 1008,2071 1058,2070 1108,2070 1158,2070 1208,2070 1258,2071 1308,2070 1358,2070 1408,2068 1458,2068 1508,2067 1558,2066 1608,2065 1658,2064 1708,2064 1758,2063 1808,2062 1858,2062 1908,2063 1958,2062 2008,2062 2058,2062 2108,2061 2158,2059 2208,2057 2258,2055 2308,2055 2358,2053 2408,2052 2458,2050 2508,2050 2558,2049 2608,2048 2650,2045"/>
        <Word id="word_7b381624-c408-4ece-878d-563b66f73b3c">
          <Coords points="857,2040 907,2038 957,2037 1007,2036 1026,2036 1027,2081 1008,2081 958,2082 908,2083 858,2085"/>
          <TextEquiv>
            <Unicode>eenes</Unicode>
          </TextEquiv>
        </Word>
        <Word id="word_27b0ac0d-cb42-4644-b3ac-4a502bf8904e">
          <Coords points="1061,2035 1108,2035 1158,2035 1208,2035 1259,2036 1263,2036 1264,2081 1258,2081 1208,2080 1158,2080 1108,2080 1061,2080"/>
          <TextEquiv>
            <Unicode>Canons</Unicode>
          </TextEquiv>
        </Word>
        <Word id="word_b1848022-d89a-4610-865f-e1cf6e1899d0">
          <Coords points="1297,2035 1307,2035 1358,2035 1398,2033 1399,2078 1358,2080 1308,2080 1298,2080"/>
          <TextEquiv>
            <Unicode>tot</Unicode>
          </TextEquiv>
        </Word>
        <Word id="word_ef9c88e7-cf82-46fc-83ba-b684d4ea3d49">
          <Coords points="1434,2032 1459,2033 1507,2032 1534,2031 1534,2076 1508,2077 1458,2078 1432,2077"/>
          <TextEquiv>
            <Unicode>een</Unicode>
          </TextEquiv>
        </Word>
        <Word id="word_519c3178-0719-4cbc-ba3f-05ece06d3a36">
          <Coords points="1567,2031 1607,2030 1657,2029 1708,2029 1736,2028 1737,2073 1708,2074 1658,2074 1608,2075 1568,2076"/>
          <TextEquiv>
            <Unicode>adjeu</Unicode>
          </TextEquiv>
        </Word>
        <Word id="word_b3c88777-f056-4ce5-8ec2-471afe02f14e">
          <Coords points="1770,2028 1807,2027 1858,2027 1909,2028 1957,2027 1974,2027 1974,2072 1958,2072 1908,2073 1858,2072 1808,2072 1771,2073"/>
          <TextEquiv>
            <Unicode>schoot</Unicode>
          </TextEquiv>
        </Word>
        <Word id="word_b9149853-e886-4dbe-b7a8-73263bafcc64">
          <Coords points="2008,2027 2008,2027 2058,2027 2107,2026 2157,2024 2207,2022 2209,2022 2211,2067 2208,2067 2158,2069 2108,2071 2058,2072 2008,2072 2008,2072"/>
          <TextEquiv>
            <Unicode>gelost</Unicode>
          </TextEquiv>
        </Word>
        <Word id="word_20bfec78-1e1d-48db-befd-2a924cd46784">
          <Coords points="2243,2021 2257,2020 2308,2020 2311,2020 2312,2065 2308,2065 2258,2065 2245,2066"/>
          <TextEquiv>
            <Unicode>in</Unicode>
          </TextEquiv>
        </Word>
        <Word id="word_cd46fa68-6abd-4461-98ab-2712aa42af20">
          <Coords points="2344,2019 2357,2018 2407,2017 2446,2015 2448,2060 2408,2062 2358,2063 2346,2063"/>
          <TextEquiv>
            <Unicode>den</Unicode>
          </TextEquiv>
        </Word>
        <Word id="word_4adc349c-3d19-4d84-a834-c1270f663384">
          <Coords points="2482,2014 2509,2015 2557,2014 2607,2013 2647,2010 2651,2055 2608,2058 2558,2059 2508,2060 2481,2059"/>
          <TextEquiv>
            <Unicode>brant</Unicode>
          </TextEquiv>
        </Word>
        <TextEquiv conf="0.9181452213262752">
          <Unicode>eenes Canons tot een adjeu schoot gelost in den brant</Unicode>
        </TextEquiv>
        <TextStyle xHeight="30"/>
      </TextLine>
      <TextLine id="line_404a9095-dfc2-453c-85c7-2dc3c879473f">
        <Coords points="233,2057 352,2049 371,2058 474,2049 491,2058 751,2053 787,2082 1299,2078 1310,2086 1378,2086 1599,2074 1606,2081 1720,2085 1757,2118 1766,2118 1794,2093 1850,2093 1886,2118 1974,2114 1982,2106 2022,2106 2062,2093 2176,2105 2194,2121 2257,2062 2430,2058 2453,2081 2657,2081 2669,2093 2682,2093 2682,2156 2665,2166 2485,2161 2469,2174 2257,2174 2233,2194 2161,2194 2139,2177 2081,2177 2046,2209 2025,2209 2013,2197 1914,2197 1877,2170 1754,2174 1722,2193 1646,2189 1630,2173 1615,2170 1502,2170 1482,2186 1463,2189 1361,2190 1266,2190 1246,2174 1194,2174 1162,2198 1114,2185 1103,2174 962,2174 918,2178 858,2225 819,2233 788,2232 772,2216 727,2212 711,2200 591,2200 575,2185 451,2185 432,2166 399,2170 377,2188 351,2182 343,2190 289,2189 233,2201"/>
        <Baseline points="263,2165 313,2156 363,2158 413,2157 463,2158 513,2157 563,2158 613,2159 663,2160 713,2162 763,2162 813,2164 863,2165 913,2166 963,2167 1013,2166 1063,2165 1113,2165 1163,2165 1213,2165 1263,2165 1313,2164 1363,2164 1413,2164 1463,2164 1513,2162 1563,2162 1613,2162 1663,2162 1713,2161 1763,2161 1813,2161 1863,2161 1913,2161 1963,2161 2013,2161 2063,2160 2113,2159 2163,2158 2213,2156 2263,2154 2313,2152 2363,2151 2413,2149 2463,2148 2513,2146 2563,2144 2613,2142 2653,2141"/>
        <Word id="word_7327b9a8-7454-4364-9c3d-828d2cdacaf2">
          <Coords points="257,2131 286,2125 294,2170 265,2175"/>
          <TextEquiv>
            <Unicode>e</Unicode>
          </TextEquiv>
        </Word>
        <Word id="word_cd935047-ab1e-48cf-a2d0-ead085d65a37">
          <Coords points="324,2120 366,2123 409,2122 410,2167 362,2168 320,2165"/>
          <TextEquiv>
            <Unicode>Jan</Unicode>
          </TextEquiv>
        </Word>
        <Word id="word_350883b0-ef67-4239-bae0-f9c7c2e6f3d2">
          <Coords points="441,2122 465,2123 512,2122 564,2123 587,2123 586,2168 563,2168 513,2167 462,2168 438,2166"/>
          <TextEquiv>
            <Unicode>Jansz</Unicode>
          </TextEquiv>
        </Word>
        <Word id="word_7ae17dee-a275-4a9d-9632-d5b3dcd3021e">
          <Coords points="617,2124 664,2125 706,2127 704,2172 663,2170 616,2169"/>
          <TextEquiv>
            <Unicode>van</Unicode>
          </TextEquiv>
        </Word>
        <Word id="word_226a8c37-cce3-4f5d-a525-ddad07e986cd">
          <Coords points="733,2128 762,2127 814,2129 864,2130 882,2130 881,2175 863,2175 813,2174 763,2172 734,2173"/>
          <TextEquiv>
            <Unicode>Wesel</Unicode>
          </TextEquiv>
        </Word>
        <Word id="word_28853d7b-d65b-4587-bc0c-a47004c07174">
          <Coords points="912,2131 914,2131 964,2132 1012,2131 1062,2130 1113,2130 1163,2130 1177,2130 1177,2175 1163,2175 1113,2175 1063,2175 1013,2176 963,2177 913,2176 911,2176"/>
          <TextEquiv>
            <Unicode>geraeckt,</Unicode>
          </TextEquiv>
        </Word>
        <Word id="word_cd492a23-d329-4b7e-91c8-6b8dead17a9f">
          <Coords points="1206,2130 1213,2130 1263,2130 1312,2129 1325,2129 1325,2174 1313,2174 1263,2175 1213,2175 1206,2175"/>
          <TextEquiv>
            <Unicode>niet</Unicode>
          </TextEquiv>
        </Word>
        <Word id="word_a5979c79-cf71-44ce-a841-38b64ef9ed59">
          <Coords points="1354,2129 1363,2129 1413,2129 1443,2129 1443,2174 1413,2174 1363,2174 1354,2174"/>
          <TextEquiv>
            <Unicode>eer</Unicode>
          </TextEquiv>
        </Word>
        <Word id="word_5b6677d2-db63-4312-bb60-862135ad6b0c">
          <Coords points="1470,2129 1511,2127 1563,2127 1613,2127 1663,2127 1708,2126 1708,2171 1663,2172 1613,2172 1563,2172 1513,2172 1473,2174"/>
          <TextEquiv>
            <Unicode>verlaten</Unicode>
          </TextEquiv>
        </Word>
        <Word id="word_dfc3e80a-1095-4fd6-9637-58eb7af4390f">
          <Coords points="1738,2126 1764,2126 1813,2126 1856,2126 1856,2171 1813,2171 1763,2171 1738,2171"/>
          <TextEquiv>
            <Unicode>ende</Unicode>
          </TextEquiv>
        </Word>
        <Word id="word_a4eda483-be29-4859-b4aa-1b7ec93a75d2">
          <Coords points="1885,2126 1913,2126 1963,2126 2013,2126 2062,2125 2112,2124 2121,2124 2122,2169 2113,2169 2063,2170 2013,2171 1963,2171 1913,2171 1885,2171"/>
          <TextEquiv>
            <Unicode>geruijmt</Unicode>
          </TextEquiv>
        </Word>
        <Word id="word_fe356fd8-9070-4aaa-a905-50c3fd2102c6">
          <Coords points="2150,2123 2162,2123 2209,2121 2210,2166 2163,2168 2151,2168"/>
          <TextEquiv>
            <Unicode>is</Unicode>
          </TextEquiv>
        </Word>
        <Word id="word_2945e5d5-11aa-4fcd-b541-ba7f5ab99237">
          <Coords points="2238,2120 2262,2119 2312,2117 2362,2116 2412,2114 2462,2113 2504,2111 2506,2156 2463,2158 2413,2159 2363,2161 2313,2162 2263,2164 2240,2165"/>
          <TextEquiv>
            <Unicode>geworden,</Unicode>
          </TextEquiv>
        </Word>
        <Word id="word_842efb0a-9514-4a01-ae2a-3ebd773e4aa0">
          <Coords points="2533,2110 2562,2109 2612,2107 2652,2106 2653,2151 2613,2152 2563,2154 2535,2155"/>
          <TextEquiv>
            <Unicode>voor</Unicode>
          </TextEquiv>
        </Word>
        <TextEquiv conf="0.8800459965292464">
          <Unicode>e Jan Jansz van Wesel geraeckt, niet eer verlaten ende geruijmt is geworden, voor</Unicode>
        </TextEquiv>
        <TextStyle xHeight="34"/>
      </TextLine>
      <TextLine id="fbaeed1e-1768-4081-a792-5a3608d256c2">
        <Coords points="827,2228 866,2220 921,2176 1041,2172 1102,2172 1140,2207 1197,2172 1244,2172 1269,2192 1465,2192 1493,2176 1633,2175 1649,2191 1721,2193 1747,2171 1877,2168 1909,2197 2013,2197 2025,2208 2045,2208 2081,2175 2138,2175 2165,2196 2225,2192 2261,2175 2465,2175 2662,2186 2662,2248 2581,2249 2538,2291 2473,2291 2456,2301 2402,2249 2125,2256 2023,2263 2005,2271 1921,2267 1905,2276 1865,2272 1821,2315 1793,2314 1749,2271 1725,2267 1393,2268 1273,2276 1261,2268 1221,2268 1177,2303 1127,2303 1115,2295 1105,2302 1093,2291 989,2292 966,2272 929,2272 909,2288 827,2287"/>
        <Baseline points="857,2262 907,2264 957,2265 1007,2263 1057,2263 1107,2261 1157,2261 1207,2261 1257,2261 1307,2260 1357,2260 1407,2260 1457,2260 1507,2260 1557,2259 1607,2257 1657,2257 1707,2256 1757,2254 1807,2255 1857,2255 1907,2255 1957,2254 2007,2253 2057,2251 2107,2250 2157,2248 2207,2246 2257,2246 2307,2244 2357,2242 2407,2240 2457,2238 2507,2235 2557,2233 2607,2231 2633,2233"/>
        <Word id="word_d623317b-5c36-41a6-9fa2-b5f78a1b4721">
          <Coords points="858,2227 908,2229 958,2230 972,2229 974,2274 957,2275 907,2274 857,2272"/>
          <TextEquiv>
            <Unicode>ende</Unicode>
          </TextEquiv>
        </Word>
        <Word id="word_e54280d5-f69c-4d46-a912-a7ecc3d00b76">
          <Coords points="1001,2228 1006,2228 1057,2228 1106,2226 1157,2226 1177,2226 1177,2271 1157,2271 1107,2271 1057,2273 1007,2273 1003,2273"/>
          <TextEquiv>
            <Unicode>alleer</Unicode>
          </TextEquiv>
        </Word>
        <Word id="word_b87fb9bd-9bdd-41a6-8f99-c3e40b143484">
          <Coords points="1206,2226 1207,2226 1257,2226 1306,2225 1323,2225 1323,2270 1307,2270 1257,2271 1207,2271 1206,2271"/>
          <TextEquiv>
            <Unicode>gem:</Unicode>
          </TextEquiv>
        </Word>
        <Word id="word_9cb0e94e-6b24-4814-99d1-579653a09db5">
          <Coords points="1352,2225 1357,2225 1407,2225 1457,2225 1507,2225 1526,2225 1527,2270 1507,2270 1457,2270 1407,2270 1357,2270 1352,2270"/>
          <TextEquiv>
            <Unicode>brant,</Unicode>
          </TextEquiv>
        </Word>
        <Word id="word_c3513b3c-62da-4c1e-a178-f36f339754d5">
          <Coords points="1555,2224 1556,2224 1606,2222 1643,2222 1643,2267 1607,2267 1557,2269 1556,2269"/>
          <TextEquiv>
            <Unicode>ter</Unicode>
          </TextEquiv>
        </Word>
        <Word id="word_9147cc95-7acc-431b-9954-f33d87b6fced">
          <Coords points="1671,2222 1706,2221 1756,2219 1808,2220 1857,2220 1876,2220 1876,2265 1857,2265 1807,2265 1757,2264 1707,2266 1673,2267"/>
          <TextEquiv>
            <Unicode>eerster</Unicode>
          </TextEquiv>
        </Word>
        <Word id="word_c28bea9e-8a2d-48e6-a76f-93cff83c65a7">
          <Coords points="1905,2220 1907,2220 1956,2219 2006,2218 2056,2216 2106,2215 2156,2213 2166,2213 2168,2258 2157,2258 2107,2260 2057,2261 2007,2263 1957,2264 1907,2265 1905,2265"/>
          <TextEquiv>
            <Unicode>instantie</Unicode>
          </TextEquiv>
        </Word>
        <Word id="word_92dd4d58-3a39-4de4-bdd9-12b8804cfe88">
          <Coords points="2195,2211 2206,2211 2257,2211 2306,2209 2312,2209 2313,2254 2307,2254 2257,2256 2207,2256 2197,2256"/>
          <TextEquiv>
            <Unicode>door</Unicode>
          </TextEquiv>
        </Word>
        <Word id="word_82baaa1b-bf0f-486f-9c54-fe129250da59">
          <Coords points="2341,2208 2356,2207 2406,2205 2428,2204 2430,2249 2407,2250 2357,2252 2342,2253"/>
          <TextEquiv>
            <Unicode>d=o</Unicode>
          </TextEquiv>
        </Word>
        <Word id="word_c6cd8491-b4a9-4797-ac86-17ec59a2521b">
          <Coords points="2456,2203 2505,2200 2556,2198 2606,2196 2636,2198 2632,2243 2607,2241 2557,2243 2508,2245 2459,2248"/>
          <TextEquiv>
            <Unicode>schoot</Unicode>
          </TextEquiv>
        </Word>
        <TextEquiv conf="0.9197319808078032">
          <Unicode>ende alleer gem: brant, ter eerster instantie door d=o schoot</Unicode>
        </TextEquiv>
        <TextStyle xHeight="31"/>
      </TextLine>
      <TextLine id="line_55e6d122-20a9-4345-8ea2-e90c08678b26">
        <Coords points="211,2260 217,2254 225,2259 297,2200 368,2200 396,2188 417,2188 432,2203 444,2204 464,2185 576,2184 592,2199 711,2199 743,2215 792,2215 792,2277 783,2267 731,2279 576,2274 536,2311 293,2302 256,2315 233,2338 211,2334"/>
        <Baseline points="241,2278 291,2278 341,2274 391,2269 441,2267 491,2266 541,2265 591,2264 641,2262 691,2261 741,2261 763,2262"/>
        <Word id="word_1101c1b7-1c7c-491b-ab33-4b3f396b1a04">
          <Coords points="241,2243 291,2243 308,2242 311,2286 291,2288 241,2288"/>
          <TextEquiv>
            <Unicode>ed</Unicode>
          </TextEquiv>
        </Word>
        <Word id="word_b0a350ad-7a19-45e8-97b2-55d029dcef6f">
          <Coords points="342,2239 387,2234 440,2232 484,2231 485,2276 441,2277 392,2279 346,2284"/>
          <TextEquiv>
            <Unicode>Hans</Unicode>
          </TextEquiv>
        </Word>
        <Word id="word_374cd681-53ea-4aa6-865d-526cebf11b51">
          <Coords points="519,2230 540,2230 590,2229 640,2227 690,2226 741,2226 765,2227 763,2272 741,2271 691,2271 641,2272 591,2274 541,2275 519,2275"/>
          <TextEquiv>
            <Unicode>fledder</Unicode>
          </TextEquiv>
        </Word>
        <TextEquiv conf="0.7136178495524141">
          <Unicode>ed Hans fledder</Unicode>
        </TextEquiv>
        <TextStyle xHeight="37"/>
      </TextLine>
      <TextLine id="line_3c95db54-8db2-40d1-bf1d-fb42e45d314f">
        <Coords points="247,2304 269,2301 285,2313 309,2317 366,2317 377,2309 541,2310 565,2286 689,2282 769,2269 793,2269 809,2285 849,2290 913,2286 925,2274 1082,2270 1109,2285 1130,2285 1157,2306 1193,2298 1221,2270 1262,2270 1268,2276 1604,2278 1752,2273 1792,2313 1820,2314 1863,2273 2015,2271 2026,2262 2072,2258 2405,2250 2448,2289 2512,2293 2539,2290 2564,2267 2617,2267 2617,2329 2456,2327 2356,2335 2340,2347 2216,2339 2196,2351 2028,2355 2016,2367 1720,2374 1688,2391 1654,2395 1532,2395 1520,2386 1444,2386 1405,2422 1385,2414 1317,2410 1297,2394 1181,2394 1140,2427 1117,2410 1065,2410 1038,2383 869,2387 853,2403 829,2403 785,2447 389,2447 370,2462 357,2451 247,2450"/>
        <Baseline points="277,2410 327,2406 377,2400 427,2396 477,2394 527,2393 577,2393 627,2391 677,2391 727,2389 777,2386 827,2373 877,2363 927,2360 977,2357 1027,2355 1077,2354 1127,2353 1177,2352 1227,2353 1277,2352 1327,2352 1377,2351 1427,2350 1477,2350 1527,2349 1577,2350 1627,2349 1677,2347 1727,2346 1777,2345 1827,2344 1877,2342 1927,2341 1977,2342 2027,2339 2077,2338 2127,2336 2177,2334 2227,2332 2277,2330 2327,2328 2377,2326 2427,2322 2477,2319 2527,2313 2577,2313 2588,2314"/>
        <Word id="word_31ffb675-0843-45d2-8b9b-4cca2d133d1a">
          <Coords points="274,2375 309,2372 313,2417 278,2420"/>
          <TextEquiv>
            <Unicode>E</Unicode>
          </TextEquiv>
        </Word>
        <Word id="word_de51e1e1-7c17-4e66-b87b-06b8d7a0a861">
          <Coords points="342,2370 372,2365 424,2361 476,2359 526,2358 577,2358 626,2356 627,2356 627,2401 627,2401 577,2403 527,2403 477,2404 428,2406 378,2410 348,2414"/>
          <TextEquiv>
            <Unicode>Hendrick</Unicode>
          </TextEquiv>
        </Word>
        <Word id="word_7bdea640-9995-46f9-bd1e-4a1c5d6d0af8">
          <Coords points="662,2356 677,2356 726,2354 775,2351 818,2339 870,2329 903,2326 906,2371 879,2373 830,2383 778,2396 727,2399 677,2401 662,2401"/>
          <TextEquiv>
            <Unicode>tijmesz</Unicode>
          </TextEquiv>
        </Word>
        <Word id="word_29fe39ed-f780-4d35-b776-0551bff3d420">
          <Coords points="938,2324 975,2322 1026,2320 1044,2320 1045,2365 1027,2365 978,2367 941,2369"/>
          <TextEquiv>
            <Unicode>met</Unicode>
          </TextEquiv>
        </Word>
        <Word id="word_9eef5fa4-e3bd-404b-b633-caa88f17486f">
          <Coords points="1080,2319 1126,2318 1176,2317 1186,2317 1185,2362 1177,2362 1127,2363 1080,2364"/>
          <TextEquiv>
            <Unicode>een</Unicode>
          </TextEquiv>
        </Word>
        <Word id="word_a7c5cc76-3579-40ab-b136-4e76e181339e">
          <Coords points="1221,2318 1228,2318 1276,2317 1327,2317 1376,2316 1426,2315 1477,2315 1526,2314 1537,2314 1536,2359 1527,2359 1477,2360 1427,2360 1377,2361 1327,2362 1277,2362 1227,2363 1220,2363"/>
          <TextEquiv>
            <Unicode>vehemente</Unicode>
          </TextEquiv>
        </Word>
        <Word id="word_98d205bb-ef13-4b78-81b6-5cd6e45a45fe">
          <Coords points="1572,2315 1578,2315 1626,2314 1676,2312 1711,2311 1712,2356 1677,2357 1627,2359 1577,2360 1571,2360"/>
          <TextEquiv>
            <Unicode>ende</Unicode>
          </TextEquiv>
        </Word>
        <Word id="word_538499cf-59fa-4acb-b0da-06a1714a3513">
          <Coords points="1746,2311 1776,2310 1826,2309 1876,2307 1926,2306 1978,2307 2025,2304 2076,2303 2126,2301 2176,2299 2226,2297 2236,2297 2238,2342 2227,2342 2177,2344 2127,2346 2077,2348 2028,2349 1977,2352 1927,2351 1877,2352 1827,2354 1777,2355 1747,2356"/>
          <TextEquiv>
            <Unicode>ongelooffel=jk</Unicode>
          </TextEquiv>
        </Word>
        <Word id="word_106eb681-d89a-492b-a575-20024575f651">
          <Coords points="2271,2295 2276,2295 2326,2293 2376,2291 2410,2288 2414,2333 2377,2336 2327,2338 2277,2340 2273,2340"/>
          <TextEquiv>
            <Unicode>Vlam</Unicode>
          </TextEquiv>
        </Word>
        <Word id="word_46fee24b-0f5f-402b-aec3-e45984d2256b">
          <Coords points="2446,2285 2475,2284 2523,2278 2577,2278 2591,2279 2587,2324 2577,2323 2528,2323 2477,2329 2448,2330"/>
          <TextEquiv>
            <Unicode>inde</Unicode>
          </TextEquiv>
        </Word>
        <TextEquiv conf="0.8823349074537186">
          <Unicode>E Hendrick tijmesz met een vehemente ende ongelooffel=jk Vlam inde</Unicode>
        </TextEquiv>
        <TextStyle xHeight="35"/>
      </TextLine>
      <TextLine id="line_7d561a52-baa9-48ac-8faa-7fa0cdf46c7c">
        <Coords points="841,2403 851,2403 891,2371 1141,2370 1166,2394 1295,2394 1310,2405 1335,2406 1386,2359 1408,2359 1438,2386 1654,2395 1690,2391 1722,2374 2017,2367 2029,2355 2081,2355 2093,2344 2278,2340 2289,2347 2338,2347 2353,2336 2440,2328 2504,2335 2524,2354 2548,2354 2560,2364 2657,2364 2657,2426 2217,2429 2193,2437 1913,2441 1873,2460 1829,2460 1800,2487 1792,2479 1757,2479 1749,2471 1710,2471 1690,2451 1670,2451 1622,2496 1594,2484 1555,2519 1506,2511 1470,2475 1450,2467 1346,2467 1331,2452 1059,2460 1003,2503 841,2491"/>
        <Baseline points="871,2462 921,2457 971,2454 1021,2451 1071,2450 1121,2448 1171,2446 1221,2445 1271,2445 1321,2443 1371,2443 1421,2442 1471,2442 1521,2441 1571,2441 1621,2441 1671,2440 1721,2439 1771,2437 1821,2436 1871,2436 1921,2434 1971,2433 2021,2431 2071,2429 2121,2427 2171,2425 2221,2422 2271,2421 2321,2419 2371,2418 2421,2418 2471,2415 2521,2414 2571,2414 2621,2414 2628,2411"/>
        <Word id="word_1b9c7a0f-5463-404c-97ed-0a52a14f0ed3">
          <Coords points="868,2427 918,2422 969,2419 1019,2416 1070,2415 1120,2413 1170,2411 1184,2411 1185,2456 1171,2456 1121,2458 1071,2460 1022,2461 972,2464 922,2467 872,2472"/>
          <TextEquiv>
            <Unicode>Constabels</Unicode>
          </TextEquiv>
        </Word>
        <Word id="word_6d9557d1-0219-4b53-aaed-64ce75823320">
          <Coords points="1215,2410 1220,2410 1271,2410 1320,2408 1371,2408 1372,2408 1373,2453 1371,2453 1321,2453 1271,2455 1221,2455 1216,2455"/>
          <TextEquiv>
            <Unicode>Camer</Unicode>
          </TextEquiv>
        </Word>
        <Word id="word_da37a4bf-553b-4de6-a8d8-bb01cddd4de0">
          <Coords points="1404,2407 1420,2407 1471,2407 1520,2406 1571,2406 1621,2406 1623,2406 1624,2451 1621,2451 1571,2451 1521,2451 1471,2452 1421,2452 1405,2452"/>
          <TextEquiv>
            <Unicode>Cajuijt</Unicode>
          </TextEquiv>
        </Word>
        <Word id="word_450d7fa3-33b8-442f-b380-f9394e03a0fe">
          <Coords points="1655,2405 1670,2405 1720,2404 1770,2402 1780,2402 1781,2447 1771,2447 1721,2449 1671,2450 1656,2450"/>
          <TextEquiv>
            <Unicode>ende</Unicode>
          </TextEquiv>
        </Word>
        <Word id="word_85c0733c-9223-4b68-9e48-cff69062c315">
          <Coords points="1812,2401 1820,2401 1871,2401 1905,2400 1907,2445 1871,2446 1821,2446 1813,2446"/>
          <TextEquiv>
            <Unicode>soo</Unicode>
          </TextEquiv>
        </Word>
        <Word id="word_6d4235e5-79f2-4012-886a-6ed990b173a0">
          <Coords points="1938,2398 1971,2398 2020,2396 2070,2394 2120,2392 2125,2392 2127,2437 2121,2437 2071,2439 2021,2441 1971,2443 1938,2443"/>
          <TextEquiv>
            <Unicode>voorts</Unicode>
          </TextEquiv>
        </Word>
        <Word id="word_918d820c-df19-4f04-9983-5a5a646d09a9">
          <Coords points="2156,2391 2170,2390 2219,2387 2251,2386 2252,2431 2222,2432 2171,2435 2158,2436"/>
          <TextEquiv>
            <Unicode>tot</Unicode>
          </TextEquiv>
        </Word>
        <Word id="word_6d4caf37-ca9a-48d3-812c-85ce77161c6a">
          <Coords points="2282,2386 2319,2384 2370,2383 2421,2383 2438,2382 2441,2427 2421,2428 2371,2428 2321,2429 2284,2431"/>
          <TextEquiv>
            <Unicode>aende</Unicode>
          </TextEquiv>
        </Word>
        <Word id="word_2815d963-caa3-4cf3-9433-950c9cd13442">
          <Coords points="2471,2380 2520,2379 2571,2379 2614,2379 2621,2379 2632,2420 2621,2424 2571,2424 2521,2424 2472,2425"/>
          <TextEquiv>
            <Unicode>focke</Unicode>
          </TextEquiv>
        </Word>
        <TextEquiv conf="0.9434724583816074">
          <Unicode>Constabels Camer Cajuijt ende soo voorts tot aende focke</Unicode>
        </TextEquiv>
        <TextStyle xHeight="33"/>
      </TextLine>
      <TextLine id="c36375e4-825c-4759-af1a-131ba79a757b">
        <Coords points="846,2489 1004,2501 1052,2462 1329,2453 1347,2469 1459,2469 1511,2512 1554,2520 1603,2474 1622,2473 1635,2482 1667,2450 1692,2450 1711,2469 1791,2475 1801,2485 1827,2462 1871,2470 1911,2442 1987,2438 2194,2431 2350,2435 2358,2427 2391,2427 2418,2438 2495,2438 2514,2456 2631,2456 2631,2518 2087,2528 2043,2555 1879,2555 1844,2590 1827,2590 1778,2546 1724,2594 1706,2590 1694,2602 1639,2598 1617,2614 1579,2598 1527,2598 1507,2578 1367,2579 1288,2574 1280,2566 1264,2567 1231,2599 1180,2552 1132,2552 1096,2555 1041,2610 1024,2618 992,2594 964,2590 940,2566 846,2567"/>
        <Baseline points="876,2557 926,2551 976,2550 1026,2548 1076,2545 1126,2544 1176,2542 1226,2542 1276,2540 1326,2539 1376,2538 1426,2538 1476,2537 1526,2537 1576,2536 1626,2535 1676,2533 1726,2532 1776,2529 1826,2529 1876,2526 1926,2526 1976,2524 2026,2523 2076,2522 2126,2519 2176,2517 2226,2515 2276,2512 2326,2510 2376,2508 2426,2508 2476,2506 2526,2505 2576,2502 2602,2503"/>
        <Word id="word_9b29b5ed-393e-41b3-8cae-a37010f6931f">
          <Coords points="872,2522 922,2516 975,2515 1002,2514 1004,2559 976,2560 927,2561 877,2567"/>
          <TextEquiv>
            <Unicode>Mast</Unicode>
          </TextEquiv>
        </Word>
        <Word id="word_99406ccc-ba9b-4ed7-8b82-6d3e5bf67a52">
          <Coords points="1033,2513 1074,2510 1125,2509 1175,2507 1226,2507 1275,2505 1291,2505 1291,2550 1276,2550 1226,2552 1176,2552 1126,2554 1077,2555 1036,2558"/>
          <TextEquiv>
            <Unicode>ontstaen</Unicode>
          </TextEquiv>
        </Word>
        <Word id="word_cc859d63-4f33-4d55-b4aa-c3218883127f">
          <Coords points="1323,2504 1325,2504 1375,2503 1426,2503 1450,2503 1451,2547 1426,2548 1376,2548 1326,2549 1323,2549"/>
          <TextEquiv>
            <Unicode>ende</Unicode>
          </TextEquiv>
        </Word>
        <Word id="word_fd951da3-06b9-46f1-961c-ea5429154822">
          <Coords points="1483,2502 1526,2502 1575,2501 1625,2500 1675,2498 1725,2497 1774,2494 1803,2494 1803,2539 1777,2539 1726,2542 1676,2543 1626,2545 1576,2546 1526,2547 1483,2547"/>
          <TextEquiv>
            <Unicode>verspreijt</Unicode>
          </TextEquiv>
        </Word>
        <Word id="word_b3464343-b92b-4069-aa63-a3ccb3f295ea">
          <Coords points="1832,2494 1873,2491 1926,2491 1975,2489 1994,2489 1995,2534 1976,2534 1926,2536 1877,2536 1836,2539"/>
          <TextEquiv>
            <Unicode>(:jae</Unicode>
          </TextEquiv>
        </Word>
        <Word id="word_d6dc617b-ce59-412b-8658-36f5d8582978">
          <Coords points="2026,2488 2075,2487 2120,2484 2123,2529 2076,2532 2027,2533"/>
          <TextEquiv>
            <Unicode>wat</Unicode>
          </TextEquiv>
        </Word>
        <Word id="word_33c54727-5490-4c8a-95ac-6d35e3631fae">
          <Coords points="2154,2482 2176,2482 2225,2480 2274,2477 2325,2475 2375,2473 2410,2473 2410,2518 2376,2518 2326,2520 2277,2522 2226,2525 2176,2527 2155,2527"/>
          <TextEquiv>
            <Unicode>middelen</Unicode>
          </TextEquiv>
        </Word>
        <Word id="word_0134fda5-569a-4a6f-b6e3-15b7be6f43cb">
          <Coords points="2440,2473 2474,2471 2505,2470 2506,2515 2477,2516 2443,2518"/>
          <TextEquiv>
            <Unicode>om</Unicode>
          </TextEquiv>
        </Word>
        <Word id="word_e5b8d9a6-7012-4ff1-986a-9ead0a067541">
          <Coords points="2536,2470 2573,2467 2603,2468 2602,2513 2577,2512 2539,2515"/>
          <TextEquiv>
            <Unicode>te</Unicode>
          </TextEquiv>
        </Word>
        <TextEquiv conf="0.9124362769681212">
          <Unicode>Mast ontstaen ende verspreijt (:jae wat middelen om te</Unicode>
        </TextEquiv>
        <TextStyle xHeight="36"/>
      </TextLine>
      <TextLine id="line_290b5b56-301c-4a24-a36d-0043ce5b0c22">
        <Coords points="229,2507 287,2451 299,2451 374,2460 550,2455 594,2498 758,2498 774,2513 847,2513 847,2575 455,2581 383,2644 343,2648 319,2647 274,2604 251,2601 229,2613"/>
        <Baseline points="259,2586 309,2582 359,2579 409,2577 459,2574 509,2571 559,2569 609,2569 659,2571 709,2570 759,2568 809,2563 818,2560"/>
        <Word id="word_e433e9c7-d5a7-4e68-81f4-d9dd3d362bdf">
          <Coords points="256,2551 306,2547 357,2544 408,2542 457,2539 507,2536 558,2534 579,2534 579,2579 559,2579 510,2581 460,2584 409,2587 360,2589 310,2592 260,2596"/>
          <TextEquiv>
            <Unicode>Claurens</Unicode>
          </TextEquiv>
        </Word>
        <Word id="word_6e11e974-0d4c-4577-b6aa-720ad9e5a1b2">
          <Coords points="620,2534 661,2536 698,2535 699,2580 659,2581 618,2579"/>
          <TextEquiv>
            <Unicode>la</Unicode>
          </TextEquiv>
        </Word>
        <Word id="word_b6a5089f-295f-43f1-9f97-11147faa1477">
          <Coords points="736,2534 757,2533 806,2528 807,2527 821,2569 810,2573 760,2578 739,2579"/>
          <TextEquiv>
            <Unicode>be</Unicode>
          </TextEquiv>
        </Word>
        <TextEquiv conf="0.887784087412932">
          <Unicode>Claurens la be</Unicode>
        </TextEquiv>
        <TextStyle xHeight="38"/>
      </TextLine>
      <TextLine id="c7b56313-dbcd-4b76-b6c0-cafcca2026c9">
        <Coords points="846,2565 938,2564 968,2591 1000,2599 1027,2619 1092,2557 1132,2553 1180,2553 1231,2600 1264,2569 1280,2568 1288,2576 1368,2580 1500,2576 1524,2595 1576,2595 1616,2614 1636,2599 1713,2604 1778,2545 1824,2588 1848,2588 1891,2556 2039,2557 2083,2530 2119,2529 2131,2537 2451,2540 2471,2548 2661,2548 2673,2560 2688,2554 2688,2616 2680,2610 2666,2623 2595,2623 2580,2611 2091,2619 2020,2623 1987,2655 1947,2627 1874,2693 1771,2685 1717,2631 1684,2634 1640,2670 1596,2686 1440,2689 1422,2701 1388,2689 1208,2689 1176,2661 1036,2653 1028,2646 965,2708 948,2708 908,2673 872,2673 846,2649"/>
        <Baseline points="876,2640 926,2639 976,2637 1026,2636 1076,2635 1126,2634 1176,2633 1226,2633 1276,2633 1326,2631 1376,2630 1426,2629 1476,2629 1526,2628 1576,2628 1626,2628 1676,2626 1726,2624 1776,2623 1826,2621 1876,2621 1926,2620 1976,2618 2026,2616 2076,2613 2126,2611 2176,2609 2226,2608 2276,2606 2326,2605 2376,2605 2426,2605 2476,2605 2526,2604 2576,2603 2626,2603 2659,2601"/>
        <Word id="word_e5788346-e2c2-432d-a5e2-0ac9821df9e6">
          <Coords points="875,2605 925,2604 975,2602 1025,2601 1073,2600 1074,2645 1026,2646 976,2647 926,2649 876,2650"/>
          <TextEquiv>
            <Unicode>lessen</Unicode>
          </TextEquiv>
        </Word>
        <Word id="word_ef887a8e-12b3-4188-9566-df6cc5914752">
          <Coords points="1106,2599 1125,2599 1175,2598 1226,2598 1239,2598 1239,2643 1226,2643 1176,2643 1126,2644 1107,2644"/>
          <TextEquiv>
            <Unicode>daer</Unicode>
          </TextEquiv>
        </Word>
        <Word id="word_328c22ce-c9a1-4fad-b19e-8175a1e37ba5">
          <Coords points="1272,2598 1276,2598 1325,2596 1371,2595 1372,2640 1326,2641 1276,2643 1272,2643"/>
          <TextEquiv>
            <Unicode>toe</Unicode>
          </TextEquiv>
        </Word>
        <Word id="word_e9b951ee-489f-438a-88f2-f4bc2e8f857a">
          <Coords points="1404,2594 1425,2594 1476,2594 1525,2593 1536,2593 1536,2638 1526,2638 1476,2639 1426,2639 1405,2639"/>
          <TextEquiv>
            <Unicode>oock</Unicode>
          </TextEquiv>
        </Word>
        <Word id="word_b5014b91-017a-4cac-9a94-04b04d2315b2">
          <Coords points="1569,2593 1576,2593 1626,2593 1675,2591 1725,2589 1775,2588 1825,2586 1867,2586 1867,2631 1826,2631 1776,2633 1726,2634 1676,2636 1626,2638 1576,2638 1569,2638"/>
          <TextEquiv>
            <Unicode>aengewent</Unicode>
          </TextEquiv>
        </Word>
        <Word id="word_8fa660ed-302d-4562-9a61-153598297876">
          <Coords points="1898,2586 1925,2585 1975,2583 2025,2581 2030,2581 2032,2626 2026,2626 1976,2628 1926,2630 1900,2631"/>
          <TextEquiv>
            <Unicode>sijn</Unicode>
          </TextEquiv>
        </Word>
        <Word id="word_22cb63e4-2206-480f-9ace-2f5f54938f32">
          <Coords points="2063,2579 2074,2578 2125,2576 2129,2576 2131,2621 2126,2621 2077,2623 2065,2624"/>
          <TextEquiv>
            <Unicode>:)</Unicode>
          </TextEquiv>
        </Word>
        <Word id="word_6ed24ebc-c0e9-404b-b42f-8a9579e3a863">
          <Coords points="2162,2575 2175,2574 2225,2573 2275,2571 2295,2571 2296,2616 2276,2616 2226,2618 2176,2619 2164,2619"/>
          <TextEquiv>
            <Unicode>niet</Unicode>
          </TextEquiv>
        </Word>
        <Word id="word_00342915-8213-4441-8eb7-b6bf8facd75b">
          <Coords points="2329,2570 2376,2570 2395,2570 2395,2615 2376,2615 2329,2615"/>
          <TextEquiv>
            <Unicode>om</Unicode>
          </TextEquiv>
        </Word>
        <Word id="word_29a94c08-73e0-481a-b66e-40be12922358">
          <Coords points="2428,2570 2476,2570 2525,2569 2575,2568 2626,2568 2657,2566 2660,2611 2626,2613 2576,2613 2526,2614 2476,2615 2428,2615"/>
          <TextEquiv>
            <Unicode>blussen</Unicode>
          </TextEquiv>
        </Word>
        <TextEquiv conf="0.9130552257533374">
          <Unicode>lessen daer toe oock aengewent sijn :) niet om blussen</Unicode>
        </TextEquiv>
        <TextStyle xHeight="31"/>
      </TextLine>
      <TextLine id="line_20863f42-30a1-4df5-9b6a-535acb1167a1">
        <Coords points="857,2673 911,2673 947,2708 965,2708 1025,2649 1402,2642 1450,2688 1550,2693 1630,2674 1678,2638 1706,2636 1758,2684 1866,2688 1877,2696 1894,2684 1932,2696 1959,2685 2021,2623 2202,2615 2578,2611 2605,2637 2637,2637 2661,2661 2680,2646 2690,2647 2690,2710 2405,2712 2369,2743 2360,2740 2341,2751 2315,2750 2303,2738 2265,2726 2202,2726 2183,2712 2154,2712 2082,2716 2043,2742 2021,2726 1830,2724 1814,2735 1742,2743 1691,2790 1679,2790 1658,2770 1630,2758 1592,2754 1576,2738 1514,2738 1506,2730 1366,2739 1314,2790 1294,2786 1272,2805 1239,2809 1183,2786 1027,2786 999,2758 951,2763 926,2788 918,2782 909,2791 857,2782"/>
        <Baseline points="887,2733 937,2731 987,2728 1037,2727 1087,2726 1137,2724 1187,2724 1237,2724 1287,2723 1337,2721 1387,2720 1437,2719 1487,2718 1537,2718 1587,2717 1637,2715 1687,2715 1737,2714 1787,2714 1837,2714 1887,2714 1937,2711 1987,2710 2037,2709 2087,2707 2137,2706 2187,2704 2237,2704 2287,2702 2337,2701 2387,2700 2437,2699 2487,2697 2537,2696 2587,2695 2637,2694 2661,2695"/>
        <Word id="word_14a82e94-b35a-4a75-9b77-b6f8029689de">
          <Coords points="886,2698 936,2696 985,2693 991,2693 991,2738 988,2738 937,2741 887,2743"/>
          <TextEquiv>
            <Unicode>sij</Unicode>
          </TextEquiv>
        </Word>
        <Word id="word_520bc3e5-0ea4-4910-806e-e4458a87471b">
          <Coords points="1025,2692 1036,2692 1086,2691 1136,2689 1187,2689 1237,2689 1286,2688 1303,2687 1305,2732 1287,2733 1237,2734 1187,2734 1137,2734 1087,2736 1037,2737 1026,2737"/>
          <TextEquiv>
            <Unicode>geweest,</Unicode>
          </TextEquiv>
        </Word>
        <Word id="word_3fd4a967-7581-41d0-bb64-37e169e0ce9a">
          <Coords points="1338,2686 1386,2685 1436,2684 1478,2683 1478,2728 1437,2729 1387,2730 1339,2731"/>
          <TextEquiv>
            <Unicode>maer</Unicode>
          </TextEquiv>
        </Word>
        <Word id="word_89f9a9fc-5d2f-4d9c-a98a-933c5b8ccefd">
          <Coords points="1514,2682 1538,2683 1582,2682 1583,2727 1537,2728 1513,2727"/>
          <TextEquiv>
            <Unicode>in</Unicode>
          </TextEquiv>
        </Word>
        <Word id="word_87dc7133-a5d4-4afa-bdac-d5b7e33d1d54">
          <Coords points="1615,2681 1635,2680 1687,2680 1736,2679 1787,2679 1826,2679 1826,2724 1787,2724 1737,2724 1687,2725 1638,2725 1618,2726"/>
          <TextEquiv>
            <Unicode>contra</Unicode>
          </TextEquiv>
        </Word>
        <Word id="word_21497cf0-e951-43b0-830a-34263e98ec23">
          <Coords points="1861,2679 1887,2679 1935,2676 1986,2675 1999,2675 2000,2720 1987,2720 1938,2721 1887,2724 1861,2724"/>
          <TextEquiv>
            <Unicode>meer</Unicode>
          </TextEquiv>
        </Word>
        <Word id="word_0bd28ca5-851e-48fb-a166-1e410c0cac3c">
          <Coords points="2034,2674 2036,2674 2086,2672 2104,2672 2105,2717 2087,2717 2037,2719 2035,2719"/>
          <TextEquiv>
            <Unicode>en</Unicode>
          </TextEquiv>
        </Word>
        <Word id="word_3eddc4ac-2b1b-4ffc-9772-3567996e4d00">
          <Coords points="2138,2671 2186,2669 2237,2669 2277,2667 2279,2712 2237,2714 2187,2714 2140,2716"/>
          <TextEquiv>
            <Unicode>meer</Unicode>
          </TextEquiv>
        </Word>
        <Word id="word_7d84f297-b749-43da-8faa-1d9797e3ce6f">
          <Coords points="2313,2666 2337,2666 2386,2665 2436,2664 2486,2662 2536,2661 2586,2660 2636,2659 2662,2660 2661,2705 2637,2704 2587,2705 2537,2706 2487,2707 2437,2709 2387,2710 2337,2711 2313,2711"/>
          <TextEquiv>
            <Unicode>toegenomen</Unicode>
          </TextEquiv>
        </Word>
        <TextEquiv conf="0.9127267436821773">
          <Unicode>sij geweest, maer in contra meer en meer toegenomen</Unicode>
        </TextEquiv>
        <TextStyle xHeight="33"/>
      </TextLine>
      <TextLine id="ca0ca87a-8bf9-415d-82e2-73c6a4a18484">
        <Coords points="223,2612 262,2611 313,2647 424,2638 432,2646 468,2651 755,2650 767,2659 839,2658 875,2686 875,2749 723,2752 695,2780 428,2780 372,2827 348,2826 310,2799 281,2803 270,2795 223,2794"/>
        <Baseline points="253,2750 303,2752 353,2754 403,2753 453,2750 503,2748 553,2746 603,2745 653,2742 703,2744 753,2745 803,2742 846,2734"/>
        <Word id="word_4e953c83-bb68-46a4-8dca-c64c3cb846c7">
          <Coords points="254,2715 304,2717 354,2719 402,2718 451,2715 464,2715 465,2760 454,2760 403,2763 353,2764 303,2762 253,2760"/>
          <TextEquiv>
            <Unicode>Jacob</Unicode>
          </TextEquiv>
        </Word>
        <Word id="word_7bf2381f-b726-4d5b-8e9a-85462216ba93">
          <Coords points="506,2713 552,2711 592,2710 592,2755 553,2756 508,2758"/>
          <TextEquiv>
            <Unicode>la</Unicode>
          </TextEquiv>
        </Word>
        <Word id="word_5a40071c-3a21-47d6-8429-efa7ee3fadda">
          <Coords points="630,2710 649,2707 704,2709 754,2710 801,2707 840,2700 848,2744 804,2752 753,2755 703,2754 654,2752 636,2754"/>
          <TextEquiv>
            <Unicode>febre</Unicode>
          </TextEquiv>
        </Word>
        <TextEquiv conf="0.6823161292684836">
          <Unicode>Jacob la febre</Unicode>
        </TextEquiv>
        <TextStyle xHeight="44"/>
      </TextLine>
      <TextLine id="line_125dc2ef-4cc8-4a2b-b2af-3012b4825704">
        <Coords points="841,2792 885,2784 903,2769 922,2780 951,2761 999,2760 1027,2787 1195,2787 1219,2796 1275,2745 1454,2732 1578,2740 1610,2760 1646,2764 1689,2792 1738,2745 1764,2745 1778,2733 1818,2733 1834,2724 1926,2724 1942,2737 2046,2741 2082,2717 2114,2713 2183,2713 2202,2728 2273,2728 2321,2753 2365,2745 2397,2724 2413,2740 2678,2740 2678,2803 2671,2810 2657,2801 2534,2798 2429,2801 2409,2818 2289,2817 2278,2806 2158,2810 2108,2853 2098,2845 2022,2841 1986,2873 1962,2869 1930,2841 1894,2841 1848,2881 1839,2873 1794,2873 1746,2829 1630,2825 1462,2826 1454,2834 1414,2833 1370,2874 1358,2866 1343,2881 1215,2873 1193,2853 1169,2853 1142,2826 1063,2830 1035,2854 1007,2858 987,2878 958,2878 937,2861 899,2857 841,2866"/>
        <Baseline points="871,2829 921,2824 971,2821 1021,2821 1071,2820 1121,2818 1171,2817 1221,2816 1271,2815 1321,2815 1371,2814 1421,2812 1471,2811 1521,2811 1571,2810 1621,2809 1671,2808 1721,2807 1771,2806 1821,2805 1871,2804 1921,2804 1971,2803 2021,2802 2071,2801 2121,2800 2171,2798 2221,2797 2271,2796 2321,2793 2371,2793 2421,2791 2471,2791 2521,2790 2571,2788 2621,2784 2649,2787"/>
        <Word id="word_38f21913-7272-4cc8-8b77-96e610922fce">
          <Coords points="868,2794 918,2789 969,2786 1021,2786 1048,2785 1049,2830 1021,2831 972,2831 922,2834 872,2839"/>
          <TextEquiv>
            <Unicode>heeft,</Unicode>
          </TextEquiv>
        </Word>
        <Word id="word_9d8c71f1-e8a4-478b-ab39-80f19fcf5fd6">
          <Coords points="1077,2785 1119,2783 1170,2782 1196,2781 1197,2826 1171,2827 1121,2828 1079,2830"/>
          <TextEquiv>
            <Unicode>waer</Unicode>
          </TextEquiv>
        </Word>
        <Word id="word_426079ff-5015-4fc0-ab15-d40a63bba80a">
          <Coords points="1226,2781 1270,2780 1321,2780 1344,2780 1345,2825 1321,2825 1271,2825 1227,2826"/>
          <TextEquiv>
            <Unicode>uijt</Unicode>
          </TextEquiv>
        </Word>
        <Word id="word_5a266c1a-bd7c-407c-9154-a071cfa2a46a">
          <Coords points="1373,2779 1420,2777 1470,2776 1493,2776 1493,2821 1471,2821 1421,2822 1375,2824"/>
          <TextEquiv>
            <Unicode>niet</Unicode>
          </TextEquiv>
        </Word>
        <Word id="word_aaa847b8-3ce9-4cd7-a5ee-24789249fab3">
          <Coords points="1522,2776 1570,2775 1620,2774 1670,2773 1700,2772 1701,2817 1671,2818 1621,2819 1571,2820 1523,2821"/>
          <TextEquiv>
            <Unicode>anders</Unicode>
          </TextEquiv>
        </Word>
        <Word id="word_8785ac98-b5e9-4a12-826a-fea4f0bcc2e7">
          <Coords points="1730,2772 1770,2771 1819,2770 1820,2815 1771,2816 1731,2817"/>
          <TextEquiv>
            <Unicode>als</Unicode>
          </TextEquiv>
        </Word>
        <Word id="word_37c503ad-e51d-4e9f-8807-7bad097d05a2">
          <Coords points="1848,2769 1870,2769 1908,2769 1908,2814 1871,2814 1849,2814"/>
          <TextEquiv>
            <Unicode>'t</Unicode>
          </TextEquiv>
        </Word>
        <Word id="word_ffbb03aa-5102-4571-bdfb-a068653486ff">
          <Coords points="1937,2769 1970,2768 2020,2767 2070,2766 2120,2765 2170,2763 2220,2762 2234,2762 2235,2807 2221,2807 2171,2808 2121,2810 2071,2811 2021,2812 1971,2813 1938,2814"/>
          <TextEquiv>
            <Unicode>uijtterste</Unicode>
          </TextEquiv>
        </Word>
        <Word id="word_d530fb27-25ad-498e-989e-b7b2acffb4e9">
          <Coords points="2263,2761 2270,2761 2319,2758 2371,2758 2381,2758 2383,2803 2371,2803 2322,2803 2271,2806 2264,2806"/>
          <TextEquiv>
            <Unicode>ende</Unicode>
          </TextEquiv>
        </Word>
        <Word id="word_908d349e-d6f4-4758-8771-9cdc96b57ae1">
          <Coords points="2411,2756 2420,2756 2471,2756 2500,2755 2501,2800 2471,2801 2421,2801 2413,2801"/>
          <TextEquiv>
            <Unicode>dat</Unicode>
          </TextEquiv>
        </Word>
        <Word id="word_960d46d3-188d-4f99-be82-6eb266b0a811">
          <Coords points="2529,2755 2569,2753 2618,2749 2653,2752 2648,2797 2622,2794 2571,2798 2531,2800"/>
          <TextEquiv>
            <Unicode>door</Unicode>
          </TextEquiv>
        </Word>
        <TextEquiv conf="0.9532917871760228">
          <Unicode>heeft, waer uijt niet anders als 't uijtterste ende dat door</Unicode>
        </TextEquiv>
        <TextStyle xHeight="33"/>
      </TextLine>
      <TextLine id="line_3fdf37ab-539b-4428-9641-31cc36d7d930">
        <Coords points="262,2794 312,2801 344,2825 372,2826 424,2781 741,2785 827,2869 871,2855 936,2861 956,2877 987,2877 1007,2858 1035,2854 1063,2830 1119,2826 1142,2826 1169,2853 1199,2857 1223,2880 1273,2881 1345,2881 1359,2867 1371,2873 1411,2834 1455,2834 1463,2826 1747,2829 1791,2872 1834,2872 1847,2881 1895,2841 1931,2841 1951,2861 1979,2873 2023,2841 2098,2845 2108,2853 2158,2810 2531,2798 2609,2801 2638,2829 2654,2834 2698,2822 2711,2827 2711,2888 2677,2910 2618,2910 2594,2886 2539,2883 2262,2891 2238,2915 2210,2927 2146,2935 2121,2924 2098,2943 2075,2942 2032,2910 1663,2911 1613,2959 1603,2958 1575,2930 1443,2926 1424,2911 1375,2923 1207,2923 1199,2931 1131,2935 1107,2934 1095,2923 1007,2923 991,2935 951,2931 937,2943 928,2934 836,2934 824,2943 780,2943 772,2951 596,2950 572,2971 460,2971 452,2979 415,2979 382,2947 362,2951 322,2991 296,2991 280,3007 262,3007"/>
        <Baseline points="292,2924 342,2926 392,2925 442,2922 492,2920 542,2919 592,2917 642,2915 692,2916 742,2916 792,2915 842,2919 892,2920 942,2920 992,2917 1042,2915 1092,2913 1142,2913 1192,2911 1242,2910 1292,2908 1342,2907 1392,2904 1442,2904 1492,2904 1542,2904 1592,2904 1642,2904 1692,2903 1742,2901 1792,2900 1842,2899 1892,2897 1942,2895 1992,2893 2042,2891 2092,2889 2142,2888 2192,2886 2242,2885 2292,2883 2342,2881 2392,2880 2442,2878 2492,2877 2542,2874 2592,2873 2642,2875 2682,2873"/>
        <Word id="word_afb99b39-1ddc-4900-bb6f-7a6813d13cd5">
          <Coords points="293,2889 343,2891 391,2890 440,2887 491,2885 541,2884 591,2882 594,2882 595,2927 592,2927 542,2929 492,2930 443,2932 392,2935 342,2936 292,2934"/>
          <TextEquiv>
            <Unicode>Balthesar</Unicode>
          </TextEquiv>
        </Word>
        <Word id="word_ac9837e8-64fc-4a76-80c5-c4f284edf582">
          <Coords points="627,2881 641,2880 693,2881 742,2881 791,2880 833,2883 830,2928 792,2925 742,2926 692,2926 642,2925 629,2926"/>
          <TextEquiv>
            <Unicode>Batijn</Unicode>
          </TextEquiv>
        </Word>
        <Word id="word_50895cd3-00c5-450d-8f75-4dbb0d45b81b">
          <Coords points="863,2886 891,2885 898,2885 898,2930 892,2930 864,2931"/>
          <TextEquiv>
            <Unicode>t</Unicode>
          </TextEquiv>
        </Word>
        <Word id="word_6178438c-1efd-4884-a313-c4641ec6b75a">
          <Coords points="931,2885 942,2885 990,2882 1041,2880 1091,2878 1142,2878 1191,2876 1200,2876 1201,2921 1192,2921 1142,2923 1092,2923 1042,2925 993,2927 942,2930 931,2930"/>
          <TextEquiv>
            <Unicode>springen</Unicode>
          </TextEquiv>
        </Word>
        <Word id="word_a2aea387-a274-4c8d-9f71-f9c0616fa686">
          <Coords points="1234,2875 1241,2875 1291,2873 1341,2872 1390,2869 1403,2869 1403,2914 1393,2914 1342,2917 1292,2918 1242,2920 1235,2920"/>
          <TextEquiv>
            <Unicode>vande</Unicode>
          </TextEquiv>
        </Word>
        <Word id="word_328fdbd3-9044-4925-9c53-d0aa3732d21e">
          <Coords points="1436,2869 1442,2869 1492,2869 1542,2869 1592,2869 1638,2869 1638,2914 1592,2914 1542,2914 1492,2914 1442,2914 1436,2914"/>
          <TextEquiv>
            <Unicode>Gruijt</Unicode>
          </TextEquiv>
        </Word>
        <Word id="word_4f413566-9878-4ac7-91c9-143fcb294af3">
          <Coords points="1670,2869 1690,2868 1741,2866 1791,2865 1841,2864 1873,2863 1874,2908 1842,2909 1792,2910 1742,2911 1693,2913 1673,2914"/>
          <TextEquiv>
            <Unicode>Camer,</Unicode>
          </TextEquiv>
        </Word>
        <Word id="word_3305c0cd-0bc3-4de6-a88a-87612d177c3c">
          <Coords points="1906,2861 1941,2860 1991,2858 2007,2857 2009,2902 1992,2903 1942,2905 1908,2906"/>
          <TextEquiv>
            <Unicode>die</Unicode>
          </TextEquiv>
        </Word>
        <Word id="word_f3880ef3-fec9-40ee-80aa-e075137f7a4c">
          <Coords points="2041,2856 2091,2854 2141,2853 2176,2852 2177,2897 2142,2898 2092,2899 2043,2901"/>
          <TextEquiv>
            <Unicode>alle</Unicode>
          </TextEquiv>
        </Word>
        <Word id="word_558f5697-1760-40a1-a42b-979454574fbb">
          <Coords points="2210,2850 2242,2850 2291,2848 2341,2846 2391,2845 2441,2843 2491,2842 2512,2841 2514,2886 2492,2887 2442,2888 2392,2890 2342,2891 2292,2893 2242,2895 2211,2895"/>
          <TextEquiv>
            <Unicode>ogenblick</Unicode>
          </TextEquiv>
        </Word>
        <Word id="word_82f9e689-397b-49cd-9c7c-2cae76908afe">
          <Coords points="2547,2839 2591,2838 2643,2840 2680,2838 2682,2883 2642,2885 2592,2883 2547,2884"/>
          <TextEquiv>
            <Unicode>ont</Unicode>
          </TextEquiv>
        </Word>
        <TextEquiv conf="0.8975573766653383">
          <Unicode>Balthesar Batijn t springen vande Gruijt Camer, die alle ogenblick ont</Unicode>
        </TextEquiv>
        <TextStyle xHeight="33"/>
      </TextLine>
      <TextLine id="line_5853757f-1253-41cf-80a1-8a731c4f7443">
        <Coords points="846,2934 928,2934 938,2943 960,2928 1099,2920 1116,2935 1132,2936 1198,2932 1207,2924 1375,2924 1424,2912 1443,2927 1567,2927 1612,2960 1663,2912 2022,2907 2051,2916 2064,2903 2077,2903 2088,2914 2118,2896 2125,2903 2134,2896 2211,2896 2233,2912 2262,2892 2469,2884 2593,2887 2633,2924 2694,2916 2694,2979 2664,2988 2453,2988 2425,3016 2378,3016 2370,3024 2086,3019 2040,3051 2014,3027 1954,3023 1934,3003 1898,3004 1867,3035 1850,3039 1827,3035 1794,3003 1759,3032 1692,3035 1651,3035 1632,3019 1400,3004 1255,3008 1234,3028 1175,3032 1148,3031 1129,3012 968,3016 940,3020 882,3075 864,3075 846,3086"/>
        <Baseline points="876,3017 926,3011 976,3009 1026,3008 1076,3006 1126,3003 1176,3002 1226,3001 1276,3000 1326,2998 1376,2996 1426,2995 1476,2994 1526,2994 1576,2993 1626,2992 1676,2992 1726,2992 1776,2990 1826,2989 1876,2988 1926,2986 1976,2985 2026,2983 2076,2983 2126,2982 2176,2980 2226,2979 2276,2977 2326,2974 2376,2973 2426,2970 2476,2970 2526,2968 2576,2965 2626,2963 2665,2964"/>
        <Word id="word_39d7bafd-f49b-4c39-bfa6-c648e996c334">
          <Coords points="872,2982 922,2976 975,2974 1025,2973 1075,2971 1116,2969 1119,3013 1076,3016 1026,3018 976,3019 927,3021 877,3027"/>
          <TextEquiv>
            <Unicode>steecken</Unicode>
          </TextEquiv>
        </Word>
        <Word id="word_1aff79f4-57e9-493b-984a-0abbfc5a5862">
          <Coords points="1149,2967 1176,2967 1208,2966 1209,3011 1176,3012 1148,3012"/>
          <TextEquiv>
            <Unicode>te</Unicode>
          </TextEquiv>
        </Word>
        <Word id="word_6ca24550-f679-4812-afb6-a2d63f9bae13">
          <Coords points="1239,2966 1275,2965 1325,2963 1375,2961 1421,2960 1422,3005 1376,3006 1326,3008 1276,3010 1240,3011"/>
          <TextEquiv>
            <Unicode>worden</Unicode>
          </TextEquiv>
        </Word>
        <Word id="word_8237bdac-0e64-40be-bf33-36106998def7">
          <Coords points="1451,2959 1475,2959 1526,2959 1573,2958 1573,3003 1526,3004 1476,3004 1452,3004"/>
          <TextEquiv>
            <Unicode>ende</Unicode>
          </TextEquiv>
        </Word>
        <Word id="word_3ab8d6d2-8edf-4f69-aa29-fb9e04b0cad9">
          <Coords points="1603,2957 1625,2957 1676,2957 1726,2957 1775,2955 1825,2954 1846,2954 1846,2999 1826,2999 1776,3000 1726,3002 1676,3002 1626,3002 1604,3002"/>
          <TextEquiv>
            <Unicode>'tgansch</Unicode>
          </TextEquiv>
        </Word>
        <Word id="word_bab318fa-21fe-4001-a438-916190bae079">
          <Coords points="1875,2953 1925,2951 1975,2950 2025,2948 2076,2948 2088,2948 2089,2993 2076,2993 2026,2993 1976,2995 1926,2996 1877,2998"/>
          <TextEquiv>
            <Unicode>Scheeps</Unicode>
          </TextEquiv>
        </Word>
        <Word id="word_b4c10b1b-aa83-4de1-b8ee-7c73a9e75cf0">
          <Coords points="2119,2947 2125,2947 2175,2945 2225,2944 2269,2942 2271,2987 2226,2989 2176,2990 2126,2992 2119,2992"/>
          <TextEquiv>
            <Unicode>Volck</Unicode>
          </TextEquiv>
        </Word>
        <Word id="word_caa6959a-3a60-44ec-bc1d-1286ca060073">
          <Coords points="2298,2941 2323,2939 2361,2938 2362,2983 2327,2984 2302,2986"/>
          <TextEquiv>
            <Unicode>te</Unicode>
          </TextEquiv>
        </Word>
        <Word id="word_cedaf0e0-568e-4051-8953-4d4fcb2991ad">
          <Coords points="2389,2938 2423,2935 2476,2935 2525,2933 2574,2930 2625,2928 2666,2929 2665,2974 2626,2973 2577,2975 2526,2978 2476,2980 2427,2980 2393,2983"/>
          <TextEquiv>
            <Unicode>vernielen</Unicode>
          </TextEquiv>
        </Word>
        <TextEquiv conf="0.9231086951471541">
          <Unicode>steecken te worden ende 'tgansch Scheeps Volck te vernielen</Unicode>
        </TextEquiv>
        <TextStyle xHeight="37"/>
      </TextLine>
      <TextLine id="line_95474e69-8021-4ee7-817a-1f48a19bff95">
        <Coords points="841,3057 863,3073 883,3073 939,3019 1128,3011 1151,3031 1223,3031 1255,3007 1367,3003 1451,3006 1459,3014 1575,3014 1605,3038 1616,3038 1652,3030 1670,3016 1688,3034 1755,3035 1791,3002 1831,3038 1859,3039 1899,3003 1927,3002 1951,3022 2016,3030 2036,3050 2049,3050 2083,3020 2152,3020 2152,3082 2119,3082 2113,3088 2027,3087 2020,3080 1899,3084 1815,3164 1707,3163 1623,3091 1527,3092 1519,3100 1475,3100 1459,3112 1267,3111 1223,3152 999,3135 967,3164 925,3127 898,3128 880,3143 841,3152"/>
        <Baseline points="871,3111 921,3103 971,3103 1021,3102 1071,3099 1121,3095 1171,3094 1221,3093 1271,3091 1321,3089 1371,3088 1421,3086 1471,3084 1521,3083 1571,3081 1621,3081 1671,3081 1721,3080 1771,3078 1821,3077 1871,3076 1921,3074 1971,3072 2021,3071 2071,3068 2121,3066 2123,3067"/>
        <Word id="word_19819aeb-a8f9-410b-9ed9-dad173a05894">
          <Coords points="865,3076 915,3068 971,3068 1020,3067 1069,3064 1118,3060 1170,3059 1174,3059 1175,3104 1171,3104 1122,3105 1072,3109 1021,3112 971,3113 923,3113 873,3121"/>
          <TextEquiv>
            <Unicode>geschapen</Unicode>
          </TextEquiv>
        </Word>
        <Word id="word_bf4fe914-ce8f-404b-a884-ae771a18ecdf">
          <Coords points="1208,3058 1220,3058 1270,3056 1320,3054 1370,3053 1411,3051 1412,3096 1371,3098 1321,3099 1271,3101 1221,3103 1209,3103"/>
          <TextEquiv>
            <Unicode>stont,</Unicode>
          </TextEquiv>
        </Word>
        <Word id="word_27880cc8-43b5-4f4e-9f4c-307ecd95c527">
          <Coords points="1445,3050 1470,3049 1513,3048 1514,3093 1471,3094 1446,3095"/>
          <TextEquiv>
            <Unicode>te</Unicode>
          </TextEquiv>
        </Word>
        <Word id="word_6ee4a765-87d1-49bc-8d70-155e4e5210a9">
          <Coords points="1545,3048 1569,3046 1621,3046 1671,3046 1720,3045 1770,3043 1820,3042 1870,3041 1885,3040 1887,3085 1871,3086 1821,3087 1771,3088 1721,3090 1671,3091 1621,3091 1572,3091 1548,3092"/>
          <TextEquiv>
            <Unicode>verwachten</Unicode>
          </TextEquiv>
        </Word>
        <Word id="word_b2424a6d-121a-48c7-8550-068414277a33">
          <Coords points="1919,3039 1920,3039 1970,3037 2020,3036 2069,3033 2120,3031 2139,3036 2121,3076 2119,3076 2072,3078 2021,3081 1971,3082 1921,3084 1921,3084"/>
          <TextEquiv>
            <Unicode>hadden</Unicode>
          </TextEquiv>
        </Word>
        <TextEquiv conf="0.9605732607230365">
          <Unicode>geschapen stont, te verwachten hadden</Unicode>
        </TextEquiv>
        <TextStyle xHeight="35"/>
      </TextLine>
      <TextLine id="line_3b41affa-4877-4633-b61c-eea9d13074c4">
        <Coords points="242,3031 265,3023 276,3027 361,2952 383,2947 415,2976 586,2971 594,2979 646,2979 686,3015 770,3015 790,3035 882,3030 882,3092 865,3081 739,3104 726,3095 447,3094 375,3164 308,3164 272,3136 242,3137"/>
        <Baseline points="272,3072 322,3072 372,3080 422,3083 472,3086 522,3087 572,3086 622,3086 672,3083 722,3086 772,3085 822,3080 853,3077"/>
        <Word id="word_fe0ebd2b-79e7-4ac6-8c54-320835b41f0a">
          <Coords points="272,3037 322,3037 378,3045 424,3048 440,3049 437,3094 421,3093 370,3090 322,3082 272,3082"/>
          <TextEquiv>
            <Unicode>+Jan</Unicode>
          </TextEquiv>
        </Word>
        <Word id="word_602fd66e-e1c4-4b9d-8afb-f883f8dd181e">
          <Coords points="480,3051 522,3052 571,3051 622,3051 670,3048 724,3051 771,3050 819,3045 850,3042 854,3087 823,3090 772,3095 721,3096 673,3093 622,3096 572,3096 522,3097 479,3096"/>
          <TextEquiv>
            <Unicode>teuniszen</Unicode>
          </TextEquiv>
        </Word>
        <TextEquiv conf="0.8654851435188832">
          <Unicode>+Jan teuniszen</Unicode>
        </TextEquiv>
        <TextStyle xHeight="36"/>
      </TextLine>
      <TextLine id="line_1bc4d84a-53aa-4ef4-a159-d8e4610c4f40">
        <Coords points="372,3140 384,3141 434,3094 723,3097 760,3130 840,3130 840,3192 807,3195 787,3215 736,3218 664,3250 616,3225 493,3225 461,3206 394,3207 372,3222"/>
        <Baseline points="402,3169 452,3173 502,3174 552,3176 602,3176 652,3175 702,3174 752,3175 802,3175 811,3177"/>
        <Word id="word_2d87e284-69e8-4eb1-95e7-7852c91bfe3d">
          <Coords points="405,3134 455,3138 503,3139 515,3139 513,3184 502,3184 451,3183 401,3179"/>
          <TextEquiv>
            <Unicode>van</Unicode>
          </TextEquiv>
        </Word>
        <Word id="word_c142efd4-79e1-48c3-872c-e09311606ac8">
          <Coords points="552,3141 553,3141 602,3141 651,3140 701,3139 753,3140 802,3140 819,3143 809,3187 802,3185 752,3185 702,3184 652,3185 602,3186 552,3186 550,3186"/>
          <TextEquiv>
            <Unicode>Haerlem</Unicode>
          </TextEquiv>
        </Word>
        <TextEquiv conf="0.956700040231813">
          <Unicode>van Haerlem</Unicode>
        </TextEquiv>
        <TextStyle xHeight="35"/>
      </TextLine>
      <TextLine id="line_55b385bc-0502-4f25-b2ef-6130513434e8">
        <Coords points="822,3152 868,3148 896,3128 925,3128 963,3163 992,3136 1060,3135 1068,3143 1224,3152 1268,3112 1460,3113 1476,3097 1536,3092 1620,3092 1656,3128 1665,3128 1708,3163 1815,3164 1891,3093 2014,3097 2023,3088 2311,3096 2331,3116 2563,3124 2602,3163 2655,3113 2680,3120 2695,3116 2712,3132 2724,3132 2724,3196 2698,3210 2679,3199 2555,3199 2519,3190 2491,3190 2454,3202 2403,3202 2392,3194 2343,3202 2303,3198 2271,3229 2235,3245 2203,3245 2179,3266 2087,3264 2071,3252 2042,3248 1971,3249 1964,3256 1956,3249 1887,3248 1871,3232 1839,3232 1820,3213 1686,3213 1670,3229 1576,3229 1514,3288 1484,3264 1456,3256 1435,3236 1392,3237 1372,3257 1304,3257 1288,3244 1260,3248 1247,3237 1228,3245 1156,3245 1143,3256 1130,3244 1056,3244 1048,3236 916,3229 822,3312"/>
        <Baseline points="852,3222 902,3223 952,3218 1002,3216 1052,3216 1102,3213 1152,3212 1202,3211 1252,3210 1302,3208 1352,3206 1402,3205 1452,3204 1502,3203 1552,3203 1602,3201 1652,3200 1702,3198 1752,3197 1802,3197 1852,3196 1902,3197 1952,3197 2002,3197 2052,3196 2102,3196 2152,3195 2202,3194 2252,3190 2302,3188 2352,3188 2402,3186 2452,3185 2502,3183 2552,3184 2602,3183 2652,3180 2695,3180"/>
        <Word id="word_fa966914-6b94-4658-97f6-a30ce0426c8a">
          <Coords points="853,3187 903,3188 947,3183 952,3228 902,3233 852,3232"/>
          <TextEquiv>
            <Unicode>Tot</Unicode>
          </TextEquiv>
        </Word>
        <Word id="word_05bd5501-d2bf-4591-a9d3-b29bb2ca5eeb">
          <Coords points="985,3180 1004,3181 1052,3181 1100,3178 1151,3177 1201,3176 1251,3175 1301,3173 1344,3171 1346,3216 1302,3218 1252,3220 1202,3221 1152,3222 1103,3223 1052,3226 1001,3226 983,3225"/>
          <TextEquiv>
            <Unicode>Bevestinghe</Unicode>
          </TextEquiv>
        </Word>
        <Word id="word_06d25955-4107-4b5c-b69e-6901d9e42092">
          <Coords points="1378,3170 1402,3170 1451,3169 1501,3168 1510,3168 1510,3213 1502,3213 1452,3214 1402,3215 1378,3215"/>
          <TextEquiv>
            <Unicode>dan,</Unicode>
          </TextEquiv>
        </Word>
        <Word id="word_103377ea-709c-4d2b-ab43-d70cebda9ea2">
          <Coords points="1543,3168 1552,3168 1601,3166 1651,3165 1701,3163 1740,3162 1741,3207 1702,3208 1652,3210 1602,3211 1552,3213 1543,3213"/>
          <TextEquiv>
            <Unicode>tgeene</Unicode>
          </TextEquiv>
        </Word>
        <Word id="word_a510554a-950e-48e4-b58b-440e5bfc107c">
          <Coords points="1774,3162 1803,3162 1851,3161 1903,3162 1952,3162 2002,3162 2003,3162 2004,3207 2002,3207 1952,3207 1902,3207 1852,3206 1802,3207 1773,3207"/>
          <TextEquiv>
            <Unicode>voorsz.</Unicode>
          </TextEquiv>
        </Word>
        <Word id="word_5df72ff9-7bc2-4e9f-9e50-dd69cabb8d04">
          <Coords points="2036,3161 2051,3161 2102,3161 2151,3160 2201,3159 2249,3155 2301,3153 2333,3153 2333,3198 2302,3198 2253,3200 2202,3204 2152,3205 2102,3206 2052,3206 2037,3206"/>
          <TextEquiv>
            <Unicode>soodanich</Unicode>
          </TextEquiv>
        </Word>
        <Word id="word_4c43dc3e-e627-4361-975d-066227ab8c6d">
          <Coords points="2364,3153 2400,3151 2451,3150 2501,3148 2553,3149 2601,3148 2650,3145 2695,3145 2695,3190 2653,3190 2602,3193 2552,3194 2502,3193 2452,3195 2403,3196 2366,3198"/>
          <TextEquiv>
            <Unicode>gepasseert</Unicode>
          </TextEquiv>
        </Word>
        <TextEquiv conf="0.938978411474263">
          <Unicode>Tot Bevestinghe dan, tgeene voorsz. soodanich gepasseert</Unicode>
        </TextEquiv>
        <TextStyle xHeight="39"/>
      </TextLine>
      <TextLine id="e01f72da-1f25-4067-b230-90bed5f566ee">
        <Coords points="258,3230 296,3195 347,3194 366,3203 384,3190 406,3207 462,3206 471,3214 614,3226 658,3247 673,3247 701,3231 750,3229 750,3291 725,3291 714,3301 692,3286 677,3286 666,3297 655,3289 635,3309 613,3290 447,3290 407,3294 366,3324 296,3320 258,3333"/>
        <Baseline points="288,3276 338,3281 388,3281 438,3283 488,3283 538,3281 588,3279 638,3277 688,3278 721,3276"/>
        <Word id="word_b2a604f7-6b72-4d2c-a243-b7dc25c8a397">
          <Coords points="291,3241 335,3245 330,3290 287,3286"/>
          <TextEquiv>
            <Unicode>H</Unicode>
          </TextEquiv>
        </Word>
        <Word id="word_515ed53f-6909-492a-8945-bbcd91db163c">
          <Coords points="365,3251 379,3247 439,3248 488,3248 537,3246 587,3244 637,3242 689,3243 718,3241 721,3286 688,3288 638,3287 588,3289 538,3291 488,3293 438,3293 391,3291 377,3294"/>
          <TextEquiv>
            <Unicode>Hendrick</Unicode>
          </TextEquiv>
        </Word>
        <TextEquiv conf="0.8877066289941358">
          <Unicode>H Hendrick</Unicode>
        </TextEquiv>
        <TextStyle xHeight="29"/>
      </TextLine>
      <TextLine id="fed466f2-7973-48cf-9a04-07eb7ea70dbe">
        <Coords points="842,3286 856,3286 896,3246 955,3246 964,3237 1105,3241 1132,3244 1144,3254 1156,3245 1208,3246 1247,3234 1264,3246 1292,3245 1308,3258 1368,3258 1392,3238 1436,3237 1456,3257 1484,3265 1510,3287 1572,3226 1673,3226 1685,3214 1823,3214 1839,3229 1867,3229 1891,3249 2067,3249 2087,3261 2158,3266 2179,3266 2199,3246 2247,3242 2307,3195 2327,3203 2343,3203 2351,3195 2451,3203 2467,3191 2544,3191 2595,3241 2663,3246 2684,3227 2684,3289 2483,3296 2431,3347 2195,3343 2159,3307 1963,3300 1767,3308 1715,3358 1676,3354 1663,3362 1647,3355 1637,3363 1620,3362 1577,3320 1543,3331 1524,3315 1516,3323 1416,3323 1400,3316 1383,3330 1375,3323 1352,3336 1292,3331 1277,3343 1243,3316 1036,3320 960,3328 917,3370 904,3358 842,3363"/>
        <Baseline points="872,3318 922,3322 972,3318 1022,3314 1072,3312 1122,3309 1172,3309 1222,3308 1272,3308 1322,3308 1372,3308 1422,3307 1472,3305 1522,3305 1572,3303 1622,3302 1672,3300 1722,3299 1772,3298 1822,3297 1872,3296 1922,3295 1972,3293 2022,3291 2072,3291 2122,3290 2172,3289 2222,3288 2272,3287 2322,3285 2372,3285 2422,3284 2472,3283 2522,3283 2572,3281 2622,3279 2655,3274"/>
        <Word id="word_cc416f22-0fb5-45bb-96e6-451bf360526b">
          <Coords points="875,3283 925,3287 969,3283 992,3281 995,3326 973,3328 921,3332 871,3328"/>
          <TextEquiv>
            <Unicode>sij,</Unicode>
          </TextEquiv>
        </Word>
        <Word id="word_79b001fa-cd4f-403f-b6f1-f32b6715adc2">
          <Coords points="1024,3279 1071,3277 1120,3274 1172,3274 1209,3273 1210,3318 1172,3319 1123,3319 1072,3322 1026,3324"/>
          <TextEquiv>
            <Unicode>hebben</Unicode>
          </TextEquiv>
        </Word>
        <Word id="word_a4cffa27-d024-4e16-a10c-3796eca80e4e">
          <Coords points="1241,3273 1272,3273 1322,3273 1372,3273 1394,3273 1395,3318 1372,3318 1322,3318 1272,3318 1240,3318"/>
          <TextEquiv>
            <Unicode>desen</Unicode>
          </TextEquiv>
        </Word>
        <Word id="word_c27f78c0-0944-45ce-a7f6-f28f824ed128">
          <Coords points="1424,3272 1471,3270 1522,3270 1571,3268 1578,3268 1579,3313 1572,3313 1522,3315 1472,3315 1426,3317"/>
          <TextEquiv>
            <Unicode>onder</Unicode>
          </TextEquiv>
        </Word>
        <Word id="word_0134644d-60ab-46f0-ad5e-d70f2c21880c">
          <Coords points="1609,3267 1621,3267 1671,3265 1721,3264 1771,3263 1821,3262 1871,3261 1921,3260 1947,3259 1948,3304 1922,3305 1872,3306 1822,3307 1772,3308 1722,3309 1672,3310 1622,3312 1610,3312"/>
          <TextEquiv>
            <Unicode>presentatie</Unicode>
          </TextEquiv>
        </Word>
        <Word id="word_8718dae1-6e14-47db-8b7a-0c6647cb28e3">
          <Coords points="1977,3258 2021,3256 2071,3256 2071,3301 2022,3301 1979,3303"/>
          <TextEquiv>
            <Unicode>als</Unicode>
          </TextEquiv>
        </Word>
        <Word id="word_00d31dfa-6402-4867-81c5-8ccb559ced08">
          <Coords points="2100,3256 2120,3255 2171,3254 2221,3253 2255,3252 2256,3297 2222,3298 2172,3299 2122,3300 2102,3301"/>
          <TextEquiv>
            <Unicode>boven</Unicode>
          </TextEquiv>
        </Word>
        <Word id="word_5eeb3348-2b80-4709-8415-e4fdcadfebc7">
          <Coords points="2285,3252 2320,3250 2372,3250 2378,3250 2379,3295 2372,3295 2322,3295 2287,3297"/>
          <TextEquiv>
            <Unicode>met</Unicode>
          </TextEquiv>
        </Word>
        <Word id="word_937a03f5-2c8c-49a6-b73e-ffb4677de7d3">
          <Coords points="2409,3249 2421,3249 2471,3248 2522,3248 2571,3246 2621,3244 2650,3239 2656,3284 2622,3289 2572,3291 2522,3293 2472,3293 2422,3294 2410,3294"/>
          <TextEquiv>
            <Unicode>eijgener</Unicode>
          </TextEquiv>
        </Word>
        <TextEquiv conf="0.9438251015078988">
          <Unicode>sij, hebben desen onder presentatie als boven met eijgener</Unicode>
        </TextEquiv>
        <TextStyle xHeight="32"/>
      </TextLine>
      <TextLine id="line_94195c83-c51c-4d4d-9548-9db8d869c6fd">
        <Coords points="361,3288 610,3291 633,3313 655,3291 666,3296 688,3288 710,3307 748,3307 768,3315 805,3284 825,3284 834,3293 842,3284 842,3346 773,3349 690,3373 599,3377 590,3368 399,3369 384,3357 361,3353"/>
        <Baseline points="391,3345 441,3348 491,3347 541,3346 591,3343 641,3343 691,3340 741,3338 791,3334 813,3331"/>
        <Word id="word_5600d436-f9be-49f3-b951-f00906d6a3ea">
          <Coords points="393,3310 443,3313 490,3312 540,3311 589,3308 641,3308 689,3305 697,3305 699,3350 692,3350 641,3353 592,3353 541,3356 491,3357 440,3358 390,3355"/>
          <TextEquiv>
            <Unicode>Egbertsz</Unicode>
          </TextEquiv>
        </Word>
        <Word id="word_73b8abd0-4698-44b1-8ce5-002f5ebf951b">
          <Coords points="735,3303 740,3303 788,3299 808,3296 814,3341 792,3344 741,3348 737,3348"/>
          <TextEquiv>
            <Unicode>en</Unicode>
          </TextEquiv>
        </Word>
        <TextEquiv conf="0.8426778816247685">
          <Unicode>Egbertsz en</Unicode>
        </TextEquiv>
        <TextStyle xHeight="25"/>
      </TextLine>
      <TextLine id="line_8884beff-758e-4910-a80d-048a6e99a668">
        <Coords points="802,3310 824,3325 877,3283 872,3352 802,3352"/>
        <Baseline points="832,3331 848,3331"/>
        <Word id="word_6bb33dd8-27f3-4e06-86cc-6fffd6dab3ef">
          <Coords points="832,3296 848,3296 848,3341 832,3341"/>
          <TextEquiv>
            <Unicode>.</Unicode>
          </TextEquiv>
        </Word>
        <TextEquiv conf="0.22762154042720795">
          <Unicode>.</Unicode>
        </TextEquiv>
        <TextStyle xHeight="17"/>
      </TextLine>
      <TextLine id="line_66e24723-316c-4071-90d3-99691226be87">
        <Coords points="822,3365 882,3365 903,3357 917,3369 960,3326 1083,3318 1240,3318 1275,3353 1299,3330 1356,3334 1399,3314 1419,3321 1528,3321 1551,3330 1574,3353 1602,3353 1630,3365 1658,3353 1715,3358 1770,3306 2005,3306 2013,3298 2074,3298 2153,3305 2185,3332 2218,3332 2218,3394 2193,3395 2141,3447 2109,3463 2096,3454 2021,3454 1985,3418 1966,3418 1939,3391 1730,3403 1375,3407 1331,3435 1259,3434 1220,3418 1079,3419 1051,3442 1042,3434 876,3434 822,3447"/>
        <Baseline points="852,3422 902,3411 952,3407 1002,3403 1052,3401 1102,3399 1152,3397 1202,3397 1252,3396 1302,3395 1352,3395 1402,3393 1452,3391 1502,3392 1552,3390 1602,3389 1652,3388 1702,3387 1752,3386 1802,3385 1852,3383 1902,3383 1952,3381 2002,3380 2052,3379 2102,3377 2152,3377 2189,3379"/>
        <Word id="word_59867952-8e4d-41a7-8943-ecc053975513">
          <Coords points="844,3388 894,3377 949,3372 978,3370 982,3415 953,3417 904,3421 854,3432"/>
          <TextEquiv>
            <Unicode>hant</Unicode>
          </TextEquiv>
        </Word>
        <Word id="word_b8c22a61-85ca-479a-ad13-2524c59b0dd7">
          <Coords points="1013,3367 1051,3366 1101,3364 1151,3362 1202,3362 1251,3361 1301,3360 1352,3360 1401,3358 1404,3358 1406,3403 1402,3403 1352,3405 1302,3405 1252,3406 1202,3407 1152,3407 1102,3409 1052,3411 1014,3412"/>
          <TextEquiv>
            <Unicode>teeckeningen</Unicode>
          </TextEquiv>
        </Word>
        <Word id="word_e02c0b4b-007b-4172-9c21-4fc443bf78e8">
          <Coords points="1437,3357 1451,3356 1503,3357 1551,3355 1568,3355 1569,3400 1552,3400 1502,3402 1452,3401 1439,3402"/>
          <TextEquiv>
            <Unicode>ende</Unicode>
          </TextEquiv>
        </Word>
        <Word id="word_9cb28331-0d63-40ef-bdf9-32b6872ec8ec">
          <Coords points="1601,3354 1601,3354 1651,3353 1701,3352 1751,3351 1801,3350 1829,3349 1830,3394 1802,3395 1752,3396 1702,3397 1652,3398 1602,3399 1602,3399"/>
          <TextEquiv>
            <Unicode>mercken</Unicode>
          </TextEquiv>
        </Word>
        <Word id="word_1ce05d3d-14f1-4098-afcd-f28ca8192454">
          <Coords points="1863,3348 1902,3348 1951,3346 2001,3345 2051,3344 2101,3342 2152,3342 2191,3344 2188,3389 2152,3387 2102,3387 2052,3389 2002,3390 1952,3391 1902,3393 1862,3393"/>
          <TextEquiv>
            <Unicode>ondergess.</Unicode>
          </TextEquiv>
        </Word>
        <TextEquiv conf="0.9221805563696124">
          <Unicode>hant teeckeningen ende mercken ondergess.</Unicode>
        </TextEquiv>
        <TextStyle xHeight="38"/>
      </TextLine>
      <TextLine id="b44deb09-d492-4dd3-9a4e-8973e9251fd4">
        <Coords points="262,3353 275,3357 292,3345 352,3345 364,3357 384,3357 400,3370 548,3365 588,3369 600,3378 704,3377 732,3394 825,3387 825,3449 794,3471 768,3462 758,3467 752,3461 704,3461 652,3490 632,3482 605,3455 537,3459 484,3451 464,3463 436,3463 384,3515 262,3510"/>
        <Baseline points="292,3450 342,3449 392,3448 442,3447 492,3443 542,3444 592,3446 642,3442 692,3438 742,3436 792,3433 796,3434"/>
        <Word id="word_31c91cef-bf0e-4a99-a65f-090112ebf7f2">
          <Coords points="291,3415 341,3414 391,3413 417,3412 418,3457 392,3458 342,3459 292,3460"/>
          <TextEquiv>
            <Unicode>C1</Unicode>
          </TextEquiv>
        </Word>
        <Word id="word_7be4eb7c-43e2-4433-b777-a3224c7f917f">
          <Coords points="471,3413 482,3409 543,3409 593,3411 639,3407 689,3403 741,3401 790,3398 804,3400 793,3444 793,3443 742,3446 693,3448 643,3452 592,3456 542,3454 495,3453 484,3456"/>
          <TextEquiv>
            <Unicode>Carel</Unicode>
          </TextEquiv>
        </Word>
        <TextEquiv conf="0.5676208973826355">
          <Unicode>C1 Carel</Unicode>
        </TextEquiv>
        <TextStyle xHeight="36"/>
      </TextLine>
      <TextLine id="ce2b4a9e-151b-4e3d-a93b-cab73e1b5157">
        <Coords points="1272,3435 1338,3432 1378,3407 1590,3407 1598,3415 1673,3415 1697,3427 1880,3427 1905,3448 1940,3443 1953,3451 2097,3455 2110,3463 2133,3452 2177,3411 2429,3411 2441,3419 2459,3408 2468,3415 2516,3407 2564,3439 2625,3445 2625,3507 2618,3509 2572,3508 2556,3517 2286,3516 2255,3544 2217,3516 2105,3521 2085,3512 2013,3512 1949,3573 1917,3589 1901,3588 1885,3572 1853,3568 1709,3573 1701,3581 1653,3580 1645,3572 1606,3577 1574,3548 1530,3548 1518,3536 1482,3532 1272,3533"/>
        <Baseline points="1302,3524 1352,3522 1402,3522 1452,3521 1502,3519 1552,3519 1602,3517 1652,3516 1702,3514 1752,3515 1802,3514 1852,3510 1902,3508 1952,3504 2002,3502 2052,3501 2102,3499 2152,3498 2202,3499 2252,3498 2302,3496 2352,3495 2402,3494 2452,3493 2502,3491 2552,3491 2596,3492"/>
        <Word id="word_17a87304-df60-4974-bcaf-df79133fd01e">
          <Coords points="1301,3489 1351,3487 1402,3487 1451,3486 1473,3485 1475,3530 1452,3531 1402,3532 1352,3532 1302,3534"/>
          <TextEquiv>
            <Unicode>sora</Unicode>
          </TextEquiv>
        </Word>
        <Word id="word_12708c9e-7592-43eb-8b92-d86257647ad5">
          <Coords points="1518,3483 1553,3484 1601,3482 1651,3481 1701,3479 1734,3480 1733,3525 1702,3524 1652,3526 1602,3527 1552,3529 1518,3528"/>
          <TextEquiv>
            <Unicode>desen</Unicode>
          </TextEquiv>
        </Word>
        <Word id="word_676b38c0-2eee-432b-9344-6293c47a18e1">
          <Coords points="1775,3481 1800,3479 1849,3475 1901,3473 1949,3469 1991,3467 1992,3512 1953,3514 1902,3518 1853,3520 1803,3524 1777,3525"/>
          <TextEquiv>
            <Unicode>25=en</Unicode>
          </TextEquiv>
        </Word>
        <Word id="word_919984c5-dd08-4366-bde2-e841a9b1247c">
          <Coords points="2036,3466 2053,3466 2101,3464 2151,3463 2203,3464 2251,3463 2301,3461 2351,3460 2401,3459 2423,3459 2424,3504 2402,3504 2352,3505 2302,3506 2252,3508 2202,3509 2152,3508 2102,3509 2052,3511 2035,3511"/>
          <TextEquiv>
            <Unicode>Januarijo</Unicode>
          </TextEquiv>
        </Word>
        <Word id="word_0a28ef17-ec10-41be-a182-9349c38dd306">
          <Coords points="2465,3458 2500,3456 2552,3456 2597,3457 2596,3502 2552,3501 2502,3501 2467,3503"/>
          <TextEquiv>
            <Unicode>A=o</Unicode>
          </TextEquiv>
        </Word>
        <TextEquiv conf="0.8819216929492175">
          <Unicode>sora desen 25=en Januarijo A=o</Unicode>
        </TextEquiv>
        <TextStyle xHeight="44"/>
      </TextLine>
      <TextLine id="cce41b30-2b93-46a3-af78-4162914ed116">
        <Coords points="439,3461 465,3461 477,3453 522,3453 541,3461 605,3453 636,3484 662,3488 729,3453 729,3515 721,3506 624,3511 588,3547 549,3550 505,3538 489,3547 439,3547"/>
        <Baseline points="469,3509 519,3507 569,3505 619,3501 669,3497 700,3500"/>
        <Word id="word_bb359563-416f-4002-91c2-e93d5516a6a9">
          <Coords points="468,3474 518,3472 568,3470 616,3466 666,3462 703,3465 699,3510 670,3507 620,3511 569,3515 519,3517 469,3519"/>
          <TextEquiv>
            <Unicode>frise</Unicode>
          </TextEquiv>
        </Word>
        <TextEquiv conf="0.5370194847510562">
          <Unicode>frise</Unicode>
        </TextEquiv>
        <TextStyle xHeight="25"/>
      </TextLine>
      <TextLine id="line_24db228d-cad4-4ba5-9dd0-2c3bb8ad466d">
        <Coords points="840,3444 882,3431 1045,3432 1052,3439 1065,3428 1172,3431 1210,3469 1210,3532 1113,3525 840,3541"/>
        <Baseline points="870,3531 920,3527 970,3524 1020,3523 1070,3521 1120,3518 1170,3515 1181,3517"/>
        <Word id="word_70ebc88b-6fa8-4acd-bc07-98dff4ace743">
          <Coords points="867,3496 917,3492 968,3489 973,3489 974,3534 971,3534 921,3537 871,3541"/>
          <TextEquiv>
            <Unicode>In</Unicode>
          </TextEquiv>
        </Word>
        <Word id="word_82dd1341-dced-4c09-8099-4e5b430d6916">
          <Coords points="1024,3488 1069,3486 1118,3483 1168,3480 1187,3483 1179,3527 1171,3525 1121,3528 1070,3531 1026,3533"/>
          <TextEquiv>
            <Unicode>Bas</Unicode>
          </TextEquiv>
        </Word>
        <TextEquiv conf="0.8051139999047814">
          <Unicode>In Bas</Unicode>
        </TextEquiv>
        <TextStyle xHeight="41"/>
      </TextLine>
      <TextLine id="a2ffe4c3-e272-4bd6-ae44-372508f296c0">
        <Coords points="1979,3511 2146,3507 2153,3514 2217,3514 2255,3544 2288,3514 2496,3514 2508,3526 2681,3530 2695,3543 2705,3538 2705,3602 2681,3619 2568,3610 2380,3611 2365,3600 2329,3600 2321,3607 2309,3600 2217,3600 2157,3603 2134,3626 2122,3618 2090,3650 2065,3649 2053,3637 1989,3637 1979,3627"/>
        <Baseline points="2009,3590 2059,3590 2109,3589 2159,3590 2209,3592 2259,3591 2309,3590 2359,3590 2409,3590 2459,3589 2509,3589 2559,3589 2609,3589 2659,3588 2676,3586"/>
        <Word id="word_5d04c279-3f0e-4af8-a835-1c2cb3aa0f73">
          <Coords points="2009,3555 2059,3555 2108,3554 2160,3555 2210,3557 2258,3556 2308,3555 2359,3555 2368,3555 2368,3600 2359,3600 2309,3600 2259,3601 2209,3602 2159,3600 2109,3599 2059,3600 2009,3600"/>
          <TextEquiv>
            <Unicode>michiel</Unicode>
          </TextEquiv>
        </Word>
        <Word id="word_fc66210e-ad67-4570-a932-b7080f808f9b">
          <Coords points="2419,3555 2458,3554 2509,3554 2559,3554 2609,3554 2658,3553 2672,3551 2677,3596 2659,3598 2609,3599 2559,3599 2509,3599 2459,3599 2420,3600"/>
          <TextEquiv>
            <Unicode>wilms</Unicode>
          </TextEquiv>
        </Word>
        <TextEquiv conf="0.8837382744357322">
          <Unicode>michiel wilms</Unicode>
        </TextEquiv>
        <TextStyle xHeight="43"/>
      </TextLine>
      <TextLine id="line_7db54e78-f050-40cd-925d-e791ab534d09">
        <Coords points="281,3550 291,3542 339,3538 386,3538 399,3549 503,3550 515,3541 582,3550 622,3511 782,3506 842,3561 855,3563 855,3626 806,3628 766,3659 746,3665 721,3643 610,3643 595,3651 575,3631 451,3631 411,3619 383,3628 359,3619 281,3624"/>
        <Baseline points="311,3610 361,3608 411,3605 461,3603 511,3601 561,3599 611,3598 661,3600 711,3601 761,3598 811,3607 826,3610"/>
        <Word id="word_6ddc7980-2997-472e-9fc4-668d07b49ff0">
          <Coords points="310,3575 360,3573 400,3571 403,3616 361,3618 311,3620"/>
          <TextEquiv>
            <Unicode>Sr.</Unicode>
          </TextEquiv>
        </Word>
        <Word id="word_a069c86a-4761-4458-921f-bae0541175a9">
          <Coords points="431,3569 460,3568 510,3566 560,3564 610,3563 616,3563 614,3608 611,3608 561,3609 511,3611 461,3613 433,3614"/>
          <TextEquiv>
            <Unicode>Thomas</Unicode>
          </TextEquiv>
        </Word>
        <Word id="word_c9f18888-c797-43a0-9aca-d706c5bb0f91">
          <Coords points="646,3564 662,3565 712,3566 759,3563 817,3573 833,3576 824,3620 809,3617 762,3608 711,3611 661,3610 645,3609"/>
          <TextEquiv>
            <Unicode>Bruijn</Unicode>
          </TextEquiv>
        </Word>
        <TextEquiv conf="0.8074421535735476">
          <Unicode>Sr. Thomas Bruijn</Unicode>
        </TextEquiv>
        <TextStyle xHeight="40"/>
      </TextLine>
      <TextLine id="line_47f1db70-a91f-45df-9813-60f7c72255a1">
        <Coords points="1161,3536 1479,3531 1515,3535 1531,3551 1571,3551 1591,3571 1607,3576 1627,3564 1736,3563 1736,3625 1723,3625 1683,3661 1663,3647 1647,3648 1619,3620 1307,3625 1295,3629 1215,3709 1161,3709"/>
        <Baseline points="1191,3620 1241,3620 1291,3619 1341,3617 1391,3616 1441,3615 1491,3613 1541,3612 1591,3610 1641,3608 1691,3607 1707,3610"/>
        <Word id="word_9cdf9e6b-0751-4676-a0a0-24e1001739c6">
          <Coords points="1191,3585 1241,3585 1290,3584 1293,3584 1295,3629 1291,3629 1241,3630 1191,3630"/>
          <TextEquiv>
            <Unicode>ses</Unicode>
          </TextEquiv>
        </Word>
        <Word id="word_203851cd-1685-4d5c-927d-33aa3d6b9a85">
          <Coords points="1327,3583 1340,3582 1390,3581 1397,3581 1398,3626 1391,3626 1341,3627 1329,3627"/>
          <TextEquiv>
            <Unicode>en</Unicode>
          </TextEquiv>
        </Word>
        <Word id="word_b599d5ef-7c02-4e08-b4e3-96072352a695">
          <Coords points="1431,3580 1440,3580 1490,3578 1540,3577 1590,3575 1640,3573 1690,3572 1713,3576 1705,3620 1691,3617 1641,3618 1591,3620 1541,3622 1491,3623 1441,3625 1432,3625"/>
          <TextEquiv>
            <Unicode>Veertich</Unicode>
          </TextEquiv>
        </Word>
        <TextEquiv conf="0.906099188142805">
          <Unicode>ses en Veertich</Unicode>
        </TextEquiv>
        <TextStyle xHeight="33"/>
      </TextLine>
      <TextLine id="f1ea819a-d313-49ad-97b0-f009b74eab26">
        <Coords points="829,3566 962,3565 986,3585 1022,3593 1042,3613 1114,3613 1153,3578 1186,3576 1186,3638 1094,3638 1050,3681 1030,3689 938,3688 903,3661 881,3658 868,3646 829,3641"/>
        <Baseline points="859,3624 909,3626 959,3627 1009,3626 1059,3621 1109,3621 1157,3623"/>
        <Word id="word_4f264f19-bdac-4b61-9f89-00ac1cc71177">
          <Coords points="860,3589 910,3591 960,3592 1008,3591 1056,3586 1109,3586 1158,3588 1157,3633 1109,3631 1060,3631 1009,3636 959,3637 909,3636 859,3634"/>
          <TextEquiv>
            <Unicode>xviC.</Unicode>
          </TextEquiv>
        </Word>
        <TextEquiv conf="0.5904924551675423">
          <Unicode>xviC.</Unicode>
        </TextEquiv>
        <TextStyle xHeight="32"/>
      </TextLine>
      <TextLine id="b78a78e6-6fa4-479c-8db2-dd550a82829e">
        <Coords points="1392,3625 1621,3622 1650,3649 1681,3662 1741,3607 1949,3610 1969,3630 1985,3629 1993,3637 2053,3637 2065,3649 2089,3650 2121,3618 2134,3622 2153,3603 2310,3599 2321,3606 2332,3599 2369,3599 2384,3614 2464,3614 2496,3645 2541,3646 2541,3708 2468,3708 2432,3731 2411,3719 2391,3723 2375,3707 2349,3707 2334,3720 2314,3711 2292,3719 2260,3699 2217,3704 2205,3696 2101,3696 2094,3703 2057,3696 2026,3724 1945,3728 1905,3727 1885,3707 1845,3707 1793,3747 1761,3728 1725,3723 1697,3739 1671,3731 1634,3731 1618,3739 1575,3731 1482,3731 1474,3723 1392,3723"/>
        <Baseline points="1422,3687 1472,3686 1522,3688 1572,3690 1622,3689 1672,3691 1722,3694 1772,3693 1822,3692 1872,3691 1922,3688 1972,3687 2022,3685 2072,3685 2122,3683 2172,3682 2222,3684 2272,3685 2322,3685 2372,3685 2422,3685 2472,3689 2512,3693"/>
        <Word id="word_104c97d2-05fd-4b6b-ae60-1d291335b9e6">
          <Coords points="1421,3652 1471,3651 1523,3653 1573,3655 1621,3654 1673,3656 1724,3659 1727,3659 1727,3704 1721,3704 1672,3701 1622,3699 1572,3700 1522,3698 1472,3696 1422,3697"/>
          <TextEquiv>
            <Unicode>Nadolps</Unicode>
          </TextEquiv>
        </Word>
        <Word id="word_d135939d-8e1c-4295-b073-981224ea7c90">
          <Coords points="1770,3658 1771,3658 1821,3657 1871,3656 1920,3653 1971,3652 2021,3650 2072,3650 2121,3648 2163,3647 2164,3692 2122,3693 2072,3695 2022,3695 1972,3697 1923,3698 1872,3701 1822,3702 1772,3703 1771,3703"/>
          <TextEquiv>
            <Unicode>gaysharet</Unicode>
          </TextEquiv>
        </Word>
        <Word id="word_e6e5b66b-7f75-4272-b959-335a9e2d259a">
          <Coords points="2213,3647 2228,3650 2273,3650 2322,3650 2338,3650 2338,3695 2322,3695 2272,3695 2220,3694 2205,3691"/>
          <TextEquiv>
            <Unicode>Jan</Unicode>
          </TextEquiv>
        </Word>
        <Word id="word_29f7c3ca-316d-4a91-8d63-4b7d4151a82e">
          <Coords points="2381,3650 2422,3650 2475,3654 2515,3658 2511,3703 2471,3699 2422,3695 2381,3695"/>
          <TextEquiv>
            <Unicode>Ham</Unicode>
          </TextEquiv>
        </Word>
        <TextEquiv conf="0.756462943230068">
          <Unicode>Nadolps gaysharet Jan Ham</Unicode>
        </TextEquiv>
        <TextStyle xHeight="34"/>
      </TextLine>
      <TextLine id="f1a5a7f3-ed15-451c-af5d-1c392162a54b">
        <Coords points="302,3621 359,3618 370,3629 392,3630 575,3629 593,3647 602,3641 727,3645 747,3664 795,3641 960,3646 960,3708 843,3718 831,3730 799,3729 771,3709 747,3705 699,3706 674,3730 639,3730 616,3717 584,3717 559,3730 528,3729 485,3702 429,3699 405,3702 368,3737 348,3726 302,3729"/>
        <Baseline points="332,3692 382,3691 432,3689 482,3689 532,3691 582,3693 632,3694 682,3695 732,3694 782,3694 832,3695 882,3695 931,3693"/>
        <Word id="word_62ca2e60-1756-4139-b2b1-0ebe1dc25137">
          <Coords points="331,3657 381,3656 431,3654 444,3654 444,3699 432,3699 382,3701 332,3702"/>
          <TextEquiv>
            <Unicode>Jan</Unicode>
          </TextEquiv>
        </Word>
        <Word id="word_a6feb177-ea5a-4359-9f47-0d2ac64ce85b">
          <Coords points="482,3654 482,3654 533,3656 583,3658 633,3659 683,3660 731,3659 782,3659 833,3660 882,3660 930,3658 931,3703 882,3705 832,3705 782,3704 732,3704 682,3705 632,3704 582,3703 532,3701 482,3699 482,3699"/>
          <TextEquiv>
            <Unicode>Stephaenszen</Unicode>
          </TextEquiv>
        </Word>
        <TextEquiv conf="0.8915822293290661">
          <Unicode>Jan Stephaenszen</Unicode>
        </TextEquiv>
        <TextStyle xHeight="29"/>
      </TextLine>
      <TextLine id="line_2856840c-0d49-4b38-8937-2ec860178909">
        <Coords points="301,3731 346,3727 357,3738 367,3737 403,3703 421,3699 549,3702 566,3719 614,3718 654,3731 674,3731 698,3707 726,3706 773,3710 801,3731 833,3731 849,3715 909,3715 941,3694 985,3694 1009,3715 1165,3715 1165,3777 981,3781 962,3800 765,3800 718,3788 419,3788 392,3761 323,3765 301,3773"/>
        <Baseline points="331,3747 381,3751 431,3753 481,3753 531,3755 581,3755 631,3755 681,3755 731,3758 781,3759 831,3759 881,3759 931,3758 981,3757 1031,3759 1081,3763 1131,3763 1136,3762"/>
        <Word id="word_55269573-3598-49a3-b131-3662192021cd">
          <Coords points="334,3712 384,3716 432,3718 481,3718 532,3720 581,3720 631,3720 653,3720 653,3765 631,3765 581,3765 531,3765 481,3763 431,3763 380,3761 330,3757"/>
          <TextEquiv>
            <Unicode>Bastiaen</Unicode>
          </TextEquiv>
        </Word>
        <Word id="word_a6cc1190-45a7-4551-b2c9-19f867d5894c">
          <Coords points="696,3720 734,3723 782,3724 831,3724 881,3724 930,3723 980,3722 1032,3724 1084,3728 1129,3728 1131,3728 1138,3772 1131,3773 1080,3773 1031,3769 981,3767 931,3768 881,3769 831,3769 781,3769 730,3768 693,3765"/>
          <TextEquiv>
            <Unicode>Adriaenszen</Unicode>
          </TextEquiv>
        </Word>
        <TextEquiv conf="0.9122969716095594">
          <Unicode>Bastiaen Adriaenszen</Unicode>
        </TextEquiv>
        <TextStyle xHeight="26"/>
      </TextLine>
      <TextLine id="line_6c227c7e-e31c-40c1-837e-2d73a18a03a5">
        <Coords points="1381,3723 1471,3722 1479,3730 1575,3730 1615,3739 1627,3731 1671,3731 1698,3739 1722,3722 1762,3726 1782,3746 1794,3747 1842,3707 1882,3706 1918,3738 1963,3741 1963,3804 1914,3809 1899,3799 1873,3814 1852,3798 1686,3791 1663,3799 1644,3787 1575,3787 1545,3806 1523,3794 1439,3794 1415,3772 1381,3768"/>
        <Baseline points="1411,3762 1461,3771 1511,3777 1561,3778 1611,3779 1661,3780 1711,3781 1761,3783 1811,3786 1861,3787 1911,3787 1934,3788"/>
        <Word id="word_2c3707ba-9e60-423c-90ca-377c45d2e26c">
          <Coords points="1417,3728 1467,3737 1515,3742 1562,3743 1612,3744 1662,3745 1673,3745 1672,3790 1661,3790 1611,3789 1561,3788 1510,3787 1459,3781 1409,3772"/>
          <TextEquiv>
            <Unicode>vorgen</Unicode>
          </TextEquiv>
        </Word>
        <Word id="word_1150927d-edcb-463b-b976-81fc872863f7">
          <Coords points="1717,3746 1762,3748 1813,3751 1862,3752 1911,3752 1936,3753 1934,3798 1911,3797 1861,3797 1810,3796 1761,3793 1715,3791"/>
          <TextEquiv>
            <Unicode>ienen</Unicode>
          </TextEquiv>
        </Word>
        <TextEquiv conf="0.45997636348298226">
          <Unicode>vorgen ienen</Unicode>
        </TextEquiv>
        <TextStyle xHeight="24"/>
      </TextLine>
      <TextLine id="b87db556-0186-4409-8dc8-16f8625c56ab">
        <Coords points="1943,3726 2027,3726 2061,3695 2094,3702 2101,3695 2141,3691 2208,3691 2229,3702 2261,3702 2293,3718 2316,3713 2359,3726 2383,3715 2391,3722 2410,3718 2418,3726 2476,3729 2551,3721 2661,3724 2661,3787 2601,3831 2577,3811 2552,3811 2527,3787 2512,3792 2495,3780 2469,3787 2460,3780 2392,3783 2376,3792 2360,3780 2253,3784 2197,3823 2174,3811 2093,3811 2085,3803 2041,3804 2010,3819 1943,3811"/>
        <Baseline points="1973,3778 2023,3775 2073,3772 2123,3771 2173,3772 2223,3771 2273,3771 2323,3771 2373,3771 2423,3771 2473,3771 2523,3771 2573,3770 2623,3770 2632,3772"/>
        <Word id="word_387917d4-86dc-4180-8e40-89696a257277">
          <Coords points="1971,3743 2021,3740 2071,3737 2122,3736 2174,3737 2222,3736 2237,3736 2237,3781 2223,3781 2173,3782 2123,3781 2074,3782 2024,3785 1974,3788"/>
          <TextEquiv>
            <Unicode>Gerrit</Unicode>
          </TextEquiv>
        </Word>
        <Word id="word_44606749-7af0-4335-afe0-4bab9e3888f3">
          <Coords points="2281,3736 2323,3736 2373,3736 2423,3736 2473,3736 2523,3736 2572,3735 2623,3735 2640,3738 2630,3782 2623,3780 2573,3780 2523,3781 2473,3781 2423,3781 2373,3781 2323,3781 2281,3781"/>
          <TextEquiv>
            <Unicode>Waterman</Unicode>
          </TextEquiv>
        </Word>
        <TextEquiv conf="0.9394883095053108">
          <Unicode>Gerrit Waterman</Unicode>
        </TextEquiv>
        <TextStyle xHeight="38"/>
      </TextLine>
      <TextLine id="accbf777-751c-4e20-a6dd-5279ee65d928">
        <Coords points="1301,3726 1469,3726 1477,3734 1575,3730 1615,3739 1631,3730 1670,3730 1682,3742 1718,3742 1734,3726 1762,3726 1785,3747 1837,3746 1854,3753 1881,3777 1910,3765 1965,3809 2002,3821 2038,3806 2086,3805 2173,3809 2193,3825 2250,3782 2355,3778 2377,3789 2393,3781 2465,3786 2493,3778 2505,3789 2538,3794 2557,3812 2579,3812 2601,3832 2625,3812 2697,3813 2714,3829 2730,3821 2730,3885 2712,3887 2674,3914 2653,3898 2633,3895 2604,3915 2525,3874 2501,3875 2489,3887 2461,3867 2441,3867 2421,3886 2401,3867 2170,3867 2126,3907 2101,3895 2084,3909 2070,3895 2046,3894 2034,3882 1994,3894 1965,3867 1953,3866 1918,3866 1901,3879 1879,3863 1838,3863 1818,3875 1799,3859 1754,3859 1734,3879 1710,3879 1687,3859 1658,3863 1650,3855 1573,3859 1547,3852 1539,3859 1495,3863 1399,3863 1379,3847 1301,3852"/>
        <Baseline points="1331,3818 1381,3825 1431,3834 1481,3841 1531,3844 1581,3846 1631,3847 1681,3849 1731,3850 1781,3852 1831,3853 1881,3856 1931,3856 1981,3857 2031,3859 2081,3858 2131,3857 2181,3858 2231,3858 2281,3858 2331,3858 2381,3859 2431,3859 2481,3861 2531,3862 2581,3864 2631,3866 2681,3868 2701,3869"/>
        <Word id="word_384e7533-ce4a-4d4d-b9ee-9478076ad78b">
          <Coords points="1336,3783 1386,3790 1437,3800 1486,3806 1533,3809 1582,3811 1632,3812 1656,3813 1654,3858 1631,3857 1581,3856 1530,3854 1480,3851 1429,3844 1380,3835 1330,3828"/>
          <TextEquiv>
            <Unicode>alexander</Unicode>
          </TextEquiv>
        </Word>
        <Word id="word_17e526b8-34e6-4b99-a7ed-41c85991b0d7">
          <Coords points="1691,3814 1732,3815 1782,3817 1832,3818 1883,3821 1931,3821 1980,3822 1979,3867 1931,3866 1880,3866 1831,3863 1781,3862 1731,3860 1690,3859"/>
          <TextEquiv>
            <Unicode>Aernetje</Unicode>
          </TextEquiv>
        </Word>
        <Word id="word_fe6e488f-08f1-41e8-86d7-c1bbd40e63f4">
          <Coords points="2018,3823 2034,3824 2080,3823 2130,3822 2182,3823 2231,3823 2281,3823 2304,3823 2304,3868 2281,3868 2231,3868 2181,3868 2131,3867 2081,3868 2030,3869 2014,3868"/>
          <TextEquiv>
            <Unicode>Johannis</Unicode>
          </TextEquiv>
        </Word>
        <Word id="word_df1c7d15-5038-40aa-9bae-d30f86e2dbe4">
          <Coords points="2341,3823 2382,3824 2431,3824 2482,3826 2532,3827 2582,3829 2632,3831 2682,3833 2703,3834 2700,3879 2681,3878 2631,3876 2581,3874 2531,3872 2481,3871 2431,3869 2381,3869 2340,3868"/>
          <TextEquiv>
            <Unicode>Schaelkens</Unicode>
          </TextEquiv>
        </Word>
        <TextEquiv conf="0.8342822210509968">
          <Unicode>alexander Aernetje Johannis Schaelkens</Unicode>
        </TextEquiv>
        <TextStyle xHeight="32"/>
      </TextLine>
      <TextLine id="b09c28da-cdb6-429d-b91e-0fcd7df68794">
        <Coords points="329,3772 411,3780 423,3789 755,3792 770,3803 805,3803 873,3862 986,3863 986,3925 774,3925 726,3967 435,3954 392,3994 376,3983 329,3983"/>
        <Baseline points="359,3908 409,3905 459,3904 509,3902 559,3903 609,3903 659,3905 709,3907 759,3908 809,3908 859,3908 909,3908 957,3910"/>
        <Word id="word_6ff4f70b-622c-4969-ab1e-8d70286397e9">
          <Coords points="357,3873 407,3870 458,3869 508,3867 560,3868 573,3868 573,3913 559,3913 509,3912 459,3914 410,3915 360,3918"/>
          <TextEquiv>
            <Unicode>Jacob</Unicode>
          </TextEquiv>
        </Word>
        <Word id="word_4c601368-16cb-49d0-b854-ea31aee402f9">
          <Coords points="617,3868 661,3870 710,3872 760,3873 809,3873 859,3873 909,3873 958,3875 957,3920 909,3918 859,3918 809,3918 759,3918 709,3917 659,3915 615,3913"/>
          <TextEquiv>
            <Unicode>Janszen.</Unicode>
          </TextEquiv>
        </Word>
        <TextEquiv conf="0.87460304044298">
          <Unicode>Jacob Janszen.</Unicode>
        </TextEquiv>
        <TextStyle xHeight="46"/>
      </TextLine>
      <TextLine id="line_4d5a62ca-46a8-4b78-bd0f-021c84118803">
        <Coords points="1306,3852 1380,3847 1400,3864 1496,3864 1540,3860 1548,3852 1574,3860 1651,3856 1658,3863 1684,3856 1703,3875 1731,3880 1751,3860 1802,3860 1817,3872 1835,3864 1879,3864 1899,3880 1919,3864 1987,3864 2004,3868 2019,3883 2035,3883 2047,3895 2075,3899 2113,3864 2255,3868 2271,3884 2291,3872 2321,3871 2335,3880 2347,3868 2401,3868 2422,3885 2441,3868 2462,3868 2482,3887 2506,3875 2542,3880 2562,3899 2575,3897 2603,3916 2632,3896 2666,3904 2689,3891 2699,3899 2713,3887 2715,3952 2686,3973 2666,3955 2279,3955 2255,3975 2183,3975 2171,3966 2143,3967 2101,4001 2077,3982 1987,3974 1940,3936 1823,3936 1787,3960 1659,3960 1636,3939 1548,3939 1525,3920 1306,3920"/>
        <Baseline points="1336,3899 1386,3903 1436,3902 1486,3904 1536,3904 1586,3906 1636,3908 1686,3910 1736,3914 1786,3916 1836,3920 1886,3925 1936,3929 1986,3927 2036,3927 2086,3926 2136,3925 2186,3926 2236,3926 2286,3924 2336,3926 2386,3924 2436,3924 2486,3922 2536,3925 2586,3929 2636,3933 2686,3937"/>
        <Word id="word_6a323e46-b660-4980-b9b6-235a14c0acc1">
          <Coords points="1339,3864 1389,3868 1435,3867 1487,3869 1536,3869 1576,3871 1574,3916 1536,3914 1486,3914 1436,3912 1385,3913 1335,3909"/>
          <TextEquiv>
            <Unicode>Daninl</Unicode>
          </TextEquiv>
        </Word>
        <Word id="word_78a25c93-ac9a-4af7-a4de-2561d0844e17">
          <Coords points="1615,3872 1637,3873 1687,3875 1739,3879 1787,3881 1839,3885 1856,3887 1851,3932 1835,3930 1786,3926 1735,3924 1686,3920 1636,3918 1614,3917"/>
          <TextEquiv>
            <Unicode>Buntir</Unicode>
          </TextEquiv>
        </Word>
        <Word id="word_abd2705d-c64f-44cd-9951-b03cb3e78e3c">
          <Coords points="1894,3891 1939,3894 1985,3892 2036,3892 2085,3891 2135,3890 2187,3891 2210,3891 2210,3936 2186,3936 2136,3935 2086,3936 2036,3937 1986,3937 1935,3939 1891,3936"/>
          <TextEquiv>
            <Unicode>Leendert</Unicode>
          </TextEquiv>
        </Word>
        <Word id="word_ca216abb-0308-4891-b19f-e54e80cca7fa">
          <Coords points="2247,3891 2284,3889 2337,3891 2385,3889 2436,3889 2485,3887 2538,3890 2589,3894 2639,3898 2689,3902 2685,3947 2635,3943 2585,3939 2535,3935 2486,3932 2436,3934 2386,3934 2336,3936 2287,3934 2250,3936"/>
          <TextEquiv>
            <Unicode>pietetersen</Unicode>
          </TextEquiv>
        </Word>
        <TextEquiv conf="0.7856264741805918">
          <Unicode>Daninl Buntir Leendert pietetersen</Unicode>
        </TextEquiv>
        <TextStyle xHeight="34"/>
      </TextLine>
      <TextLine id="line_53f1f5e1-4cf7-4ea7-a604-9ca2b46cc5a7">
        <Coords points="1345,3920 1523,3920 1551,3940 1638,3940 1658,3960 1786,3961 1822,3937 1939,3937 1990,3976 2073,3980 2097,4000 2149,3964 2173,3964 2189,3977 2512,3980 2532,3999 2637,4006 2637,4068 2604,4086 2580,4069 2544,4069 2527,4054 2472,4054 2428,4082 2393,4081 2377,4065 2349,4064 2305,4085 2250,4054 2239,4062 2217,4056 2209,4061 2195,4049 2149,4046 2101,4058 2073,4041 2013,4037 1997,4050 1972,4046 1945,4062 1880,4049 1842,4078 1818,4082 1784,4073 1764,4053 1718,4053 1684,4033 1658,4033 1651,4026 1551,4022 1526,4045 1502,4021 1345,4017"/>
        <Baseline points="1375,3992 1425,3996 1475,3998 1525,4002 1575,4008 1625,4016 1675,4018 1725,4028 1775,4031 1825,4036 1875,4039 1925,4036 1975,4024 2025,4024 2075,4029 2125,4035 2175,4038 2225,4037 2275,4039 2325,4040 2375,4039 2425,4040 2475,4042 2525,4044 2575,4048 2608,4053"/>
        <Word id="word_05101eb2-9eb3-4793-b263-404aa7705063">
          <Coords points="1378,3957 1428,3961 1476,3963 1528,3967 1579,3973 1631,3981 1676,3983 1703,3988 1694,4032 1675,4028 1623,4026 1574,4018 1524,4012 1475,4008 1424,4006 1374,4002"/>
          <TextEquiv>
            <Unicode>Jasper</Unicode>
          </TextEquiv>
        </Word>
        <Word id="word_5e3489f3-8ced-4ba1-abf6-1755ce99c335">
          <Coords points="1747,3998 1773,3996 1828,4001 1877,4004 1923,4001 1967,3990 2025,3989 2074,3994 2069,4038 2025,4034 1977,4034 1926,4046 1874,4049 1824,4046 1776,4041 1750,4043"/>
          <TextEquiv>
            <Unicode>Jersen</Unicode>
          </TextEquiv>
        </Word>
        <Word id="word_128a92fc-e341-414c-a8b7-a28fa31904e0">
          <Coords points="2147,4008 2148,4009 2177,4003 2224,4002 2276,4004 2326,4005 2374,4004 2426,4005 2476,4007 2526,4009 2578,4013 2612,4018 2606,4063 2574,4058 2525,4054 2475,4052 2425,4050 2375,4049 2325,4050 2275,4049 2225,4047 2174,4048 2118,4042 2117,4041"/>
          <TextEquiv>
            <Unicode>kaspmnsen</Unicode>
          </TextEquiv>
        </Word>
        <TextEquiv conf="0.6315068869713707">
          <Unicode>Jasper Jersen kaspmnsen</Unicode>
        </TextEquiv>
        <TextStyle xHeight="38"/>
      </TextLine>
      <TextLine id="ca084ac2-964f-447c-88e3-031090ad1927">
        <Coords points="1321,4018 1502,4021 1527,4045 1547,4029 1605,4029 1627,4046 1684,4033 1719,4053 1764,4053 1795,4080 1815,4081 1843,4077 1878,4049 1944,4062 1972,4046 1996,4053 2015,4037 2071,4041 2095,4061 2151,4046 2240,4046 2255,4061 2304,4084 2351,4061 2375,4065 2391,4080 2424,4084 2451,4073 2471,4054 2524,4054 2537,4067 2544,4062 2551,4069 2580,4069 2603,4085 2631,4066 2644,4066 2644,4129 2622,4135 2603,4127 2587,4139 2570,4124 2549,4142 2532,4130 2517,4135 2511,4129 2432,4126 2416,4139 2407,4131 2351,4131 2335,4118 2279,4118 2272,4112 2223,4118 2209,4111 2197,4123 2183,4111 2153,4127 2112,4108 2096,4108 2080,4123 2067,4123 2039,4107 2003,4107 1975,4127 1895,4127 1872,4146 1819,4163 1807,4154 1763,4162 1739,4150 1663,4150 1626,4116 1585,4143 1519,4138 1503,4126 1450,4135 1435,4122 1404,4115 1321,4115"/>
        <Baseline points="1351,4086 1401,4092 1451,4094 1501,4099 1551,4103 1601,4106 1651,4109 1701,4113 1751,4112 1801,4113 1851,4115 1901,4109 1951,4099 2001,4090 2051,4091 2101,4094 2151,4095 2201,4100 2251,4103 2301,4106 2351,4110 2401,4111 2451,4111 2501,4114 2551,4117 2601,4113 2615,4113"/>
        <Word id="word_b3ca6b93-7927-4d31-855f-2fa1d44fbfbd">
          <Coords points="1355,4051 1405,4057 1452,4059 1504,4064 1554,4068 1603,4071 1653,4074 1704,4078 1750,4077 1802,4078 1816,4079 1815,4124 1801,4123 1751,4122 1700,4123 1650,4119 1600,4116 1550,4113 1500,4109 1451,4104 1400,4102 1350,4096"/>
          <TextEquiv>
            <Unicode>diercksters</Unicode>
          </TextEquiv>
        </Word>
        <Word id="word_d832e99e-3619-44dc-818f-c537dc3fcab4">
          <Coords points="1852,4081 1896,4074 1944,4065 1995,4056 2052,4056 2103,4059 2109,4059 2108,4104 2100,4104 2051,4101 2003,4100 1953,4109 1902,4119 1859,4125"/>
          <TextEquiv>
            <Unicode>Pieter</Unicode>
          </TextEquiv>
        </Word>
        <Word id="word_a333b988-1af8-4d6e-b90f-69840dd196d9">
          <Coords points="2151,4060 2152,4060 2204,4065 2253,4068 2303,4071 2354,4075 2402,4076 2451,4076 2503,4079 2553,4082 2598,4078 2615,4078 2615,4123 2602,4123 2550,4127 2500,4124 2451,4121 2401,4121 2350,4120 2300,4116 2250,4113 2200,4110 2151,4105 2151,4105"/>
          <TextEquiv>
            <Unicode>Hendrijcken</Unicode>
          </TextEquiv>
        </Word>
        <TextEquiv conf="0.6294391458926969">
          <Unicode>diercksters Pieter Hendrijcken</Unicode>
        </TextEquiv>
        <TextStyle xHeight="29"/>
      </TextLine>
      <TextLine id="line_3cfbe6ac-afff-420b-9dbd-ecbbbec6681b">
        <Coords points="1338,4115 1404,4115 1412,4123 1436,4123 1452,4136 1504,4127 1516,4135 1580,4143 1591,4143 1627,4116 1668,4150 1736,4150 1764,4162 1808,4154 1820,4163 1838,4163 1900,4124 1980,4124 2004,4100 2088,4100 2156,4128 2184,4111 2198,4123 2210,4111 2224,4119 2273,4112 2280,4119 2336,4119 2352,4132 2412,4135 2433,4120 2456,4131 2534,4131 2546,4143 2569,4126 2592,4140 2614,4127 2636,4144 2665,4119 2665,4180 2658,4172 2624,4177 2600,4196 2584,4196 2568,4180 2484,4173 2448,4206 2416,4182 2368,4176 2361,4169 2300,4169 2270,4197 2232,4184 2210,4189 2172,4172 2160,4173 2136,4193 2120,4186 2099,4202 2081,4185 2070,4193 2048,4185 2004,4193 1968,4221 1908,4225 1884,4224 1869,4209 1816,4208 1804,4216 1790,4205 1776,4205 1764,4217 1740,4217 1714,4232 1700,4220 1600,4216 1584,4200 1440,4205 1412,4204 1396,4192 1338,4192"/>
        <Baseline points="1368,4168 1418,4171 1468,4173 1518,4177 1568,4181 1618,4185 1668,4190 1718,4192 1768,4195 1818,4196 1868,4199 1918,4200 1968,4189 2018,4185 2068,4173 2118,4164 2168,4159 2218,4159 2268,4159 2318,4159 2368,4162 2418,4163 2468,4163 2518,4165 2568,4165 2618,4161 2636,4165"/>
        <Word id="word_10373077-6c69-49f6-8cda-c1fae03d9ad2">
          <Coords points="1370,4133 1420,4136 1469,4138 1521,4142 1571,4146 1617,4150 1613,4195 1567,4191 1517,4187 1468,4183 1417,4181 1367,4178"/>
          <TextEquiv>
            <Unicode>Gerrit</Unicode>
          </TextEquiv>
        </Word>
        <Word id="word_51e24419-8a2e-4bc3-b88b-72aaff99b731">
          <Coords points="1660,4153 1673,4155 1719,4157 1770,4160 1819,4161 1870,4164 1902,4165 1901,4210 1867,4209 1818,4206 1767,4205 1718,4202 1666,4200 1653,4198"/>
          <TextEquiv>
            <Unicode>poulix</Unicode>
          </TextEquiv>
        </Word>
        <Word id="word_9cfaf77a-06e5-47f1-8bef-a236d173f02d">
          <Coords points="1928,4168 1954,4157 2015,4150 2060,4139 2112,4130 2165,4124 2184,4124 2184,4169 2169,4169 2120,4174 2070,4183 2019,4195 1972,4198 1946,4210"/>
          <TextEquiv>
            <Unicode>Wouter</Unicode>
          </TextEquiv>
        </Word>
        <Word id="word_d0b61863-5e27-4eb5-9993-8f5f655a13d4">
          <Coords points="2225,4124 2268,4124 2318,4124 2370,4127 2419,4128 2468,4128 2519,4130 2568,4130 2615,4126 2642,4131 2633,4174 2619,4171 2568,4175 2518,4175 2468,4173 2418,4173 2367,4172 2318,4169 2268,4169 2225,4169"/>
          <TextEquiv>
            <Unicode>hendricksz</Unicode>
          </TextEquiv>
        </Word>
        <TextEquiv conf="0.8754687624407463">
          <Unicode>Gerrit poulix Wouter hendricksz</Unicode>
        </TextEquiv>
        <TextStyle xHeight="37"/>
      </TextLine>
      <TextLine id="line_53b5ab4d-81f2-4c71-a4d0-17d77b3e6c75">
        <Coords points="1996,4193 2034,4190 2045,4201 2065,4201 2078,4189 2097,4203 2114,4191 2130,4197 2158,4174 2174,4173 2210,4197 2222,4186 2234,4188 2258,4170 2278,4166 2286,4173 2363,4170 2370,4177 2410,4182 2426,4170 2461,4170 2470,4177 2515,4174 2522,4181 2564,4181 2582,4199 2594,4191 2600,4197 2662,4152 2691,4170 2691,4233 2658,4227 2621,4258 2614,4251 2594,4251 2574,4262 2550,4246 2434,4255 2394,4238 2374,4255 2334,4259 2326,4252 2317,4259 2278,4234 2218,4234 2177,4254 2158,4242 2130,4242 2105,4259 2082,4259 2030,4243 1996,4259"/>
        <Baseline points="2026,4234 2076,4234 2126,4229 2176,4225 2226,4224 2276,4222 2326,4217 2376,4218 2426,4221 2476,4223 2526,4223 2576,4225 2626,4222 2662,4218"/>
        <Word id="word_96111aea-aac8-4936-80d3-8305a607542f">
          <Coords points="2026,4199 2076,4199 2123,4194 2173,4190 2225,4189 2252,4188 2254,4233 2226,4234 2177,4235 2127,4239 2076,4244 2026,4244"/>
          <TextEquiv>
            <Unicode>Balte</Unicode>
          </TextEquiv>
        </Word>
        <Word id="word_4db10ca7-f758-45a8-b4d7-225ecc0e50c8">
          <Coords points="2293,4186 2321,4182 2377,4183 2428,4186 2477,4188 2526,4188 2577,4190 2624,4187 2658,4183 2663,4228 2627,4232 2576,4235 2526,4233 2476,4233 2425,4231 2376,4228 2327,4227 2300,4231"/>
          <TextEquiv>
            <Unicode>pieterse</Unicode>
          </TextEquiv>
        </Word>
        <TextEquiv conf="0.9411507423156328">
          <Unicode>Balte pieterse</Unicode>
        </TextEquiv>
        <TextStyle xHeight="32"/>
      </TextLine>
      <TextLine id="line_7a883454-f73f-4776-a2d7-9a839100549e">
        <Coords points="1354,4183 1505,4184 1512,4191 1572,4198 1616,4218 1702,4222 1712,4231 1740,4215 1764,4215 1776,4203 1865,4207 1904,4246 1928,4255 1979,4254 1987,4262 2016,4243 2084,4259 2105,4259 2128,4246 2163,4246 2176,4258 2208,4234 2325,4230 2364,4255 2400,4236 2424,4255 2554,4246 2581,4262 2600,4243 2620,4243 2627,4250 2668,4223 2677,4229 2677,4292 2660,4281 2639,4289 2528,4289 2372,4301 2351,4313 2271,4308 2260,4315 2251,4308 2232,4320 2208,4300 2116,4300 2105,4289 1976,4297 1951,4309 1924,4292 1876,4293 1859,4305 1835,4284 1796,4285 1780,4300 1756,4277 1540,4276 1525,4261 1354,4260"/>
        <Baseline points="1384,4247 1434,4249 1484,4251 1534,4253 1584,4254 1634,4258 1684,4261 1734,4263 1784,4263 1834,4262 1884,4276 1934,4279 1984,4280 2034,4280 2084,4281 2134,4281 2184,4282 2234,4283 2284,4282 2334,4287 2384,4291 2434,4289 2484,4285 2534,4282 2584,4281 2634,4279 2648,4276"/>
        <Word id="word_fe134eac-73da-440c-842c-cf63af343ded">
          <Coords points="1385,4212 1435,4214 1485,4216 1535,4218 1561,4219 1560,4264 1534,4263 1484,4261 1434,4259 1384,4257"/>
          <TextEquiv>
            <Unicode>dirck</Unicode>
          </TextEquiv>
        </Word>
        <Word id="word_3c232f0d-b16a-4527-be5d-86a6e6985a04">
          <Coords points="1599,4219 1637,4223 1686,4226 1735,4228 1784,4228 1805,4228 1806,4273 1784,4273 1734,4273 1683,4271 1633,4268 1594,4264"/>
          <TextEquiv>
            <Unicode>maertz</Unicode>
          </TextEquiv>
        </Word>
        <Word id="word_a2b492a3-73ef-4d28-ba23-1922ae92582a">
          <Coords points="1852,4229 1895,4243 1911,4243 1909,4288 1881,4285 1838,4271"/>
          <TextEquiv>
            <Unicode>is</Unicode>
          </TextEquiv>
        </Word>
        <Word id="word_6a11855c-5ca1-4288-80a6-77051d031db4">
          <Coords points="1945,4245 1984,4245 2034,4245 2085,4246 2134,4246 2185,4247 2192,4247 2191,4292 2184,4292 2134,4291 2084,4291 2034,4290 1984,4290 1944,4290"/>
          <TextEquiv>
            <Unicode>tmerck+</Unicode>
          </TextEquiv>
        </Word>
        <Word id="word_1ff90952-a38c-4f45-aa60-c9802fa43ed3">
          <Coords points="2227,4248 2235,4248 2283,4247 2335,4252 2331,4297 2284,4292 2234,4293 2226,4293"/>
          <TextEquiv>
            <Unicode>bij</Unicode>
          </TextEquiv>
        </Word>
        <Word id="word_ce85347c-7455-4d8e-9c42-2e2f14efd7fc">
          <Coords points="2368,4255 2385,4256 2433,4254 2481,4250 2532,4247 2583,4246 2633,4244 2640,4242 2650,4286 2634,4289 2584,4291 2535,4292 2485,4295 2434,4299 2384,4301 2366,4300"/>
          <TextEquiv>
            <Unicode>Cornelis</Unicode>
          </TextEquiv>
        </Word>
        <TextEquiv conf="0.7731905928535003">
          <Unicode>dirck maertz is tmerck+ bij Cornelis</Unicode>
        </TextEquiv>
        <TextStyle xHeight="33"/>
      </TextLine>
      <TextLine id="line_70d176e3-bb76-4b9c-82ce-79a8f9e54e9d">
        <Coords points="2299,4311 2358,4311 2372,4299 2444,4295 2595,4299 2607,4287 2655,4283 2690,4315 2727,4295 2727,4358 2694,4388 2670,4371 2638,4387 2555,4378 2416,4383 2407,4374 2388,4374 2368,4391 2299,4391"/>
        <Baseline points="2329,4356 2379,4350 2429,4349 2479,4348 2529,4347 2579,4344 2629,4342 2679,4342 2698,4342"/>
        <Word id="word_821bae1c-e194-4604-83c3-43728aa39616">
          <Coords points="2325,4321 2375,4315 2428,4314 2460,4313 2461,4358 2429,4359 2380,4360 2330,4366"/>
          <TextEquiv>
            <Unicode>selfs</Unicode>
          </TextEquiv>
        </Word>
        <Word id="word_f150a0ec-0482-478e-9d6e-dc4be3c1b651">
          <Coords points="2486,4313 2528,4312 2577,4309 2628,4307 2679,4307 2698,4307 2698,4352 2679,4352 2629,4352 2580,4354 2529,4357 2487,4358"/>
          <TextEquiv>
            <Unicode>gestelt.</Unicode>
          </TextEquiv>
        </Word>
        <TextEquiv conf="0.9164021953452972">
          <Unicode>selfs gestelt.</Unicode>
        </TextEquiv>
        <TextStyle xHeight="31"/>
      </TextLine>
      <TextLine id="line_8a104ad4-cd35-4107-a88c-6125cd597726">
        <Coords points="1366,4260 1521,4260 1540,4278 1757,4274 1783,4295 1799,4286 1835,4286 1855,4306 1876,4296 1876,4358 1863,4365 1683,4368 1667,4372 1651,4388 1600,4388 1588,4400 1500,4391 1388,4391 1366,4383"/>
        <Baseline points="1396,4346 1446,4349 1496,4351 1546,4350 1596,4352 1646,4354 1696,4352 1746,4351 1796,4352 1846,4343 1847,4343"/>
        <Word id="word_edfab0d1-4c9e-42ee-9b9a-dfd9217f9fa0">
          <Coords points="1398,4311 1448,4314 1497,4316 1545,4315 1586,4317 1584,4362 1546,4360 1496,4361 1445,4359 1395,4356"/>
          <TextEquiv>
            <Unicode>kiper</Unicode>
          </TextEquiv>
        </Word>
        <Word id="word_c21480b1-be3b-4276-a253-1325cf4a5db2">
          <Coords points="1623,4318 1647,4319 1695,4317 1745,4316 1797,4317 1840,4309 1847,4308 1848,4353 1847,4353 1796,4362 1746,4361 1696,4362 1646,4364 1621,4363"/>
          <TextEquiv>
            <Unicode>peters</Unicode>
          </TextEquiv>
        </Word>
        <TextEquiv conf="0.869874789505311">
          <Unicode>kiper peters</Unicode>
        </TextEquiv>
        <TextStyle xHeight="45"/>
      </TextLine>
      <TextLine id="e9b200f8-c945-4fa7-871f-edc03fb1032e">
        <Coords points="1837,4336 1864,4336 1914,4288 1950,4309 2050,4289 2088,4289 2105,4300 2208,4300 2232,4321 2251,4309 2263,4316 2281,4297 2281,4359 2273,4350 2258,4365 2212,4364 2196,4376 2184,4364 2161,4364 2117,4389 2092,4372 2077,4372 2042,4392 2029,4381 1982,4384 1897,4365 1873,4389 1837,4392"/>
        <Baseline points="1867,4344 1917,4346 1967,4348 2017,4349 2067,4350 2117,4349 2167,4346 2217,4347 2252,4344"/>
        <Word id="word_8798be77-5395-48f9-bcb0-e424ef4672b6">
          <Coords points="1868,4309 1918,4311 1968,4313 2018,4314 2068,4315 2074,4315 2075,4360 2067,4360 2017,4359 1967,4358 1917,4356 1867,4354"/>
          <TextEquiv>
            <Unicode>aldersz</Unicode>
          </TextEquiv>
        </Word>
        <Word id="word_d7a7d1e7-5135-471c-b734-559db3469f40">
          <Coords points="2103,4314 2116,4314 2165,4311 2218,4312 2249,4309 2253,4354 2217,4357 2168,4356 2117,4359 2104,4359"/>
          <TextEquiv>
            <Unicode>graef</Unicode>
          </TextEquiv>
        </Word>
        <TextEquiv conf="0.9166927053867898">
          <Unicode>aldersz graef</Unicode>
        </TextEquiv>
        <TextStyle xHeight="25"/>
      </TextLine>
      <TextLine id="line_90d2f218-eded-47d1-a6f6-170264c8018c">
        <Coords points="1838,4393 1873,4389 1897,4365 1979,4384 2019,4385 2034,4377 2051,4388 2070,4377 2090,4377 2118,4389 2169,4356 2197,4376 2246,4374 2246,4436 2201,4439 2110,4427 2078,4443 2050,4428 2018,4442 1960,4419 1838,4423"/>
        <Baseline points="1868,4410 1918,4405 1968,4408 2018,4412 2068,4417 2118,4420 2168,4418 2217,4421"/>
        <Word id="word_a0c83625-4763-4472-a581-17e7ce15fc66">
          <Coords points="1865,4375 1915,4370 1965,4373 1963,4418 1919,4415 1869,4420"/>
          <TextEquiv>
            <Unicode>een</Unicode>
          </TextEquiv>
        </Word>
        <Word id="word_42828af3-5bd1-475b-8063-3e1a44621d08">
          <Coords points="1998,4375 2022,4377 2071,4382 2120,4385 2167,4383 2219,4386 2216,4431 2168,4428 2117,4430 2067,4427 2017,4422 1994,4420"/>
          <TextEquiv>
            <Unicode>frsell:</Unicode>
          </TextEquiv>
        </Word>
        <TextEquiv conf="0.6975075540021303">
          <Unicode>een frsell:</Unicode>
        </TextEquiv>
        <TextStyle xHeight="23"/>
      </TextLine>
      <TextLine id="line_9e8b34d6-addd-42ba-b913-0c566cfa0189">
        <Coords points="1843,4424 1958,4416 1969,4427 2020,4443 2053,4427 2082,4443 2105,4428 2204,4432 2220,4428 2236,4412 2336,4411 2348,4423 2379,4423 2400,4436 2432,4435 2433,4499 2384,4493 2370,4504 2354,4489 2340,4489 2324,4503 2314,4496 2292,4516 2280,4516 2241,4485 2147,4492 2137,4485 2100,4485 2055,4504 2031,4496 2016,4481 1969,4481 1957,4492 1945,4481 1928,4493 1909,4481 1889,4493 1843,4497"/>
        <Baseline points="1873,4475 1923,4468 1973,4468 2023,4467 2073,4472 2123,4474 2173,4476 2223,4478 2273,4478 2323,4479 2373,4482 2404,4484"/>
        <Word id="word_8cd2039b-b036-4a5b-b400-dac7622e1749">
          <Coords points="1868,4440 1918,4433 1973,4433 2022,4432 2076,4437 2086,4438 2085,4482 2072,4482 2023,4477 1973,4478 1924,4478 1874,4485"/>
          <TextEquiv>
            <Unicode>gerrit</Unicode>
          </TextEquiv>
        </Word>
        <Word id="word_51ce9b6f-6ff6-43f1-8199-86364ad0766a">
          <Coords points="2122,4439 2124,4439 2174,4441 2224,4443 2273,4443 2324,4444 2375,4447 2406,4449 2403,4494 2372,4492 2323,4489 2273,4488 2223,4488 2173,4486 2123,4484 2120,4484"/>
          <TextEquiv>
            <Unicode>Laeckens</Unicode>
          </TextEquiv>
        </Word>
        <TextEquiv conf="0.872985453408706">
          <Unicode>gerrit Laeckens</Unicode>
        </TextEquiv>
        <TextStyle xHeight="30"/>
      </TextLine>
      <TextLine id="line_0520058b-c959-4cd4-ae2e-9a5bcd6f396e">
        <Coords points="1866,4498 1924,4475 2012,4478 2032,4498 2054,4505 2104,4483 2147,4491 2157,4486 2169,4498 2184,4487 2199,4487 2212,4498 2230,4487 2344,4487 2370,4503 2380,4494 2497,4496 2497,4558 2429,4571 2405,4547 2336,4544 2328,4552 2288,4556 2276,4547 2255,4563 2200,4532 2180,4532 2160,4552 2132,4539 2099,4560 2064,4551 2034,4524 2016,4542 1992,4528 1951,4527 1919,4540 1885,4516 1866,4516"/>
        <Baseline points="1896,4510 1946,4510 1996,4511 2046,4513 2096,4520 2146,4520 2196,4523 2246,4524 2296,4526 2346,4530 2396,4534 2446,4538 2468,4543"/>
        <Word id="word_aff3fe38-a4ca-4328-b2d5-c806b45ba0c6">
          <Coords points="1896,4475 1946,4475 1997,4476 2047,4478 2065,4480 2058,4525 2046,4523 1996,4521 1946,4520 1896,4520"/>
          <TextEquiv>
            <Unicode>mies</Unicode>
          </TextEquiv>
        </Word>
        <Word id="word_d62fd877-9a75-49dc-bcc3-772935178696">
          <Coords points="2100,4486 2146,4485 2198,4488 2247,4489 2297,4491 2349,4495 2399,4499 2449,4503 2476,4509 2466,4553 2445,4548 2395,4544 2345,4540 2296,4536 2246,4534 2195,4533 2146,4530 2100,4531"/>
          <TextEquiv>
            <Unicode>pieterson</Unicode>
          </TextEquiv>
        </Word>
        <TextEquiv conf="0.8439854219021797">
          <Unicode>mies pieterson</Unicode>
        </TextEquiv>
        <TextStyle xHeight="29"/>
      </TextLine>
      <TextLine id="line_561e31c3-e902-4dd2-9987-51c4c1c030ba">
        <Coords points="1851,4511 1881,4511 1901,4528 1927,4536 1945,4527 1992,4528 2016,4542 2034,4524 2064,4551 2100,4560 2132,4539 2159,4552 2179,4532 2205,4532 2218,4540 2279,4532 2305,4552 2327,4552 2339,4543 2406,4547 2422,4560 2507,4552 2507,4614 2456,4613 2448,4621 2315,4614 2287,4602 2164,4597 2157,4590 2120,4594 2109,4586 2032,4586 2025,4593 1980,4594 1957,4609 1913,4601 1882,4621 1873,4612 1851,4612"/>
        <Baseline points="1881,4560 1931,4564 1981,4567 2031,4574 2081,4577 2131,4580 2181,4583 2231,4589 2281,4594 2331,4600 2381,4604 2431,4603 2478,4599"/>
        <Word id="word_7b85b21e-009e-4317-88da-c56d8e37c2f7">
          <Coords points="1884,4525 1934,4529 1983,4532 2036,4539 2083,4542 2133,4545 2183,4548 2201,4550 2196,4595 2180,4593 2130,4590 2080,4587 2030,4584 1980,4577 1930,4574 1880,4570"/>
          <TextEquiv>
            <Unicode>Christius</Unicode>
          </TextEquiv>
        </Word>
        <Word id="word_761d4397-c53d-4141-bd79-967dddda8493">
          <Coords points="2236,4554 2284,4559 2335,4565 2384,4569 2430,4568 2475,4564 2479,4609 2431,4613 2380,4614 2330,4610 2280,4604 2231,4599"/>
          <TextEquiv>
            <Unicode>Stoubin</Unicode>
          </TextEquiv>
        </Word>
        <TextEquiv conf="0.710688717014828">
          <Unicode>Christius Stoubin</Unicode>
        </TextEquiv>
        <TextStyle xHeight="23"/>
      </TextLine>
      <TextLine id="line_3282eb7b-0c5e-4ab1-ab5b-d88d89288f38">
        <Coords points="1846,4611 1872,4611 1882,4621 1911,4602 1960,4607 1982,4594 2008,4594 2016,4602 2058,4606 2088,4630 2110,4622 2121,4626 2164,4598 2295,4603 2315,4614 2431,4613 2447,4622 2487,4610 2515,4610 2523,4618 2595,4550 2683,4557 2724,4592 2724,4655 2687,4692 2642,4684 2600,4707 2535,4703 2514,4695 2459,4704 2411,4699 2396,4688 2368,4703 2339,4692 2319,4707 2263,4699 2244,4687 2201,4687 2185,4696 2141,4680 2096,4688 2088,4696 2016,4704 1846,4704"/>
        <Baseline points="1876,4639 1926,4641 1976,4642 2026,4641 2076,4643 2126,4643 2176,4645 2226,4647 2276,4651 2326,4651 2376,4651 2426,4649 2476,4646 2526,4643 2576,4640 2626,4639 2676,4638 2695,4639"/>
        <Word id="word_a122ab4c-a607-4eea-b2f9-b40fb9c5b210">
          <Coords points="1877,4604 1927,4606 1977,4607 2025,4606 2035,4606 2033,4651 2026,4651 1976,4652 1926,4651 1876,4649"/>
          <TextEquiv>
            <Unicode>leger</Unicode>
          </TextEquiv>
        </Word>
        <Word id="word_cec0a584-4a39-4188-a416-fb694fa621dc">
          <Coords points="2066,4608 2077,4608 2126,4608 2177,4610 2227,4612 2279,4616 2326,4616 2349,4616 2349,4661 2326,4661 2275,4661 2226,4657 2176,4655 2126,4653 2076,4653 2065,4653"/>
          <TextEquiv>
            <Unicode>Jouijssen</Unicode>
          </TextEquiv>
        </Word>
        <Word id="word_4ef199bd-0623-49a1-9dfe-0dc88f951ce0">
          <Coords points="2379,4616 2424,4614 2472,4611 2475,4656 2426,4659 2381,4661"/>
          <TextEquiv>
            <Unicode>van</Unicode>
          </TextEquiv>
        </Word>
        <Word id="word_a4a5ddf9-f8c9-4641-81f0-7c52fa4d1b40">
          <Coords points="2504,4609 2524,4608 2574,4605 2600,4605 2601,4650 2577,4650 2527,4653 2507,4654"/>
          <TextEquiv>
            <Unicode>der</Unicode>
          </TextEquiv>
        </Word>
        <Word id="word_53bc6676-fdb3-4946-a501-d340f83336d1">
          <Coords points="2631,4604 2675,4603 2697,4604 2694,4649 2676,4648 2632,4649"/>
          <TextEquiv>
            <Unicode>ka</Unicode>
          </TextEquiv>
        </Word>
        <TextEquiv conf="0.824018236373125">
          <Unicode>leger Jouijssen van der ka</Unicode>
        </TextEquiv>
        <TextStyle xHeight="36"/>
      </TextLine>
    </TextRegion>
    <TextRegion id="region_27cbb2f2-b871-453a-805b-83e439e48c28_3" custom="structure {type:catch-word;}">
      <Coords points="2320,4545 2317,4541 2313,4541 2310,4538 2296,4538 2293,4535 2273,4535 2259,4521 2246,4521 2242,4525 2239,4525 2236,4528 2232,4528 2229,4531 2219,4531 2215,4535 2212,4535 2209,4538 2202,4538 2198,4541 2188,4541 2185,4545 2168,4545 2168,4548 2165,4552 2165,4558 2168,4562 2175,4562 2178,4558 2182,4558 2185,4562 2188,4562 2192,4565 2195,4565 2198,4568 2202,4568 2205,4572 2212,4572 2215,4575 2222,4575 2225,4579 2229,4579 2232,4582 2236,4582 2239,4585 2256,4585 2259,4582 2266,4582 2269,4579 2273,4579 2276,4575 2283,4575 2286,4572 2293,4572 2296,4575 2303,4575 2310,4568 2313,4568 2313,4565 2317,4562 2317,4552 2320,4548"/>
    </TextRegion>
    <TextRegion id="region_a6741361-9445-4955-91c6-268c158a2edc_2" custom="structure {type:catch-word;}">
      <Coords points="2364,4650 2357,4643 2354,4643 2347,4636 2340,4636 2337,4633 2317,4633 2313,4636 2300,4636 2296,4639 2269,4639 2266,4643 2263,4643 2259,4646 2256,4643 2246,4643 2236,4653 2229,4653 2225,4656 2219,4656 2313,4656 2317,4660 2340,4660 2344,4656 2357,4656 2360,4653 2364,4653"/>
    </TextRegion>
    <TextRegion id="region_75d9dc97-e8db-48b8-b049-8151a86b798d">
      <Coords points="260,1014 357,1014 357,1038 260,1038"/>
      <TextLine id="bf3f66f1-aa5a-4abf-8b38-c06f9785f4e1">
        <Coords points="230,979 248,971 384,977 384,1039 248,1046 230,1038"/>
        <Baseline points="260,1032 310,1025 355,1024"/>
        <Word id="word_ea3c32cd-2895-4f2a-9c23-7dde1b365313">
          <Coords points="255,997 305,990 354,989 355,1034 311,1035 261,1042"/>
          <TextEquiv>
            <Unicode>42</Unicode>
          </TextEquiv>
        </Word>
        <TextEquiv conf="0.3886896253970269">
          <Unicode>42</Unicode>
        </TextEquiv>
        <TextStyle xHeight="67"/>
      </TextLine>
    </TextRegion>
    <TextRegion id="c510c4de-2c74-46d1-874a-b2f42609dc97">
      <Coords points="451,1010 1279,1010 1279,1040 451,1040"/>
      <TextLine id="e4477602-87b8-4250-8b85-99b4d71da3e5">
        <Coords points="424,855 506,858 546,895 962,894 982,914 1034,914 1122,994 1219,994 1238,1011 1282,1011 1307,986 1307,1047 1222,1047 1211,1036 1022,1036 994,1047 554,1047 546,1055 424,1055"/>
        <Baseline points="454,1031 504,1028 554,1027 604,1027 654,1027 704,1027 754,1027 804,1028 854,1028 904,1026 954,1023 1004,1022 1054,1022 1104,1022 1154,1024 1204,1026 1254,1028 1278,1032"/>
        <TextStyle xHeight="45"/>
      </TextLine>
    </TextRegion>
    <TextRegion id="a4ab7ee0-44a4-44a6-b16a-64d33cf9af30">
      <Coords points="1134,773 1462,773 1462,801 1134,801"/>
      <TextLine id="line_1b243df4-d188-40dc-aad5-83d27e87b849">
        <Coords points="1104,776 1159,773 1174,780 1181,773 1209,773 1229,756 1259,765 1336,693 1356,693 1376,712 1455,712 1476,732 1488,730 1488,792 1463,811 1447,810 1409,787 1396,795 1367,795 1359,803 1224,795 1211,807 1185,811 1134,810 1118,798 1104,799"/>
        <Baseline points="1134,790 1184,789 1234,787 1284,786 1334,782 1384,779 1434,778 1459,777"/>
        <Word id="word_f2e03c02-01e1-4909-b58a-adbd49da6519">
          <Coords points="1133,755 1183,754 1233,752 1283,751 1331,747 1382,744 1433,743 1458,742 1459,787 1434,788 1385,789 1335,792 1284,796 1234,797 1184,799 1134,800"/>
          <TextEquiv>
            <Unicode>Leeren</Unicode>
          </TextEquiv>
        </Word>
        <TextEquiv conf="0.8230687401741772">
          <Unicode>Leeren</Unicode>
        </TextEquiv>
        <TextStyle xHeight="23"/>
      </TextLine>
    </TextRegion>
  </Page>
</PcGts>
