3642 4883
967 670 1372 732 Septembr.
1415 671 1552 718 Ano
1596 669 1777 717 1645

1309 810 1409 859 want
1432 808 1582 854 d'waer
1606 808 1731 854 geijt
1754 810 1829 855 van
1853 810 1953 856 dese
1977 811 2126 856 boecke
2150 812 2250 858 ende
2273 813 2348 859 UE:
2372 813 2545 859 secrete
2570 808 2941 859 onderhandelinge
2965 807 3040 853 met
3062 805 3164 853 dese
3187 809 3216 855 —

1273 921 1443 970 vaesche
1466 915 1661 965 scheemen
1685 914 1831 960 sullen
1853 912 1952 958 sich
1976 912 2121 957 selven
2146 912 2364 958 openbaren
2387 912 2485 958 ende
2509 907 2679 956 tijdigh
2703 906 2752 951 d'
2776 906 2897 951 Weeld
2922 904 3116 953 genought
3139 900 3237 948 saem
3259 898 3285 944 —

1304 1032 1510 1084 bekent
1544 1025 1784 1077 maecken
1814 1017 1920 1071 et.

1075 1178 1134 1228 Af
1155 1169 1215 1219 30
1237 1164 1270 1212 d
1295 1160 1323 1205 o
1349 1157 1460 1205 niet
1487 1150 1843 1201 remarcquabels
1869 1148 2198 1195 voorgevallen
2224 1146 2335 1192 Onse
2361 1143 2499 1190 peens
2525 1137 2691 1187 bennen
2716 1134 2772 1180 nu
2799 1134 2909 1180 twee
2936 1134 3073 1179 dagen
3099 1133 3211 1180 acht
3236 1135 3292 1183 en

1313 1270 1388 1319 den
1410 1263 1580 1314 anderen
1603 1260 1676 1307 met
1700 1258 1772 1305 den
1795 1255 1965 1303 vijanet
1989 1252 2133 1299 doende
2156 1248 2351 1296 geweest,
2374 1245 2567 1296 hebbende
2589 1239 2759 1289 d'selve
2781 1237 2831 1284 op
2854 1234 2951 1281 haer
2975 1229 3169 1279 desentie
3192 1230 3264 1275 aen
3286 1231 3319 1280 —

1297 1368 1500 1425 seeckere
1524 1363 1650 1412 tancq
1675 1361 1901 1408 Ingewacht
1925 1356 2026 1405 vene
2050 1355 2101 1401 op
2125 1354 2176 1399 't
2200 1352 2402 1399 aencomen
2427 1349 2578 1397 eenige
2600 1339 2802 1395 gequetst

1762 1536 2075 1597 october
2119 1530 2299 1580 Aaro
2343 1527 2389 1573 1
2432 1522 2567 1569 645

1549 1647 1696 1697 Mo

1621 1743 1706 1793 d.o
1732 1737 1977 1787 vertreckt
2003 1735 2086 1781 met
2113 1732 2357 1780 resolutie
2385 1732 2548 1777 vanden
2574 1728 2711 1776 Raedt
2738 1726 2793 1772 1'
2819 1726 2955 1773 schip
2982 1726 3064 1773 NE:
3091 1725 3338 1773 amsterdam

1303 1871 1405 1923 ende
1424 1865 1479 1914 T:
1503 1855 1629 1909 Jaljo
1649 1851 1703 1897 d'
1727 1846 1853 1896 Aracq
1874 1841 1952 1890 van
1976 1839 2052 1885 dee
2074 1835 2201 1884 rhede
2225 1834 2375 1880 naerse
2400 1833 2650 1880 engaelgen,
2674 1830 2775 1878 omme
2799 1831 2974 1877 gemelte
2999 1831 3123 1877 schip
3147 1831 3177 1878 —

1298 1986 1352 2035 s:
1373 1968 1602 2028 amsterdam
1627 1966 1703 2012 met
1726 1958 1829 2009 alle
1852 1954 1904 2001 d'
1927 1946 2080 1998 gerede
2105 1942 2281 1991 poeijer
2305 1939 2533 1987 suijcker,
2557 1937 2658 1983 ende
2683 1935 2784 1983 lacq
2809 1933 2935 1980 medio
2960 1930 3162 1977 december
3185 1928 3290 1977 naer

1302 2079 1571 2139 Masulwatam
1596 2076 1652 2123 en
1677 2073 1759 2120 Van
1785 2068 1893 2118 daer
1918 2065 1974 2112 d'
1999 2058 2161 2109 Cleden
2186 2047 2429 2102 Ingenomen
2455 2046 2643 2094 hebben,
2668 2044 2831 2093 voorts
2857 2042 2966 2089 naer
2991 2035 3180 2085 partia—

1303 2183 1666 2250 gedespecheert
1692 2180 1749 2226 te
1775 2174 1971 2225 werden,
1996 2172 2054 2217 en
2081 2171 2137 2217 't
2162 2163 2331 2215 Galhot
2357 2160 2414 2207 d'
2441 2159 2580 2204 Aracq
2607 2157 2636 2203 7
2662 2156 2691 2202 a
2716 2154 2747 2201 8
2774 2148 2996 2197 Januarij
3020 2144 3247 2193 aenstaen

1298 2310 1386 2362 met
1410 2296 1636 2354 enepeter
1662 2290 1775 2340 Eijs
1803 2289 1860 2334 h.
1886 2286 1998 2336 over
2025 2278 2304 2330 masulwatam
2331 2269 2611 2322 herwaerdts
2637 2258 2945 2313 gelargeert,
2972 2255 3084 2303 ofte
3109 2243 3336 2298 d'saecke

1299 2425 1373 2477 tot
1394 2421 1443 2468 't
1465 2412 1629 2464 lichten
1651 2408 1723 2456 van
1744 2405 1793 2452 't
1815 2398 2003 2448 Comptoir
2024 2391 2212 2442 derwaerd
2234 2388 2282 2435 ts
2305 2386 2562 2433 uijtvallen,
2584 2383 2656 2430 tot
2677 2375 2912 2427 besettinge
2934 2372 3052 2419 vande
3074 2363 3217 2416 Bhaere

1293 2544 1353 2593 1'
1377 2530 1554 2586 houden

1063 2710 1101 2760 A
1121 2696 1182 2748 2d
1209 2694 1238 2739 o
1267 2687 1436 2739 become
1463 2682 1661 2731 seecken
1689 2678 1887 2727 mitsive
1915 2678 2000 2723 van
2027 2677 2113 2723 den
2140 2673 2423 2724 Engelschen
2449 2669 2621 2717 Rrekd.
2644 2670 2705 2717 M.
2732 2671 2761 2717 r
2786 2669 2846 2717 we
2873 2664 3099 2713 diensnde
3126 2661 3212 2709 tot

1310 2799 1537 2849 andtwoort
1560 2796 1637 2843 van
1661 2794 1763 2841 onse
1787 2789 1939 2838 vorige
1963 2785 2114 2834 gedane
2139 2779 2416 2830 Insinuattie
2440 2778 2517 2823 bij
2540 2774 2667 2822 forme
2692 2773 2768 2819 van
2793 2770 2969 2818 protest
2994 2762 3222 2815 luijdende

1308 2917 1409 2964 naer
1433 2909 1661 2961 translaet
1686 2906 1788 2953 uijt
1811 2902 1863 2949 d'
1887 2896 2115 2946 Ingelsche
2140 2893 2242 2940 inde
2266 2884 2595 2937 Nederlandsche
2619 2880 2746 2929 taele
2770 2877 2847 2925 als
2871 2870 3028 2921 Volght

1360 3077 1642 3146 gisteren
1674 3066 1853 3120 wiert
1887 3061 1993 3110 mij
2027 3053 2484 3103 gepresenteert
2519 3052 2625 3098 uE:
2659 3048 2905 3098 missive
2940 3043 3046 3093 bij
3080 3033 3257 3086 forme

1306 3218 1383 3265 van
1406 3213 1483 3261 een
1506 3204 1683 3257 profest
1705 3196 1857 3247 waerin
1882 3195 1958 3241 UE.
1981 3189 2058 3239 mij
2082 3186 2183 3233 voor
2208 3181 2333 3229 eenst
2357 3179 2558 3226 geliefff
2583 3179 2633 3224 te
2658 3177 2784 3224 laste
2808 3176 2859 3222 te
2882 3171 3035 3220 leggen
3056 3167 3134 3217 van
3159 3160 3309 3212 dichte

1267 3337 1368 3388 ofte
1389 3321 1733 3382 secretenhandel
1756 3318 1831 3364 met
1854 3315 1929 3362 die
1950 3305 2294 3358 Vascheschelmen
2318 3300 2416 3349 (soo
2439 3294 2538 3344 ghij
2561 3292 2635 3338 die
2660 3291 2806 3337 noemt)
2829 3285 3002 3336 maleije
3024 3283 3075 3330 en
3099 3276 3198 3328 syne

1304 3439 1558 3494 Creaturen,
1581 3432 1684 3482 ende
1707 3428 1785 3477 als
1810 3426 1886 3472 dan
1911 3418 2190 3471 voorstellen
2214 3415 2291 3462 een
2316 3411 2544 3460 vermogent
2567 3404 2773 3456 revengie

1339 3603 1484 3661 want
1517 3595 1589 3644 in
1622 3580 2049 3638 voorschreven
2080 3572 2261 3622 Brief
2295 3573 2402 3618 UE:
2436 3566 2614 3617 seght
2648 3563 2755 3610 dat
2789 3554 3038 3606 wardapa
3073 3550 3220 3599 door

1293 3723 1469 3783 valsche
1492 3708 1739 3767 prijecten,
1761 3702 1910 3753 alhier
1933 3699 2008 3746 een
2033 3695 2156 3744 grote
2179 3688 2475 3739 quanstiteijt
2498 3684 2695 3732 lijnwaet
2718 3680 2842 3729 heeft
2865 3676 3063 3725 gebraght
3087 3675 3161 3720 die
3186 3675 3259 3720 hij
3284 3674 3360 3720 van

1300 3850 1402 3901 ulto
1423 3834 1603 3892 Comende
1626 3828 1703 3878 van
1727 3819 2005 3872 Camsjewaron
2029 3808 2332 3863 g'arresteert
2355 3804 2508 3853 hadde,
2533 3802 2660 3849 ended
2684 3801 2810 3848 selve
2835 3799 2911 3846 aen
2935 3797 3012 3843 mij
3036 3794 3240 3841 verrocht

1294 3959 1405 4014 voor
1427 3955 1457 4001 b
1480 3952 1509 3998 O
1534 3943 1693 3996 Ederen
1717 3940 1798 3988 van
1824 3934 2009 3984 archten
2034 3931 2140 3978 ofte
2165 3928 2272 3976 daer
2298 3923 2509 3972 ontrent,
2534 3919 2641 3967 ende
2665 3914 2772 3964 hier
2797 3913 2851 3960 af
2876 3913 2982 3959 hebt
3008 3912 3062 3958 ul
3087 3911 3274 3959 seecker

1283 4070 1531 4126 Jnformatie
1553 4066 1629 4115 Ick
1652 4062 1728 4110 ben
1752 4055 1999 4106 verwondert
2023 4053 2097 4099 ul.
2122 4053 2147 4098 a
2171 4050 2245 4097 soo
2269 4042 2517 4094 vastelijck
2540 4038 2739 4086 gelooft,
2761 4031 2985 4081 sodanigen
3010 4029 3133 4076 flits
3157 4025 3256 4074 ofte

1293 4182 1509 4241 sehugen,
1534 4172 1746 4226 vernists
1772 4170 1825 4216 in
1850 4166 1982 4214 mijne
2008 4163 2193 4211 brieven
2218 4160 2298 4207 soo
2324 4155 2482 4204 menich
2508 4155 2614 4201 mael
2639 4153 2719 4199 heb
2745 4147 3087 4197 geprotesteert
3113 4145 3193 4192 aen
3218 4143 3298 4190 uE.

1298 4298 1422 4351 noyt
1452 4293 1544 4342 met
1573 4285 1757 4337 maleij
1786 4282 1910 4329 ofte
1938 4272 2214 4325 wardapate
2243 4267 2428 4316 loopen
2457 4264 2580 4312 ofte
2610 4259 2885 4309 vercoopen
2915 4257 3007 4303 soo
3037 4257 3190 4302 lange
3219 4256 3281 4302 uE

2939 4362 3160 4416 eenige

2795 3403 2849 3448 -
