3410 4985
486 427 811 482 februarij
845 430 916 475 ao
950 426 1167 476 1646/.

2539 446 2986 496 InJedo—

1129 668 1234 715 doch
1261 669 1340 715 tot
1365 669 1630 719 bijsondere
1655 675 1814 724 rijsen
1839 679 2182 739 gepresenteert
2207 695 2392 743 wierden
2418 698 2497 743 die
2523 699 2602 745 met
2627 697 2814 746 Behoord
2838 703 3104 758 ecrbieduch
3127 715 3243 773 eijt

1123 784 1211 831 als
1239 786 1329 836 met
1357 790 1446 837 den
1476 792 1682 841 hooffde
1711 797 2124 853 nederbuijgende
2152 809 2271 859 ende
2299 815 2418 863 veel
2446 818 2771 871 bedankinghe
2797 825 3095 878 ontfingen,
3122 833 3214 881 als

1127 893 1282 943 sijnde
1307 899 1540 952 besondere
1563 908 1694 959 eeke,
1718 915 1899 964 vermits
1924 920 1976 966 't
2000 921 2156 969 andere
2181 924 2336 973 tijden
2361 929 2516 978 altijt
2541 933 2618 979 int
2644 934 2850 981 logiem:t
2875 937 3082 983 gesonden
3107 939 3244 1001 sijn,

1048 1043 1194 1093 16:en
1222 1043 1367 1092 ditto
1394 1048 1453 1094 de
1480 1050 1768 1105 schemkagie
1796 1061 1883 1109 aen
1910 1064 1969 1112 de
1996 1068 2198 1119 vordere
2225 1075 2400 1126 heeren
2427 1082 2601 1131 gedaen

1131 1157 1273 1211 ditto
1300 1166 1386 1212 tot
1412 1168 1497 1215 den
1524 1171 1666 1220 selke
1693 1176 2058 1234 sickingodonne
2086 1189 2283 1240 gegaen,
2310 1196 2423 1244 sijn
2450 1199 2563 1245 Ed:s
2591 1200 2703 1246 voor
2731 1201 2843 1249 alle
2871 1204 3040 1251 behulp
3068 1206 3181 1253 ende

1127 1264 1358 1319 favoren
1388 1276 1587 1327 wegens
1618 1284 1685 1331 de
1716 1288 1979 1343 spoedige
2011 1299 2241 1353 becomen
2272 1309 2568 1362 audientie
2599 1313 2732 1362 ende
2763 1314 2895 1361 Goet
2927 1315 3124 1362 succes

1121 1372 1387 1427 hoogebijck
1412 1383 1625 1438 bedanct,
1650 1394 1811 1446 voorts
1835 1403 1941 1451 sijn
1967 1406 2073 1454 Ed:s
2100 1409 2287 1460 genegen
2310 1416 2471 1468 faveur
2496 1424 2602 1471 over
2628 1426 2893 1475 'tvolgende
2919 1430 3134 1481 versocht
3156 1439 3216 1492 /.

1120 1492 1209 1543 dat
1238 1498 1327 1546 den
1354 1502 1589 1554 uijtvoer
1618 1510 1709 1560 van
1734 1518 1911 1568 Cooper
1939 1523 1999 1570 de
2027 1526 2205 1578 Comp:e
2231 1536 2408 1589 toeges
2436 1544 2553 1590 taen
2582 1545 2700 1593 moch
2729 1547 2787 1592 te
2817 1547 2995 1601 werden

1110 1623 1201 1671 dat
1229 1625 1292 1671 de
1321 1627 1533 1680 negotie
1562 1636 1624 1683 so
1652 1640 1805 1692 haast
1833 1648 1894 1695 de
1923 1649 2167 1707 schelpen
2194 1664 2528 1723 verschijnen
2556 1678 2707 1724 mogen
2737 1677 2979 1726 Beginnen
3009 1682 3223 1734 latende

1101 1739 1190 1787 den
1217 1743 1424 1798 vercoop
1451 1754 1541 1803 der
1568 1760 1716 1809 rouwe
1744 1765 1892 1817 sijde
1919 1773 2009 1819 tot
2036 1775 2242 1832 treffen
2270 1788 2361 1837 der
2386 1794 2622 1849 pancado,
2649 1805 2768 1853 alzo
2796 1809 2942 1855 sulcx
2971 1808 3030 1854 de
3058 1806 3148 1853 Ja„

1104 1856 1260 1905 panse
1289 1861 1630 1923 coopluijden
1660 1879 1785 1928 geen
1814 1884 2033 1943 schade,
2061 1901 2186 1950 ende
2215 1906 2278 1954 de
2308 1910 2495 1961 Comp:e
2524 1917 2679 1965 groot
2709 1921 2926 1973 gerieff
2957 1929 3081 1978 toe„

1103 1984 1313 2034 brengen
1343 1989 1464 2039 can,
1493 1995 1614 2044 door
1642 2001 1765 2051 dien
1792 2007 1853 2054 de
1882 2010 2093 2065 pancado
2122 2021 2392 2080 Jaerlijcx
2421 2035 2542 2084 zeek
2570 2037 2723 2085 (laet
2752 2041 2963 2093 Gemaeht
2992 2049 3113 2096 werd

1098 2103 1237 2152 alles
1263 2107 1347 2155 met
1374 2111 1432 2159 't
1457 2117 1707 2170 vercoopen
1733 2126 1846 2177 setk
1871 2133 2260 2197 onordentelijck
2285 2153 2396 2203 over
2423 2158 2535 2206 hoop
2561 2163 2839 2218 toegaande,
2865 2174 3116 2227 nauweijcr

1084 2223 1191 2273 op't
1217 2229 1429 2284 vertreck
1453 2240 1535 2290 der
1559 2246 1746 2299 schepen
1770 2255 1903 2304 geret
1929 2260 2089 2310 connen
2113 2267 2221 2318 zijn

1073 2367 1166 2413 dat
1197 2367 1260 2414 de
1290 2369 1664 2432 Nederlanders
1694 2387 1820 2436 voor
1849 2391 2008 2443 'taen
2036 2400 2225 2453 eenige
2254 2410 2443 2462 merder
2470 2420 2752 2475 vrijheijt
2782 2430 3093 2483 toegestaen

1078 2480 1203 2528 mach
1233 2484 1420 2537 worden
1450 2493 1762 2549 insonderl,
1789 2506 1885 2554 hit
1913 2511 1978 2561 de
2006 2518 2409 2584 principaelste
2440 2539 2535 2586 als
2563 2543 2875 2597 Cooplieder
2903 2545 3091 2598 manier

1082 2595 1180 2642 met
1210 2598 1565 2659 coopluijden
1596 2614 1727 2667 inde
1757 2624 1887 2676 stad
1917 2632 2240 2694 wangasachj
2271 2651 2336 2698 te
2367 2654 2529 2704 mogen
2560 2660 2753 2711 omgaen
2785 2666 2883 2712 van
2914 2667 3077 2716 Coop„

1072 2716 1408 2771 manschappen
1437 2726 1713 2783 spreecken
1742 2739 1804 2786 en
1833 2742 2084 2798 handelen

1069 2859 1195 2905 waer
1226 2859 1290 2907 op
1319 2864 1446 2913 gets
1475 2869 1632 2923 ander
1662 2880 1944 2935 bescheijt
1973 2891 2224 2945 bequamen
2254 2901 2349 2949 als
2379 2904 2473 2951 dat
2504 2906 2597 2953 den
2628 2908 2940 2963 Gouverneur
2971 2918 3065 2965 sa:

1074 2976 1562 3037 broseijmondonne
1594 2992 1823 3047 vermits
1853 3003 2245 3065 jegenwoordig
2276 3021 2537 3074 songuats
2569 3029 2700 3075 noch
2732 3030 2863 3077 geen
2894 3032 3122 3083 rappord

1068 3090 1163 3140 van
1192 3096 1319 3147 sijn
1346 3103 1751 3161 adminnitratie
1781 3117 1937 3168 hadde
1966 3124 2185 3179 gedaen,
2213 3136 2277 3183 't
2306 3140 2461 3191 welck
2492 3146 2679 3192 gedaen
2709 3148 2957 3194 hebbende
2988 3148 3050 3194 op

1068 3209 1149 3257 ons
1174 3211 1390 3267 versoeck
1413 3224 1468 3270 te
1493 3226 1654 3275 zullen
1679 3231 1839 3281 letten

777 3367 899 3412 adij
929 3366 1082 3412 17:en
1112 3363 1295 3410 ditto.
1326 3365 1419 3414 den
1448 3370 1754 3426 Gouverneur
1782 3382 2059 3439 sabroseij
2087 3396 2333 3448 mondonne
2361 3404 2545 3455 gegaen
2575 3411 2698 3457 sijn
2727 3412 2851 3459 Ed:s
2879 3414 3002 3460 voor
3031 3411 3155 3461 alle

1071 3475 1257 3525 behulp
1286 3482 1410 3530 ende
1439 3487 1626 3539 foweur
1653 3497 1839 3548 wegens
1868 3503 1930 3549 de
1960 3504 2206 3556 spoedige
2235 3513 2512 3565 audientie
2541 3520 2849 3573 hoogelijck
2879 3528 3094 3578 bedamt,

1055 3602 1147 3651 als
1176 3602 1356 3652 sijnde
1385 3608 1685 3664 principaal
1713 3620 1834 3669 door
1862 3625 1983 3673 sijn
2011 3629 2191 3676 Ed:lse
2220 3631 2370 3682 goede
2399 3636 2788 3687 Genigentheijt
2817 3642 2877 3687 't
2906 3643 3181 3691 onswaerds

1054 3719 1178 3768 ende
1208 3724 1577 3779 voorsichtich
1606 3735 1821 3783 beleijt
1851 3737 1944 3785 ons
1974 3740 2251 3790 zoodanige
2280 3745 2466 3792 groote
2495 3748 2618 3795 elke
2648 3751 2894 3797 geschiet
2923 3750 3047 3796 ende
3077 3750 3202 3797 duk„

1054 3845 1290 3894 gelijke
1323 3849 1459 3896 meer
1491 3852 1793 3906 Complemen
1826 3861 1927 3908 toe
1960 3863 2062 3909 nae
2095 3863 2162 3909 de
2195 3863 2430 3911 Japanse
2463 3865 2700 3912 maniere
2732 3868 2833 3914 den
2866 3869 3036 3917 tolck

1047 3966 1168 4012 daer
1197 3967 1288 4015 bij
1316 3970 1377 4016 te
1405 3971 1585 4023 voegen
1614 3978 1823 4029 Belast,
1853 3984 2212 4033 versoeckende
2241 3989 2450 4035 wijders
2480 3989 2599 4035 sijn
2627 3983 2748 4033 Ed:s
2774 3977 2897 4026 voor
2924 3971 3167 4021 gerecom:

1053 4089 1266 4136 mandekt
1297 4090 1541 4138 geliefde
1571 4093 1633 4142 te
1663 4097 1847 4148 borden
1876 4104 1968 4151 den
1998 4107 2244 4157 uijtvoer
2272 4111 2364 4158 van
2394 4108 2608 4155 Cooper,
2639 4105 2700 4153 de
2729 4101 2914 4148 Comp:e

2820 634 2899 683 en

821 1041 1014 1093 adij

2329 4270 2495 4323 min

2484 4343 2933 4398 Selventieckt

781 357 843 405 na

2973 4354 3005 4399 -
