3560 4958
1265 758 1735 809 gedurende
1787 764 1944 811 hun
1996 766 2518 819 verblijven
2568 775 2673 822 in
2724 772 3142 824 Mallacca

1273 855 1396 904 als
1435 856 1715 907 anders,
1753 862 1913 908 noch
1952 863 2231 909 ontrent
2271 864 2352 912 d'
2390 869 2431 915 ƒ
2470 871 2629 920 1300
2669 872 2829 918 daer
2868 871 2948 916 op
2988 871 3386 922 g'advance,

1272 954 1606 1002 besijden
1647 954 1772 1000 dat
1813 955 1897 1001 nu
1939 956 2106 1002 sijn
2146 957 2273 1005 ed:
2311 961 2439 1007 ons
2479 963 2646 1011 over
2687 966 2771 1012 d'
2812 963 3020 1012 18500
3056 957 3396 1008 pagooden

1280 1058 1546 1104 alhier
1589 1058 1679 1104 op
1719 1058 2121 1105 leveringh
2165 1057 2299 1104 van
2342 1058 2652 1105 jappans
2696 1045 3273 1103 schuijtsilver

1278 1158 1449 1208 doen
1490 1157 2001 1209 overhandigen
2042 1165 2298 1216 heeft,
2338 1166 2595 1217 sijnde
2637 1163 2765 1210 tot
2806 1142 3318 1207 behoorlijcke

1273 1264 1798 1314 verrichtinge
1842 1265 1973 1311 van
2017 1266 2237 1315 dien,
2279 1271 2455 1318 ende
2497 1268 2674 1317 meer
2717 1263 3374 1312 noodwendicheden

1271 1366 1670 1419 raeckende
1713 1366 1846 1412 den
1889 1366 2199 1413 dienst,
2242 1369 2462 1417 onser
2506 1368 2770 1417 Heeren
2813 1356 3392 1413 principaelen,

1276 1469 1437 1518 den
1490 1469 2132 1520 oppercoopman
2183 1478 2289 1524 s'
2342 1473 2823 1524 Lauwerens
2870 1465 3089 1517 Pitt
3141 1462 3355 1508 naer

1267 1571 1430 1617 sijn
1470 1568 1594 1615 Ed:
1633 1567 2205 1616 gecommitteert,
2243 1570 2407 1620 ende
2448 1571 2937 1621 affgesonden,
2978 1570 3141 1616 ende
3181 1569 3387 1617 sulcx

1276 1667 1497 1716 alles
1541 1665 1674 1711 tot
1714 1659 2248 1712 contentement
2292 1657 2778 1706 verhandelt,
2823 1656 2955 1702 dat
2999 1655 3176 1701 voor
3219 1653 3399 1699 waer

1279 1767 1357 1813 in
1395 1763 1552 1810 dees
1589 1761 1785 1809 quade
1823 1761 2250 1807 conjoncture
2289 1761 2407 1807 des
2444 1763 2678 1810 tijts,
2714 1763 3066 1811 blijvende
3105 1762 3183 1808 al
3221 1763 3378 1810 hier

1279 1860 1448 1909 ende
1490 1858 1574 1904 om
1616 1855 1912 1902 d'luijt
1953 1855 2292 1905 tjappans
2333 1860 2630 1911 schuijt
2671 1865 2924 1912 silver
2967 1866 3135 1911 door
3178 1864 3262 1911 de

1279 1958 1672 2008 oorloghen
1714 1957 1890 2004 ende
1933 1956 2240 2003 soberen
2282 1957 2588 2004 aftreck
2632 1956 2851 2003 alome
2893 1957 3156 2003 gandts
3198 1956 3375 2003 ong„

1248 2066 1570 2118 „gewilt,
1610 2065 1771 2111 voor
1811 2064 1892 2110 d'
1931 2063 2013 2108 E.
2052 2061 2295 2109 comp=e
2332 2064 2455 2110 een
2494 2061 2897 2109 gewenschte
2938 2058 3179 2106 saecke
3219 2058 3340 2105 is,

1273 2177 1412 2227 der
1455 2173 1686 2221 wegen
1731 2166 2144 2218 vertrouwe
2188 2168 2372 2216 Ued:
2416 2172 2600 2219 dese
2644 2161 3335 2219 onderhandelinge

1273 2285 1398 2333 wel
1439 2272 1815 2328 gevallen,
1856 2270 2023 2317 ende
2065 2269 2149 2315 de
2190 2269 2649 2322 schenckagie
2691 2276 2816 2321 ten
2858 2267 3358 2321 verscheijden

1268 2391 1671 2450 jnsichten,
1709 2387 1831 2434 als
1870 2382 2030 2431 voor
2070 2380 2551 2427 namentlijck,
2590 2382 2710 2429 het
2749 2382 2830 2427 na
2869 2378 2990 2426 bij
3029 2373 3241 2422 wesen

1267 2514 1393 2562 van
1433 2511 1601 2558 sijn
1642 2510 1767 2556 ed:
1805 2505 2100 2557 alhier,
2140 2499 2473 2550 hebbende
2514 2495 2805 2543 jnlange
2847 2492 3055 2540 niets
3096 2486 3390 2537 genoten

1273 2625 1440 2672 d'E.
1480 2625 1687 2673 compe
1728 2622 1894 2669 sijn
1934 2617 2183 2666 faveur
2223 2615 2389 2663 ende
2430 2617 2637 2663 hulpe
2678 2613 2802 2660 des
2843 2609 3009 2658 niet
3048 2605 3133 2653 te
3173 2602 3340 2649 min,

1278 2730 1451 2778 maer
1493 2729 1794 2775 meerder
1837 2729 1965 2775 als
2008 2730 2181 2777 Oijt
2223 2730 2394 2778 voor
2435 2724 2609 2775 dato
2650 2719 2995 2767 bewesen,
3038 2718 3167 2765 soo
3209 2714 3340 2763 dat

1273 2847 1405 2896 den
1448 2841 1711 2890 handel
1754 2837 2018 2886 ondert
2062 2834 2324 2882 gebiet
2368 2830 2631 2879 vanden
2674 2819 3340 2874 gelcondaetschen

1274 2948 1750 3006 maijesteijt
1792 2947 1967 2993 daer
2008 2948 2182 2994 door
2226 2949 2356 2996 ten
2398 2939 2874 2996 principaele
2915 2931 3396 2982 onbecommert

1271 3066 1532 3119 comen
1582 3062 1689 3110 te
1739 3047 2158 3106 gauderen
2209 3046 2419 3092 omme
2471 3047 2784 3095 welcke
2835 3042 2941 3091 jn
2992 3030 3358 3086 balance

1267 3182 1447 3231 ende
1491 3163 1984 3225 continuatie
2026 3158 2117 3205 t'
2156 3154 2474 3207 houden,
2518 3155 2608 3201 d'
2652 3154 2697 3200 E
2741 3150 3010 3200 comp=e
3052 3144 3190 3194 ten

1244 3309 1563 3370 hoogsten
1600 3298 1879 3352 gelegen
1917 3293 2038 3341 is)
2077 3288 2236 3337 voor
2276 3284 2553 3332 nodich,
2593 3280 2752 3330 ende
2790 3275 2910 3323 als
2949 3272 3069 3319 ten
3108 3271 3389 3323 rechter

1271 3425 1422 3479 tijt
1458 3418 1717 3469 gedaen,
1751 3411 1976 3463 sullen
2012 3406 2308 3455 gelieven
2344 3406 2418 3452 t'
2453 3399 2824 3452 oordeelen,
2854 3395 2971 3446 dat
3005 3388 3119 3439 mij
3154 3380 3304 3432 naer

1256 3540 1499 3592 desen
1544 3537 1645 3585 te
1692 3528 2081 3581 vernemen
2127 3511 2565 3574 aengenaem
2611 3499 2855 3555 wert,

1268 3717 1502 3772 Vorts
1543 3716 1729 3765 naar
1773 3714 2278 3764 heemstedens
2323 3715 2690 3762 vertreck
2735 3714 2827 3760 d'
2873 3712 3240 3760 schaloup

1273 3836 1489 3883 cleen
1531 3833 1833 3882 pipelij
1876 3833 1963 3879 (:
2005 3832 2092 3878 nu
2135 3831 2264 3877 wel
2305 3828 2523 3876 hecht
2565 3824 3040 3872 vertimmert,
3082 3822 3256 3869 ende

1250 3946 1730 4005 verdubbelt)
1773 3947 1904 3993 van
1944 3946 2467 3993 masulijpatam
2509 3940 2770 3990 alhier
2811 3933 3029 3984 weder
3072 3924 3377 3978 comende

1260 4056 1342 4104 te
1382 4056 1862 4104 verschijnen,
1901 4059 2140 4105 wierde
2179 4057 2300 4104 mij
2339 4056 2540 4103 onder
2579 4057 2859 4103 Anderen
2899 4057 3341 4105 toegebracht

1241 4178 1646 4231 schrijvens
1686 4178 1888 4224 vand'
1926 4170 2576 4224 oppercoopluijden
2614 4176 2776 4223 S=rs
2816 4175 3139 4223 martinss
3179 4171 3261 4219 d'

1250 4305 1556 4356 vroede
1605 4296 1807 4348 ende
1857 4289 2160 4340 Thomas
2210 4287 2563 4334 Cuijck,
2613 4282 3118 4334 mitsgaders
3167 4276 3219 4323 d

1250 4431 1711 4493 geslooten
1761 4427 2117 4476 negotie
2167 4428 2523 4474 Boecken
2574 4429 2625 4475 &
2676 4430 2828 4476 des
2879 4428 3339 4482 comptoirs

2682 4637 3127 4707 pipelijn

631 294 822 352 Julio
860 293 898 338 a
935 292 1012 338 o.
1049 291 1201 337 1646

1830 471 2292 520 Jonckem

2853 471 3154 520 1646
