3573 4801
2783 444 2924 497 797

890 655 1223 706 pipelij,
1264 653 1431 699 waer
1472 654 1598 700 van
1637 649 1806 698 uEd:
1846 645 1930 693 d'
1971 639 2180 690 copie
2220 634 2388 683 ende
2428 613 2806 678 extracten

897 764 1081 815 door
1122 760 1218 808 d'
1262 737 1997 804 oppercoopluijden
2042 733 2135 781 In
2178 719 2685 777 masusipatam
2730 709 2963 763 onder

864 871 1054 931 haer
1100 855 1476 912 Couverto
1523 854 1618 899 pr
1663 837 2088 897 maeslandt
2134 812 2651 879 toegesonden
2695 798 2934 854 sijn,

886 979 1038 1035 die
1083 962 1485 1022 daeromme
1532 944 1981 1005 andermael
2029 935 2180 987 bij
2228 924 2477 977 desen
2520 919 2626 968 te
2669 893 2974 961 voegen

877 1069 1364 1147 g'excuteert
1408 1062 1717 1112 werden,
1760 1048 2069 1105 tsedert
2111 1041 2201 1090 is
2244 1034 2377 1084 mij
2420 1030 2554 1078 van
2597 1019 2774 1072 daer
2816 1011 3039 1062 nader

869 1192 1306 1259 schrijvens
1346 1185 1480 1236 van
1522 1171 1827 1229 gemelte
1869 1169 2001 1215 s=r
2043 1156 2305 1212 cuijck
2348 1151 2479 1199 tot
2521 1144 2783 1195 advijs
2823 1137 2960 1187 van

819 1301 1258 1369 desselffs
1306 1286 1788 1344 wedervaren
1834 1281 1932 1329 op
1979 1274 2125 1324 den
2159 1267 2365 1317 wegh
2412 1262 2606 1311 naer
2654 1253 2847 1307 ende
2893 1245 3041 1296 van

869 1409 1310 1471 rasiemahol,
1349 1405 1510 1453 sijn
1547 1390 1950 1449 verrichten
1987 1382 2109 1433 bij
2146 1378 2269 1426 den
2309 1373 2589 1424 prince,
2629 1355 3030 1417 tgeweescht

877 1534 1140 1592 succes
1183 1531 1270 1578 op
1311 1521 1487 1573 onse
1529 1511 1835 1564 gedaene
1877 1496 2356 1555 besendinge,
2398 1483 2748 1539 clachten
2789 1472 2964 1525 ende

912 1650 1236 1718 versoeck
1274 1643 1396 1694 aen
1434 1634 1597 1686 sijn
1635 1628 1958 1679 hooch„t„
1996 1627 2118 1675 ter
2158 1614 2399 1671 handen
2438 1604 2760 1657 gestelt,
2798 1597 3042 1649 gaende

891 1772 1076 1829 daer
1120 1765 1258 1815 bij
1300 1757 1486 1809 oock
1531 1737 1942 1801 translaet
1985 1729 2215 1780 vande
2260 1722 2671 1776 verleende
2716 1718 3036 1768 firmanu

896 1881 1220 1940 memorie
1266 1879 1404 1927 van
1448 1859 1862 1921 diversche
1908 1840 2460 1904 rariteijten,
2505 1838 2597 1883 en
2632 1828 2919 1883 andere

866 1985 1237 2053 goederen,
1277 1979 1522 2029 welcke
1562 1972 1686 2023 bij
1726 1964 1890 2016 sijn
1930 1962 2175 2009 hoogh.
2216 1961 2298 2007 t,
2336 1954 2502 2006 ende
2542 1950 2665 1999 den
2704 1946 3032 1996 oversten

913 2093 1489 2165 miersasjulcarn
1529 2092 1612 2138 (:
1653 2090 1776 2137 die
1816 2083 2185 2134 doorgaens
2225 2078 2349 2127 een
2390 2075 2595 2123 groot
2635 2064 3004 2120 favorijt,

904 2212 1452 2281 jntercesseur,
1491 2205 1663 2257 ende
1704 2195 2168 2249 voorstander
2208 2189 2337 2240 van
2378 2187 2463 2234 d'
2503 2183 2589 2230 E.
2629 2178 2885 2227 comp=e

906 2339 1071 2390 ende
1110 2330 1313 2382 haere
1352 2318 1718 2373 dienaeren
1756 2314 1839 2361 is
1878 2300 2202 2357 geweest,
2242 2296 2405 2344 ende
2442 2293 2526 2340 t'
2565 2280 2808 2337 sijner
2842 2274 3017 2325 tijt

2577 2370 2607 2416 „
2634 2359 2924 2417 mitsgaders

899 2457 1092 2514 oock
1137 2444 1470 2501 bedacht
1517 2434 1802 2488 dient)
1848 2424 2276 2478 gevordert
2320 2415 2608 2468 werden
2654 2402 3035 2461 notintie

893 2575 1111 2640 vande
1152 2555 1539 2618 pretentie
1579 2551 1711 2599 der
1752 2541 2011 2595 deenen
2052 2531 2311 2585 tegens
2352 2525 2482 2575 die
2525 2524 2655 2570 van
2696 2526 3040 2576 Bengaele

904 2712 1106 2764 sulcx
1145 2711 1226 2757 V.
1263 2701 1426 2753 Ed:,
1463 2693 1626 2745 ende
1665 2686 1907 2738 'tgene
1946 2680 2107 2730 daer
2147 2677 2308 2725 over
2347 2675 2468 2721 aen
2507 2665 2789 2718 gemelte
2828 2663 2989 2712 s=rs

899 2840 1254 2903 d'vroede
1296 2831 1474 2883 ende
1517 2820 1782 2873 cuijck
1826 2812 2399 2866 gerescribeert
2433 2807 2706 2858 hebbe,
2750 2804 2927 2854 wijt

894 2961 1153 3021 lopien
1192 2950 1325 3003 bij
1365 2943 1455 2993 d'
1496 2930 1929 2986 jngeleijde
1971 2928 2232 2976 copien
2273 2921 2534 2971 sullen
2576 2913 2924 2965 gelieven

916 3088 1016 3142 te
1061 3066 1449 3131 vernemen
1495 3061 1641 3115 den
1688 3041 2172 3104 innehouden
2218 3035 2364 3087 van
2411 3030 2606 3079 alle
2652 3028 3040 3078 twelcke,

903 3200 1088 3255 omme
1132 3174 1728 3243 prolicxiteijt
1774 3170 1866 3219 jn
1910 3160 2140 3213 desen
2186 3140 2645 3206 teviteren,
2687 3133 2826 3182 zij
2868 3130 3013 3178 ten

893 3318 1168 3380 vollen
1213 3302 1621 3360 gedraege,
1665 3296 2029 3349 tverdere
2069 3283 2437 3341 gevolch,
2475 3278 2664 3330 waer
2708 3277 2845 3326 van
2889 3275 2981 3321 d'

897 3444 1329 3520 beginselen
1369 3432 1543 3487 ende
1584 3427 1800 3478 hoope
1841 3417 2013 3470 goet
2054 3406 2227 3460 sijn
2269 3396 2526 3449 eleere
2566 3390 2698 3440 den
2739 3387 2954 3435 tijt,

908 3606 959 3657 t
1000 3571 1395 3643 geijschte
1435 3558 1702 3613 vanden
1744 3546 2053 3603 prince,
2096 3538 2273 3590 ende
2314 3513 3018 3581 miersjasuilcarn,

903 3718 1089 3774 waer
1133 3706 1274 3760 van
1317 3695 1458 3747 ons
1501 3680 1781 3737 eenigh
1826 3663 2242 3722 onbekent,
2287 3653 2473 3706 ende
2517 3644 2657 3694 wel
2702 3633 2981 3687 nodich

892 3833 1027 3882 tot
1071 3827 1250 3875 ued:
1292 3814 1517 3870 nader
1558 3792 2051 3857 aenwijsinge
2095 3788 2184 3834 d'
2226 3774 2585 3832 monsters
2629 3772 2808 3819 daer
2851 3768 2986 3817 bij

893 3936 1290 3997 gevoucht
1338 3924 1586 3979 waren
1635 3914 2031 3968 geweest,
2080 3897 2526 3958 versoecke
2574 3888 2874 3944 gandts

908 4064 1495 4136 reverentelijck
1535 4057 1662 4107 soo
1701 4050 1787 4099 na
1826 4041 1996 4093 ende
2037 4026 2414 4083 spoedich,
2454 4015 2581 4069 als
2622 4008 3044 4060 doenlijck,

904 4193 1059 4246 ons
1107 4174 1515 4236 gewerden
1565 4165 1869 4217 mogen,
1919 4156 2072 4209 met
2122 4145 2375 4199 welcq
2424 4137 2578 4190 men
2628 4134 2781 4181 als
2831 4132 2984 4181 dan

877 4319 1100 4384 (soo
1152 4293 1759 4361 vertrouwen)
1813 4286 2034 4337 voor
2087 4284 2200 4340 d'
2248 4295 2363 4345 E.
2416 4261 2913 4338 ComPagnie

2331 4455 2881 4523 meerder

0 712 251 770 vanc,

111 796 239 847 den

181 1200 219 1245 en

183 1494 205 1539 a

194 2776 229 2821 t
