3567 4801
2729 505 2893 559 898

674 543 1428 601 novembr.1645

929 747 1132 798 daeromme
1155 742 1308 791 hebben
1332 741 1358 786 t
1382 739 1458 786 wij
1483 737 1559 784 wel
1584 733 1836 782 verstaende
1860 732 1937 778 het
1961 731 2037 777 den
2062 730 2214 776 reijck
2238 731 2289 777 is
2314 732 2491 779 broeder
2515 735 2616 781 sijn
2641 736 2817 781 schuldt

925 869 1033 922 niet
1055 863 1110 912 en
1134 857 1240 907 was)
1266 853 1370 902 alle
1395 852 1500 897 onse
1526 849 1656 897 volcq
1681 845 1760 893 van
1785 839 2072 890 daergenomen
2097 837 2202 884 ende
2228 836 2281 882 d'
2306 837 2463 884 havens
2489 839 2568 885 van
2592 833 2942 885 Cornerechtijs

931 979 1129 1035 gouverno
1151 971 1324 1023 beseth,
1346 967 1446 1016 ende
1469 965 1543 1011 van
1567 957 1787 1009 gelijcken
1811 955 1909 1002 oocq
1933 954 1982 1000 in
2004 947 2275 999 pallurcatta
2298 946 2470 992 gedaen,
2493 944 2641 991 alwaer
2663 942 2763 988 oocq
2787 942 2861 988 sin

923 1102 1052 1159 volcq
1074 1092 1275 1145 gevangen
1298 1084 1474 1137 geseten
1499 1078 1673 1128 hebben,
1696 1069 1971 1122 hieroverest
1995 1064 2220 1114 geschiedt
2244 1059 2443 1109 Chinanna
2467 1046 2817 1103 beschuldigende

936 1213 1289 1276 Connerechittij
1313 1208 1415 1257 voor
1439 1205 1541 1253 sijn
1565 1197 1717 1249 selven
1740 1192 1843 1241 hier
1866 1188 1943 1236 een
1968 1182 2170 1232 contract
2194 1181 2270 1227 met
2295 1179 2371 1226 ons
2396 1176 2472 1223 dat
2497 1175 2575 1223 het
2595 1171 2799 1225 Voortaen
2822 1169 2849 1215 —

926 1353 1005 1404 wel
1029 1347 1132 1396 gaen
1154 1341 1283 1390 soude
1308 1338 1435 1386 heeft
1459 1332 1662 1382 gemaeckt
1686 1327 1789 1377 sijn
1813 1318 2016 1371 schulden
2040 1312 2244 1363 betaelt,
2268 1306 2371 1356 hier
2395 1302 2548 1351 eenige
2571 1285 2826 1346 Vandesijne

921 1471 1113 1531 gelaten,
1134 1464 1230 1514 ende
1251 1460 1370 1508 alsoo
1391 1455 1650 1505 vertrocken,
1673 1450 1814 1499 hierop
1837 1449 1885 1495 Is
1906 1442 2095 1493 gevolght
2117 1440 2188 1486 dat
2211 1435 2305 1484 sijn
2327 1430 2446 1479 volcq
2467 1426 2563 1474 ende
2584 1422 2679 1471 goet
2702 1407 2983 1466 stieswygende

933 1600 1014 1651 bij
1036 1592 1167 1644 nacht
1191 1588 1270 1636 van
1293 1583 1398 1632 hier
1422 1576 1655 1626 treckende
1681 1570 1835 1621 Voorts
1858 1568 1938 1614 tot
1962 1565 2040 1612 den
2065 1561 2246 1609 Coninck
2271 1557 2324 1605 so
2348 1548 2580 1600 Verreyst,
2604 1540 2760 1592 alwaer
2784 1534 2863 1584 met

933 1723 1034 1773 veel
1058 1709 1308 1767 valscheden
1331 1705 1408 1753 ons
1431 1700 1607 1749 beclaet
1631 1691 1807 1744 hebben,
1830 1687 1956 1735 heeft
1980 1684 2055 1731 met
2080 1681 2255 1729 Conincx
2279 1674 2455 1725 consent
2478 1669 2579 1718 alle
2604 1665 2704 1713 onse
2727 1657 2928 1709 goederen

936 1840 1013 1886 Int
1034 1830 1164 1883 landt
1188 1818 1519 1874 aengeslaepen,
1541 1813 1646 1863 ende
1668 1807 1772 1856 dese
1795 1804 1924 1852 stadt
1947 1802 2025 1849 met
2050 1799 2152 1847 veel
2177 1795 2304 1844 volcx
2329 1787 2558 1839 belegert,
2581 1785 2634 1831 en
2658 1779 2837 1830 gelijck

929 1955 1012 2007 wij
1036 1949 1144 1998 dese
1169 1942 1329 1992 plaets
1355 1936 1515 1987 tegens
1540 1934 1594 1980 't
1619 1921 1991 1977 gandtscheleger
2018 1919 2098 1966 der
2122 1912 2283 1962 mooren
2308 1907 2468 1956 hebben
2494 1901 2627 1952 Weten
2652 1898 2707 1945 te
2731 1888 3027 1942 desenderen,

914 2079 994 2133 soo
1014 2074 1068 2121 en
1091 2071 1192 2118 sijn
1214 2068 1291 2114 wij
1316 2066 1415 2113 niet
1439 2060 1639 2111 bevreest
1662 2056 1738 2104 een
1762 2051 1937 2102 Chittij
1960 2048 2036 2095 ons
2060 2042 2235 2092 eenigen
2257 2033 2408 2086 hinder
2431 2030 2507 2078 aen
2530 2025 2631 2073 doen
2655 2020 2781 2069 komn,
2804 2011 2905 2064 mach

920 2197 1054 2248 desen
1079 2189 1242 2241 Chinij
1269 2188 1323 2234 Is
1347 2182 1430 2231 syn
1456 2175 1672 2226 gewoonte
1697 2173 1779 2219 dat
1805 2170 1913 2217 over
1939 2165 2101 2215 aldaer
2126 2158 2289 2209 taveur
2315 2153 2423 2202 ende
2448 2144 2638 2197 proffyt
2662 2135 2829 2186 geniet

923 2313 1025 2361 sijn
1049 2305 1328 2357 verraderije
1353 2303 1430 2349 int
1453 2297 1581 2347 wercq
1604 2290 1758 2340 stelt,
1782 2282 1985 2334 daeromme
2009 2276 2137 2326 hebbe
2161 2273 2238 2320 dit
2262 2268 2390 2317 alles
2411 2263 2490 2311 Int
2514 2256 2642 2307 lango
2665 2252 2743 2300 aen
2765 2246 2844 2295 UE:
2867 2239 3021 2290 Willen

923 2425 1184 2485 schrijven,
1207 2421 1260 2468 op
1284 2418 1363 2466 dat
1388 2414 1466 2461 ul.
1490 2405 1698 2458 daeruijt
1722 2401 1852 2449 kiaen
1877 2399 1981 2446 sien
2007 2399 2033 2444 E
2055 2393 2161 2441 geen
2186 2384 2367 2437 proffyt
2391 2379 2496 2427 noch
2519 2375 2573 2422 te
2597 2369 2701 2419 hulp
2726 2366 2804 2413 van
2828 2356 2960 2411 synen

930 2543 1102 2596 dienst
1128 2540 1187 2587 te
1213 2527 1501 2583 verwachten
1527 2519 1672 2570 hebt,
1700 2517 1815 2564 ende
1841 2512 1929 2560 wij
1955 2500 2271 2556 Coopluijden
2299 2498 2386 2545 van
2413 2491 2586 2542 andere
2613 2483 2844 2535 plaetsen

912 2662 1101 2717 sijnde,
1125 2656 1233 2705 ende
1259 2652 1340 2700 met
1365 2645 1526 2696 Vrydom
1550 2642 1605 2689 in
1630 2639 1711 2687 UE:
1736 2635 1871 2684 landt
1896 2628 2136 2679 handelen,
2162 2626 2322 2673 boudet
2346 2621 2402 2669 In
2426 2615 2535 2664 alle
2558 2593 2906 2658 gelegentheden

916 2780 1148 2844 Proffijt
1173 2772 1262 2822 van
1289 2768 1376 2815 ons
1403 2760 1632 2812 trecken,
1660 2755 1775 2804 ende
1803 2746 2089 2799 veledingen
2117 2746 2175 2792 in
2202 2743 2260 2790 11
2287 2738 2431 2788 landt
2459 2733 2574 2782 niet
2601 2720 2859 2777 vallende,

944 2898 1152 2946 becomen,
1177 2894 1282 2942 ende
1307 2891 1411 2937 oocq
1437 2884 1593 2936 souden
1616 2877 1722 2928 alle
1746 2870 1982 2922 aerbeijts
2006 2865 2189 2913 luijden
2213 2863 2293 2911 soo
2318 2856 2578 2907 schilderst
2603 2851 2760 2900 Wevers
2784 2848 2837 2895 et

931 3026 1043 3081 haer
1070 3018 1289 3070 Erneren,
1313 3013 1424 3061 ende
1451 3012 1533 3058 UE:
1559 3008 1696 3057 landt
1723 3005 1832 3053 meer
1859 3003 1968 3049 ende
1994 2998 2104 3047 meer
2131 2988 2376 3043 groeijen,
2400 2984 2511 3032 ende
2537 2976 2784 3029 verrijckt

878 3163 1104 3223 werden,
1134 3155 1264 3206 ende
1294 3151 1393 3200 ons
1423 3148 1489 3195 d'
1519 3138 1746 3191 terckte
1777 3137 1876 3185 Van
1898 3117 2259 3186 Tegenepatam
2288 3105 2515 3159 gevende
2543 3092 2708 3148 soude
2737 3086 2840 3134 het

928 3288 1019 3335 tot
1047 3282 1169 3332 onse
1199 3267 1622 3327 verseeckeringe
1650 3260 1923 3312 strecken,
1950 3255 2044 3304 ome
2074 3254 2165 3300 soo
2193 3249 2315 3297 veel
2344 3245 2406 3292 te
2434 3228 2677 3289 stercken
2705 3219 2828 3271 ende

924 3418 991 3469 uE
1020 3392 1496 3461 proffytelijcker
1527 3389 1654 3436 onse
1684 3382 1907 3434 negotie
1937 3379 2034 3427 uyt
2065 3375 2129 3423 te
2159 3364 2445 3419 breijden,
2476 3358 2604 3408 oocq
2633 3354 2730 3402 sal
2760 3346 2857 3398 die

921 3534 1105 3594 plaets
1132 3529 1224 3579 dan
1252 3522 1373 3573 veel
1400 3508 1641 3566 stercker
1669 3506 1731 3552 en
1759 3502 1850 3550 UE.
1879 3497 1969 3546 een
1998 3490 2208 3541 grooter
2237 3486 2357 3534 naem
2384 3480 2566 3529 Wesen,
2595 3476 2715 3524 Item
2741 3469 2953 3520 gelijck

935 3659 1016 3709 wij
1039 3653 1147 3703 door
1172 3646 1462 3698 palliacatta
1487 3643 1540 3689 te
1564 3630 1828 3686 defenderen
1854 3629 1907 3675 't
1931 3618 2169 3673 voorleden
2194 3614 2300 3662 Jaer
2324 3610 2431 3657 ende
2456 3605 2615 3655 altijt
2640 3603 2693 3649 't
2719 3595 2955 3648 ganetsche

933 3777 1056 3826 landt
1079 3772 1178 3821 voor
1201 3770 1251 3816 s'
1274 3766 1421 3814 mooren
1445 3762 1592 3811 hebben
1616 3756 1836 3807 bevrijdt,
1858 3751 1933 3800 soo
1956 3745 2104 3795 souden
2126 3743 2201 3789 met
2224 3738 2298 3787 die
2321 3732 2469 3782 plaets
2491 3728 2615 3777 ul.:e
2639 3719 2980 3772 ganitschelandt

924 3905 1044 3952 tegen
1065 3901 1138 3948 UE:
1161 3891 1352 3945 vijanden
1375 3884 1542 3935 buijten
1565 3882 1638 3928 uE.
1661 3880 1780 3928 loste
1803 3879 1900 3925 oocq
1922 3872 2185 3923 beschermen,
2207 3865 2399 3916 daeromme
2420 3860 2494 3908 soo
2516 3855 2613 3904 UlE:
2636 3853 2708 3899 ons
2730 3848 2804 3898 die

908 4023 1077 4084 plaetse
1099 4020 1148 4068 om
1169 4017 1218 4064 te
1239 4009 1429 4061 besitten
1451 4005 1546 4053 wilt
1569 4002 1710 4049 geven,
1734 4001 1828 4047 ende
1851 4001 1898 4046 d'
1921 4000 2017 4046 Caul
2039 4000 2110 4047 Van
2133 3999 2204 4045 UE:
2226 3994 2438 4044 overeeden
2461 3987 2626 4038 broeder
2649 3979 2791 4031 wercke
2811 3967 3050 4023 tapeneijck

929 4148 1206 4200 maniteneren
1229 4144 1306 4192 soo
1329 4136 1507 4188 gelieft
1530 4133 1607 4181 ons
1631 4130 1708 4177 met
1732 4128 1858 4175 aller
1883 4125 2009 4173 haest
2034 4124 2110 4170 UE:
2134 4121 2311 4169 brieven
2335 4119 2411 4166 van
2435 4112 2612 4163 gelooff
2637 4112 2687 4157 te
2712 4110 2863 4156 senden

0 695 236 744 Woorde

0 1308 41 1354 en
