3553 4917
2835 328 3050 381 632

797 360 834 406 n

344 417 383 464 1
415 419 738 466 februarij
773 418 845 465 ao
879 409 1096 464 1646/.

423 1023 805 1081 antwood

464 1170 779 1224 vrage

478 1287 859 1337 antwoort

478 2180 777 2240 vrage

483 2428 921 2485 antwoord

516 2986 837 3045 vrage.

512 3245 932 3302 antwoord

422 914 729 966 vrage

411 660 664 713 antwoord
695 659 822 706 Neen
853 657 980 704 voor
1011 657 1106 703 als
1136 657 1264 704 noch
1296 659 1423 705 niet
1454 661 1583 709 maer
1612 666 1708 712 dat
1738 668 1866 717 daer
1896 673 2023 721 over
2055 676 2181 722 naer
2213 677 2435 725 holland
2465 681 2783 735 geschreven
2813 691 2910 739 was
2940 695 3035 740 van

976 767 1094 814 waer
1123 770 1269 818 ordre
1298 773 1534 824 verwacht
1563 780 1739 829 wierde

961 914 1050 960 bij
1080 914 1198 960 wien
1227 914 1287 960 in
1317 914 1437 962 dien
1465 918 1673 967 gevalle
1702 921 1762 967 de
1791 923 2089 974 Regeringhe
2117 930 2444 981 waergenomen
2473 936 2654 986 wierde

963 1041 1053 1091 bij
1081 1046 1141 1092 d'
1170 1046 1288 1092 Ed:e
1317 1045 1493 1093 heeren
1523 1048 1671 1099 Raden
1699 1054 1788 1100 van
1817 1053 1965 1100 India

964 1177 1080 1223 wie
1118 1177 1234 1225 die
1271 1180 1506 1237 waaren

969 1307 1032 1356 de
1063 1311 1465 1365 principaelste
1495 1319 1652 1369 naest
1681 1325 1775 1375 den
1805 1331 1930 1379 heer
1960 1335 2208 1384 Generael
2238 1339 2331 1385 die
2362 1340 2579 1389 'tsamen
2610 1344 2704 1391 met
2734 1346 2829 1392 den
2857 1349 2984 1397 heer

974 1431 1216 1480 Generael
1245 1435 1366 1482 over
1396 1437 1458 1484 de
1487 1441 1549 1487 te
1577 1443 1910 1499 verrichtene
1939 1454 2151 1506 zaacken
2180 1461 2272 1510 van
2299 1463 2483 1512 geheel
2512 1468 2814 1518 Nederlants
2844 1472 2996 1521 India

969 1554 1128 1600 alles
1158 1556 1381 1604 beraden
1411 1561 1539 1608 ende
1569 1564 1917 1616 ordonneeren

980 1687 1069 1734 hoe
1097 1687 1244 1733 verre
1272 1689 1477 1739 hoeland
1505 1695 1592 1742 van
1621 1696 1825 1744 Batavia
1854 1699 2059 1747 gelegen
2087 1702 2176 1749 is,
2204 1705 2262 1750 en
2290 1705 2350 1754 in
2378 1710 2467 1761 hoe
2494 1718 2612 1765 veel
2639 1721 2787 1769 tijts
2814 1725 2902 1773 men
2931 1727 3023 1777 van

980 1802 1193 1848 Batavia
1222 1801 1436 1850 holland
1464 1806 1617 1856 varen
1646 1811 1754 1859 can

972 1928 1221 1976 ongewelk
1250 1931 1406 1977 4000:
1437 1931 1623 1979 mijlen
1652 1934 1778 1981 ende
1808 1937 1902 1985 met
1932 1941 2120 1992 goeden
2148 1948 2273 1995 wint
2303 1951 2427 1998 oete
2457 1954 2737 2006 voorspoet
2765 1958 2829 2004 in
2859 1958 2891 2003 6
2921 1959 2986 2006 a)

978 2040 1174 2087 maenden
1202 2042 1314 2087 maer
1342 2042 1426 2088 met
1454 2043 1706 2094 contrarie
1733 2049 1847 2098 wind
1873 2054 1931 2102 en
1957 2058 2237 2112 tegensvoet
2265 2067 2322 2114 in
2349 2070 2434 2116 10.
2461 2072 2547 2120 12.
2572 2077 2601 2122 a
2628 2075 2713 2123 114
2740 2073 2948 2124 maenden

986 2172 1072 2221 off
1099 2172 1240 2220 desen
1267 2174 1380 2219 Jare
1407 2174 1548 2221 vande
1575 2174 1884 2223 Castilianen
1911 2178 2082 2231 eenich
2108 2188 2248 2239 land,
2276 2194 2500 2246 schepen,
2528 2201 2641 2247 ofte
2667 2203 2808 2250 volck
2836 2205 2949 2253 ver

990 2276 1160 2325 overt
1193 2279 1411 2330 hadden

958 2411 1046 2461 In
1073 2408 1216 2454 India
1244 2407 1301 2452 op
1330 2406 1387 2452 de
1415 2405 1530 2450 Cust
1557 2406 1644 2453 van
1671 2408 1871 2459 Manilha
1899 2415 2072 2463 eenich
2098 2419 2413 2475 vaartuijghn
2439 2431 2669 2484 verovert
2695 2440 2811 2489 ende
2837 2443 3009 2496 andere

991 2512 1390 2561 verdistrueckt,
1416 2515 1533 2562 ende
1559 2515 1618 2561 in
1646 2516 1905 2568 nederland
1930 2525 2016 2572 een
2043 2528 2159 2578 zeer
2186 2534 2386 2584 stercke
2413 2539 2671 2597 fortresse
2698 2552 2812 2598 otte
2841 2553 3040 2604 Casteel

983 2623 1096 2673 door
1123 2627 1234 2674 sijn
1261 2626 1513 2675 hoocheijt
1540 2631 1625 2679 den
1650 2634 1791 2682 heere
1817 2638 1985 2688 prince
2012 2644 2098 2692 van
2123 2648 2373 2700 orangien,
2401 2655 2513 2703 ende
2540 2658 2651 2706 door
2679 2661 2763 2708 den
2790 2663 2985 2711 Conmnck

989 2734 1076 2781 van
1105 2736 1398 2790 vrankrijck
1426 2746 1515 2792 een
1542 2748 1746 2798 stercke
1776 2753 1893 2800 stad
1921 2756 2098 2805 beijde
2125 2762 2243 2812 inde
2270 2768 2564 2826 provintien
2591 2783 2679 2830 van
2707 2785 2999 2835 vlaenderen

992 2847 1084 2898 den
1114 2853 1330 2905 Commiel
1358 2861 1451 2907 van
1481 2863 1726 2914 spangien
1755 2869 2062 2920 affgenomen
2091 2875 2183 2921 was

995 2983 1089 3029 Off
1119 2983 1214 3029 ooc
1244 2985 1494 3035 verstaen
1524 2990 1680 3038 hadde
1711 2993 1806 3041 van
1836 2998 1930 3045 een
1960 3000 2305 3054 ambassadeur
2334 3010 2429 3056 uit
2459 3011 2772 3063 portrigael
2801 3018 2864 3064 na

983 3099 1180 3152 Japan
1216 3097 1525 3146 Gesonden

989 3222 1108 3271 Jae,
1137 3222 1254 3267 maer
1283 3220 1371 3266 off
1400 3220 1488 3266 den
1517 3220 1693 3266 zelven
1722 3222 1811 3269 hem
1839 3225 2102 3275 herwaerds
2131 3230 2219 3276 sal
2248 3231 2424 3277 derven
2453 3232 2658 3278 begeven
2687 3234 2775 3280 off
2804 3235 2921 3282 niet

992 3333 1120 3380 werd
1151 3334 1470 3381 grotelijcx
1501 3335 1599 3381 bij
1630 3336 1726 3382 ons
1757 3337 2112 3388 getwijffelt

988 3471 1083 3518 dit
1113 3469 1272 3516 alles
1303 3467 1399 3514 bij
1430 3465 1747 3513 geschrifte
1776 3467 2061 3519 gestelth,
2092 3472 2314 3522 ebbende
2344 3476 2472 3524 sijn
2502 3480 3008 3534 Consejamatadonne

990 3591 1113 3638 ende
1144 3589 1237 3637 den
1266 3587 1575 3635 Gouverneur
1605 3587 2068 3638 sabroijmondonne
2098 3593 2191 3639 van
2221 3595 2314 3640 ons
2344 3595 2683 3643 gescheijden

985 3719 1248 3768 Naderland
1278 3721 1395 3768 quam
1423 3720 1511 3766 ons
1540 3721 1687 3767 onder
1715 3722 1890 3769 andere
1919 3724 2037 3770 metk
2065 3726 2269 3772 grooten
2299 3727 2561 3774 besoecken
2590 3729 2766 3777 mankin
2793 3727 3057 3776 sandado:r

1010 3830 1158 3877 soone
1182 3831 1360 3878 vanden
1387 3831 1650 3879 raatsleek
1677 3830 2085 3877 taeckemondonne
2113 3829 2201 3876 die
2228 3827 2520 3876 jnsgelijcx
2549 3830 2636 3876 ons
2666 3830 2811 3876 veele
2839 3831 3014 3877 vragen

1009 3940 1068 3985 de
1098 3940 1394 3987 voorgaende
1423 3942 1541 3988 niet
1571 3942 1838 3989 ongelijck
1867 3944 2192 3994 voorstelde,
2222 3949 2488 3997 weshalven
2516 3948 2606 3996 een
2635 3943 2754 3992 ende
2781 3928 2991 3987 'tselve

1008 4055 1243 4103 betricht
1270 4060 1475 4106 gedaen,
1504 4061 1622 4106 mies
1650 4062 1826 4109 sonder
1854 4065 2117 4114 bedenken,
2145 4068 2292 4114 sulcx
2321 4066 2381 4112 te
2409 4064 2701 4114 geschieden
2728 4061 2788 4108 om
2817 4058 2905 4105 mij
2929 4053 2992 4102 te

465 1922 892 1975 antwoord

467 1689 756 1742 vrage

2404 406 2511 459 Iw
2562 414 2775 462 zedo

2501 4271 2806 4332 roever.
2848 4271 2935 4319 /.

181 1094 218 1139 ts

164 1551 227 1598 nge

157 1791 245 1847 ken

137 2037 236 2084 ern:s

0 2028 30 2074 om

916 1928 944 1973 -

937 2984 967 3030 -
