3567 4801
2832 557 2978 616 890

540 537 841 590 october
883 536 1055 584 Ano.
1097 534 1274 587 1649

964 734 1314 785 Contraversien
1336 735 1420 782 tot
1447 735 1769 782 contentement
1795 736 1849 781 te
1876 736 1984 781 doen
2010 737 2253 789 blijcken,
2276 744 2360 791 soo
2385 747 2520 794 segge
2546 750 2841 801 alleenlijck

955 853 1075 906 noyt
1104 847 1221 897 onse
1250 847 1513 894 sententie
1538 845 1600 891 Ie
1628 846 1833 893 geweest
1861 846 1949 894 UE:
1978 844 2183 891 handelt
2211 847 2298 894 sij
2327 849 2444 896 door
2473 851 2561 896 Wat
2590 849 2881 896 practicque

958 975 1051 1022 ofte
1071 969 1305 1018 preventien
1327 965 1490 1014 d'selve
1513 964 1629 1010 soude
1651 964 1767 1010 mogen
1789 963 1975 1010 drijven,
1998 965 2137 1011 anders
2160 966 2230 1012 als
2253 967 2299 1012 't
2322 967 2415 1013 gene
2438 968 2554 1014 onsch
2576 967 2831 1014 alleantien,
2854 962 2947 1013 ende

949 1096 1050 1146 alle
1073 1088 1320 1140 volcqueren
1344 1087 1468 1132 recht
1492 1085 1837 1131 tegenstrijdigh
1860 1082 1936 1130 bs,
1960 1081 2011 1127 te
2034 1082 2306 1127 quereleren,
2330 1082 2454 1128 sulcx
2478 1084 2528 1130 nu
2551 1085 2823 1133 rechtmatich
2847 1088 2995 1134 sullen

944 1211 1064 1257 doen,
1088 1205 1303 1256 vervolgen
1327 1204 1375 1250 de
1398 1200 1615 1249 goederen,
1636 1198 1710 1243 die
1734 1198 1806 1243 als
1829 1197 1974 1243 vooren
1997 1198 2237 1246 aengewerdt
2260 1200 2428 1248 roobers
2452 1203 2572 1250 wijse
2595 1205 2811 1252 gestolen,

945 1333 1030 1383 met
1055 1328 1222 1376 louter
1250 1327 1444 1373 geweldt
1469 1326 1583 1373 wech
1609 1324 1859 1372 gevoerdt,
1885 1323 1941 1368 en
1969 1323 2052 1370 aen
2079 1324 2163 1369 uE:
2190 1322 2439 1369 Compagnie
2466 1321 2689 1368 Verkocht
2715 1322 2854 1369 sijn,

940 1457 1102 1506 daerop
1128 1455 1236 1501 noch
1260 1453 1343 1501 den
1370 1449 1558 1498 Conincg
1584 1448 1772 1495 maleija
1798 1447 1906 1493 noch
1932 1445 2013 1491 den
2039 1444 2201 1491 bijnen
2227 1445 2388 1492 eenich
2414 1443 2469 1490 's
2495 1439 2657 1488 minste
2682 1437 2817 1483 recht

934 1579 1055 1633 ofte
1082 1573 1231 1623 actie
1259 1568 1466 1617 hebben,
1494 1565 1672 1613 maer't
1699 1562 1937 1610 Capitael
1965 1562 2055 1609 van
2083 1562 2202 1608 onse
2230 1561 2407 1609 Heeren
2436 1560 2671 1606 meesters
2700 1549 2966 1606 uytgeseth

936 1696 1040 1746 ende
1066 1692 1375 1741 dienvolgende
1400 1690 1478 1737 hun
1502 1687 1581 1734 den
1606 1683 1838 1732 eijgendom
1864 1682 2122 1728 blijckende
2147 1682 2199 1727 te
2224 1681 2431 1728 meeroocq
2456 1682 2559 1728 daer
2585 1680 2688 1727 uijt
2713 1679 2765 1724 d'
2790 1676 2999 1724 goederen

940 1812 1019 1860 aen
1043 1807 1173 1856 onsen
1198 1806 1302 1851 voor
1326 1801 1585 1850 afgesonden
1610 1796 1817 1846 dienaers
1840 1791 2177 1840 g'Intregeert,
2203 1792 2254 1837 en
2280 1792 2383 1837 door
2408 1791 2460 1837 d'
2486 1791 2615 1836 selve
2640 1785 2924 1836 afgebraght,

922 1923 1102 1980 sonder
1129 1918 1219 1967 dat
1247 1916 1424 1963 eenich
1453 1915 1599 1961 mercq
1628 1912 1775 1959 vande
1804 1911 1863 1957 E.
1890 1910 1922 1957 .
1950 1904 2214 1954 Compagnie
2243 1902 2420 1950 daerop
2448 1901 2507 1948 te
2536 1899 2830 1947 sehekenen.

938 2039 1206 2093 Jmmermeer
1234 2035 1413 2083 gewoon
1442 2032 1650 2080 geweest
1679 2028 1828 2076 sijn,
1856 2026 2213 2073 competerende
2242 2026 2332 2072 Is,
2360 2025 2450 2071 met
2479 2024 2569 2070 wat
2597 2018 2836 2069 sondamen
2862 2015 2926 2062 uE

926 2163 1000 2211 dan
1022 2151 1266 2206 sustineert
1289 2150 1338 2195 d'
1362 2147 1629 2195 eijgenschap
1652 2146 1725 2191 der
1748 2141 1943 2191 geseijde
1966 2137 2186 2185 goederen,
2209 2138 2403 2186 verniets
2425 2136 2475 2182 in
2499 2135 2572 2182 uE.
2596 2133 2742 2179 handen
2764 2126 2959 2177 gecomen,

930 2279 1122 2331 verandert
1142 2278 1185 2324 te
1205 2274 1312 2322 sijn,
1332 2273 1397 2319 kan
1417 2272 1482 2317 een
1502 2265 1757 2317 verstarndige
1775 2258 2010 2308 lichtelijck
2032 2258 2201 2303 oordelen
2222 2257 2307 2303 niet
2328 2256 2561 2302 twijffelend
2582 2256 2624 2301 't
2645 2255 2752 2301 recht
2772 2252 2836 2299 aen
2857 2246 2964 2296 onser

908 2402 1021 2455 sijde
1041 2396 1218 2446 belijden
1239 2393 1306 2440 uE:
1326 2390 1394 2438 snt
1415 2387 1614 2435 ongelijck
1635 2382 1811 2432 gestelt,
1832 2378 1921 2426 ende
1941 2376 2009 2422 ons
2031 2374 2250 2421 dienvolgen
2272 2374 2514 2420 aengeroerde
2536 2371 2712 2419 goederen
2733 2369 2800 2416 als
2821 2366 2955 2414 eijgen

915 2513 1173 2567 toegevought
1194 2508 1359 2557 sullend
1380 2505 1521 2553 Werden
1543 2501 1638 2549 omme
1658 2497 1800 2544 welcke
1822 2495 1893 2542 dan
1915 2494 1963 2540 te
1985 2492 2218 2539 vervolgen,
2241 2491 2335 2537 daer
2357 2490 2404 2535 en
2426 2488 2520 2535 boot
2544 2484 2730 2533 behooren
2752 2481 2823 2528 sal
2843 2478 2893 2524 in

915 2629 1163 2681 voornemen
1190 2622 1384 2674 blijven

853 2777 921 2832 Il
950 2771 1043 2823 een
1069 2758 1286 2813 geheele
1315 2752 1499 2803 andere
1529 2752 1713 2800 saecke
1743 2754 1835 2799 die
1865 2752 1927 2798 in
1956 2749 2110 2796 porto
2140 2746 2262 2794 Novo
2293 2742 2567 2791 voordesen
2597 2741 2964 2788 voorgevallen

924 2868 1024 2916 ende
1048 2866 1147 2912 UE.:
1171 2863 1246 2910 ons
1270 2862 1320 2907 nu
1343 2861 1493 2907 Immers
1517 2862 1591 2907 met
1615 2860 1690 2906 soo
1714 2857 1912 2905 weijnich
1936 2855 2159 2902 fundament
2181 2853 2331 2901 soeckt
2356 2853 2430 2898 ten
2454 2850 2578 2897 laste
2603 2850 2652 2895 te
2676 2845 2875 2895 brengen,

2923 2845 2973 2890 -

918 2973 1016 3024 want
1039 2972 1087 3017 't
1111 2969 1206 3017 gene
1229 2968 1301 3014 bij
1323 2966 1467 3014 mijnen
1490 2965 1776 3011 predecesseur
1798 2964 1870 3009 ten
1894 2964 1989 3009 dien
2012 2962 2109 3008 tide
2131 2960 2274 3008 aldaer
2297 2959 2535 3006 gehandelt,
2558 2959 2654 3005 ende
2677 2955 2915 3004 Ingekocht,

907 3090 1009 3140 geen
1034 3083 1262 3134 gestolen,
1287 3081 1388 3128 maer
1412 3079 1540 3126 Vrije
1564 3075 1793 3124 goederen,
1817 3073 1894 3120 die
1919 3073 2021 3119 Inde
2044 3072 2172 3118 macht
2197 3069 2349 3117 vanden
2374 3065 2577 3114 Eygenaer
2601 3062 2703 3109 omme
2727 3053 2932 3107 daermede

911 3201 1007 3250 naer
1028 3198 1123 3246 sijn
1146 3197 1217 3243 wel
1239 3194 1427 3241 gevallen
1449 3192 1497 3238 te
1520 3191 1637 3237 mogen
1660 3189 1871 3235 handelen,
1893 3189 1989 3236 sijn
2010 3191 2198 3237 geweest,
2220 3189 2268 3235 't
2290 3187 2385 3233 gere
2407 3184 2548 3231 verder
2570 3179 2829 3229 g'allegeert
2850 3177 2945 3223 Wert

909 3319 989 3369 bij
1014 3315 1220 3363 gemelten
1245 3312 1400 3359 mijnen
1425 3310 1733 3358 predecesseur
1758 3309 1836 3354 tot
1861 3304 2118 3353 destructie
2144 3302 2221 3349 van
2245 3301 2323 3346 UE.
2348 3295 2606 3345 Compagnies
2629 3290 2785 3340 handel

907 3446 957 3495 op
978 3440 1072 3489 dees
1095 3436 1211 3484 Custe
1234 3427 1490 3481 voorgenomen
1512 3424 1629 3471 boude
1651 3421 1769 3468 sijn,
1791 3421 1838 3467 de
1859 3418 1930 3465 mij
1953 3415 2162 3462 onbewust,
2185 3413 2278 3459 doch
2301 3408 2441 3457 bchoon
2462 3405 2580 3453 allen
2603 3397 2836 3450 daerijnne

901 3555 1053 3609 eenige
1076 3552 1128 3600 s'
1150 3544 1400 3595 compagnies
1424 3534 1674 3589 Practicque
1697 3531 1947 3580 gebruijckt
1970 3527 2121 3576 mochte
2145 3523 2294 3571 wesen,
2318 3521 2369 3568 ds
2391 3517 2518 3565 sulcx
2543 3515 2642 3562 niet
2666 3510 2841 3560 meerder
2864 3508 2941 3555 als

897 3672 974 3722 die
996 3668 1072 3715 bij
1095 3665 1170 3712 uE:
1193 3660 1293 3709 ende
1316 3655 1464 3704 vorige
1487 3650 1709 3699 rekienten
1733 3648 1783 3694 en
1807 3644 2004 3692 gelijcke
2028 3641 2200 3690 maniere
2224 3638 2371 3686 tegens
2395 3635 2494 3682 onse
2517 3630 2666 3680 Heeren
2690 3625 2887 3676 meesters

901 3785 1170 3845 aengewendt,
1191 3782 1241 3829 te
1264 3775 1505 3827 verdoenen,
1529 3774 1625 3820 maer
1648 3772 1721 3818 sal
1744 3771 1793 3816 uE
1817 3771 1889 3816 een
1913 3771 1962 3816 en
1985 3771 2033 3817 't
2057 3770 2178 3816 selve
2200 3766 2369 3814 oordeel
2392 3762 2586 3810 daerover
2608 3762 2657 3808 te
2681 3760 2923 3807 verwachten

842 3926 872 3973 1
892 3907 1077 3968 hebben,
1101 3902 1180 3951 ten
1205 3895 1387 3947 welcken
1412 3888 1749 3940 respectiepan,
1774 3885 1879 3932 ende
1904 3883 1982 3930 nme
2007 3883 2086 3930 ven
2111 3885 2293 3932 anderen
2318 3885 2422 3931 niet
2447 3885 2500 3931 't
2524 3883 2758 3929 kriteren,
2783 3881 2869 3930 dat

886 4026 1090 4079 weijnich
1114 4018 1341 4070 proffyten
1366 4016 1467 4062 voor
1491 4012 1618 4061 onser
1643 4008 1820 4057 beijder
1845 4007 2046 4053 meesters
2072 4007 2148 4053 kan
2171 4005 2248 4051 bij
2273 4004 2475 4050 brengen,
2499 4004 2601 4051 voor
2625 4005 2727 4051 best
2752 4003 2929 4050 achten,

882 4149 934 4197 te
956 4144 1058 4193 meer
1082 4142 1157 4189 het
1180 4139 1256 4186 tot
1280 4137 1331 4183 d'
1355 4132 1678 4182 voorverhaelde
1702 4130 1852 4177 saecke
1876 4129 1976 4176 niet
2001 4131 2051 4176 en
2075 4127 2249 4175 dienst,
2273 4125 2448 4171 daervan
2472 4125 2547 4171 oen
2571 4124 2820 4171 Wedersyden
2844 4123 2947 4169 geen

881 4254 1036 4302 verder
1062 4247 1268 4299 verhaelt
1293 4245 1345 4291 te
1371 4245 1499 4291 doen,
1525 4243 1654 4290 segge
1679 4239 1885 4287 eenlijck
1910 4238 2014 4284 noch
2039 4238 2117 4284 tot
2142 4237 2375 4284 beslueijt
2398 4236 2580 4285 maleije
2605 4236 2657 4282 en
2682 4237 2734 4283 d'
2757 4225 2864 4280 syne

49 830 177 882 seen

0 838 21 884 1s

146 2690 198 2735 inen
