<?xml version="1.0" encoding="UTF-8"?>
<PcGts xmlns="http://schema.primaresearch.org/PAGE/gts/pagecontent/2013-07-15">
  <Metadata externalRef="67fc8a3a-f439-46fc-aef9-040034422d18">
    <Creator>Laypa</Creator>
    <Created>2023-09-08T02:22:04</Created>
    <LastChange>2023-09-08T03:38:17</LastChange>
    <Comment>license: CC0</Comment>
    <MetadataItem type="processingStep" name="layout-analysis" value="laypa">
      <Labels>
        <Label value="228a7d24385cff0e51687c00d0e65a2c2a9703d5" type="githash"/>
        <Label value="61334eb4-edff-4af5-b036-b5927f35bbcf" type="uuid"/>
        <Label value="https://hdl.handle.net/10622/VMSCBR" type="laypamodelremote"/>
      </Labels>
    </MetadataItem>
    <MetadataItem type="processingStep" name="region-analysis" value="laypa">
      <Labels>
        <Label value="0a3442b4-835c-44bc-9115-3fd08263a5dc" type="uuid"/>
        <Label value="https://hdl.handle.net/10622/DMAS2T" type="laypamodelremote"/>
      </Labels>
    </MetadataItem>
    <MetadataItem type="processingStep" name="htr" value="loghi-htr">
      <Labels>
        <Label value="9efb3e0ff4338dc6e07d110ac4d435f27f5b0e16&#10;" type="githash"/>
        <Label value="3a9bdaa3-493c-483e-bbb2-f51961b8e5a0" type="uuid"/>
        <Label value="64" type="batch_size"/>
        <Label value="https://hdl.handle.net/10622/X2JZYY" type="loghihtrmodelremote"/>
      </Labels>
    </MetadataItem>
    <MetadataItem type="processingStep" name="word-splitting" value="loghi-htr-tooling"/>
    <MetadataItem type="other" name="dataset" value="https://hdl.handle.net/10622/LVXSBW">
      <Labels>
        <Label value="VOC transcriptions v2 - GLOBALISE" type="name"/>
        <Label value="Dataset in pagexml and txt format, including data card." type="description"/>
        <Label value="https://globalise.huygens.knaw.nl/" type="creator"/>
        <Label value="https://hdl.handle.net/10622/LVXSBW" type="url"/>
      </Labels>
    </MetadataItem>
  </Metadata>
  <Page imageFilename="NL-HaNA_1.04.02_1161_0657.jpg" imageWidth="3567" imageHeight="4801">
    <ReadingOrder>
      <OrderedGroup id="orderedgroup_9f9c2037-41cf-483e-a3a6-c864e8423564">
        <RegionRefIndexed index="0" regionRef="region_3d661c50-0ba5-44f3-92d4-9b581630dfe1_4"/>
        <RegionRefIndexed index="1" regionRef="region_2d636001-5d55-4372-8b9c-8a67d78cd81d_5"/>
        <RegionRefIndexed index="2" regionRef="region_f0c1359f-b404-4b9e-8428-305b7d34e168_3"/>
        <RegionRefIndexed index="3" regionRef="region_d8fdc2e3-b233-4dfb-963b-bc66c98fd665_2"/>
        <RegionRefIndexed index="4" regionRef="region_56698a23-87c2-4640-8745-4212077927b4_1"/>
        <RegionRefIndexed index="5" regionRef="d7cea06f-a1fc-44e6-b403-634e2161e8a0"/>
      </OrderedGroup>
    </ReadingOrder>
    <TextRegion id="region_3d661c50-0ba5-44f3-92d4-9b581630dfe1_4" custom="structure {type:page-number;}">
      <Coords points="2839,519 2835,516 2835,509 2832,505 2832,502 2818,488 2815,488 2811,484 2808,484 2804,481 2787,481 2783,477 2762,477 2759,481 2731,481 2728,484 2717,484 2714,488 2707,488 2703,491 2696,491 2693,495 2686,495 2682,498 2679,498 2675,502 2672,502 2665,509 2661,509 2654,516 2651,516 2644,523 2644,526 2637,533 2633,533 2633,550 2640,557 2640,561 2644,561 2647,564 2651,564 2654,568 2658,568 2661,571 2665,571 2668,575 2675,575 2679,578 2707,578 2710,582 2728,582 2731,585 2755,585 2759,582 2780,582 2783,578 2787,578 2790,575 2797,575 2801,571 2808,571 2811,568 2815,568 2818,564 2822,564 2832,554 2832,547 2835,544 2835,530 2839,526"/>
      <TextLine id="line_8f1a1ba3-f4ed-4f34-a13d-38603eb24bdc">
        <Coords points="2639,500 2839,495 2839,566 2639,575"/>
        <Baseline points="2674,563 2724,561 2774,555 2805,549"/>
        <Word id="word_95d35f6a-46df-4600-9a47-0871d40f2e02">
          <Coords points="2673,528 2723,526 2770,520 2798,515 2807,559 2775,565 2724,571 2674,573"/>
          <TextEquiv>
            <Unicode>907</Unicode>
          </TextEquiv>
        </Word>
        <TextEquiv conf="0.9987055600075496">
          <Unicode>907</Unicode>
        </TextEquiv>
        <TextStyle xHeight="41"/>
      </TextLine>
    </TextRegion>
    <TextRegion id="region_2d636001-5d55-4372-8b9c-8a67d78cd81d_5" custom="structure {type:header;}">
      <Coords points="1376,537 1372,537 1369,533 1365,533 1362,530 1359,530 1338,509 1334,509 1331,505 1327,505 1324,502 1320,502 1317,498 1306,498 1303,495 1289,495 1285,491 1275,491 1271,488 1254,488 1251,484 1233,484 1230,481 1150,481 1146,477 1122,477 1118,474 1108,474 1104,470 1031,470 1028,474 1010,474 1007,477 996,477 993,481 982,481 979,484 965,484 961,488 951,488 947,491 941,491 937,495 906,495 902,498 843,498 839,502 829,502 826,505 798,505 794,509 784,509 780,512 773,512 770,516 745,516 742,519 732,519 728,523 718,523 714,526 711,526 700,537 700,547 693,554 693,557 686,564 686,578 690,582 690,585 704,599 707,599 711,603 718,603 721,606 732,606 735,610 749,610 752,613 766,613 770,617 805,617 808,613 982,613 986,610 1003,610 1007,613 1038,613 1042,617 1083,617 1087,620 1097,620 1101,617 1139,617 1143,613 1188,613 1191,617 1212,617 1216,613 1271,613 1275,610 1282,610 1285,606 1292,606 1296,603 1299,603 1303,599 1310,599 1313,596 1317,596 1320,592 1324,592 1359,557 1362,557 1369,550 1372,550 1376,547"/>
      <TextLine id="b0f57c11-eabc-4e9b-923b-8d5390f79c44">
        <Coords points="632,420 1126,423 1150,431 1254,530 1319,539 1319,611 1290,625 1226,629 1190,641 1118,645 1098,653 958,661 902,673 632,673"/>
        <Baseline points="667,605 717,602 767,600 817,599 867,597 917,595 967,594 1017,594 1067,596 1117,596 1167,593 1217,594 1267,592 1285,593"/>
        <Word id="word_bd366bc8-6fdb-4aff-b2a7-22785bc51647">
          <Coords points="665,570 715,567 766,565 816,564 866,562 916,560 966,559 1017,559 1049,560 1047,605 1017,604 967,604 917,605 867,607 817,609 767,610 718,612 668,615"/>
          <TextEquiv>
            <Unicode>decembr.</Unicode>
          </TextEquiv>
        </Word>
        <Word id="word_0aa485a7-9ea0-472a-9f04-aa1657152362">
          <Coords points="1093,562 1115,561 1165,558 1218,559 1266,557 1287,558 1284,603 1267,602 1217,604 1168,603 1118,606 1095,607"/>
          <TextEquiv>
            <Unicode>1645</Unicode>
          </TextEquiv>
        </Word>
        <TextEquiv conf="0.8838806053279042">
          <Unicode>decembr. 1645</Unicode>
        </TextEquiv>
        <TextStyle xHeight="74"/>
      </TextLine>
    </TextRegion>
    <TextRegion id="region_f0c1359f-b404-4b9e-8428-305b7d34e168_3" custom="structure {type:paragraph;}">
      <Coords points="2943,721 2933,707 2916,707 2905,714 2891,704 2877,704 2867,697 2675,697 2620,707 2484,707 2435,714 2048,711 1909,714 1780,725 1606,721 1425,732 1181,725 1038,739 937,739 920,746 899,770 892,798 899,885 895,1219 906,1313 899,1843 892,1867 892,1930 899,1955 899,1972 892,1986 895,2031 909,2045 954,2049 1007,2042 1108,2042 1150,2035 1216,2038 1303,2031 1529,2031 1571,2024 1696,2024 1770,2017 1881,2017 1926,2024 2013,2021 2048,2007 2066,1986 2066,1958 2059,1944 2080,1923 2121,1913 2303,1902 2637,1899 2689,1892 2849,1895 2874,1888 2912,1867 2923,1867 2933,1878 2940,1864 2940,1847 2923,1791 2937,1749 2933,1596 2909,1529 2909,1498 2891,1453 2891,1397 2881,1387 2874,1387 2863,1397 2846,1380 2839,1348 2853,1327 2877,1317 2891,1303 2905,1272 2905,1237 2891,1202 2891,1157 2860,1108 2860,1031 2849,1000 2849,969 2860,944 2856,878 2874,854 2902,850 2919,864 2933,864 2947,854 2957,815 2957,770"/>
      <TextLine id="ba5397ba-ab79-4505-b333-fc482f651b0e">
        <Coords points="864,670 914,671 1125,646 1721,659 1992,654 2000,662 2192,675 2663,670 2671,678 2713,678 2743,703 2788,701 2786,773 2671,773 2656,765 2627,773 2606,765 2579,788 2568,782 2555,789 2545,780 2424,776 2411,789 2352,809 2248,808 2072,821 1884,816 1872,804 1421,805 1413,813 1026,804 978,809 970,817 864,817"/>
        <Baseline points="899,794 949,789 999,785 1049,781 1099,778 1149,776 1199,773 1249,770 1299,768 1349,767 1399,766 1449,765 1499,765 1549,764 1599,764 1649,764 1699,763 1749,762 1799,762 1849,760 1899,759 1949,758 1999,759 2049,758 2099,759 2149,759 2199,760 2249,760 2299,761 2349,762 2399,761 2449,762 2499,761 2549,760 2599,758 2649,757 2699,758 2749,755 2754,755"/>
        <Word id="word_a68b512d-ea0a-4e78-82a2-dda3d133ff40">
          <Coords points="896,759 946,754 996,750 1046,746 1097,743 1136,742 1137,786 1100,788 1050,791 1000,795 950,799 900,804"/>
          <TextEquiv>
            <Unicode>begonnen,</Unicode>
          </TextEquiv>
        </Word>
        <Word id="word_8c522f4e-5db4-44e5-89a8-ef338d5c03d6">
          <Coords points="1161,741 1197,738 1247,735 1268,734 1270,779 1250,780 1200,783 1164,785"/>
          <TextEquiv>
            <Unicode>ende</Unicode>
          </TextEquiv>
        </Word>
        <Word id="word_2af60262-7f2d-4f38-953e-cc1fe421f913">
          <Coords points="1294,733 1298,733 1348,732 1398,731 1448,730 1499,730 1507,730 1508,775 1499,775 1449,775 1399,776 1349,777 1299,778 1296,778"/>
          <TextEquiv>
            <Unicode>daermede</Unicode>
          </TextEquiv>
        </Word>
        <Word id="word_08f2deaf-b561-4f2f-ae74-60346533fe70">
          <Coords points="1534,729 1548,729 1599,729 1649,729 1666,729 1667,774 1649,774 1599,774 1549,774 1535,774"/>
          <TextEquiv>
            <Unicode>groot</Unicode>
          </TextEquiv>
        </Word>
        <Word id="word_b57b42c0-9474-4260-a10b-e774d452d154">
          <Coords points="1693,728 1698,728 1748,727 1799,727 1848,725 1898,724 1948,723 1959,723 1958,768 1949,768 1899,769 1849,770 1799,772 1749,772 1699,773 1694,773"/>
          <TextEquiv>
            <Unicode>achterdeel</Unicode>
          </TextEquiv>
        </Word>
        <Word id="word_3858cc9e-2ac0-4f3b-a68c-26afeaa96178">
          <Coords points="1986,724 2000,724 2048,723 2100,724 2149,724 2172,724 2171,769 2149,769 2099,769 2049,768 1999,769 1985,769"/>
          <TextEquiv>
            <Unicode>verlier</Unicode>
          </TextEquiv>
        </Word>
        <Word id="word_9da8ba36-58bf-4480-970e-bfe1130f45b1">
          <Coords points="2198,725 2200,725 2249,725 2251,725 2250,770 2249,770 2199,770 2197,770"/>
          <TextEquiv>
            <Unicode>en</Unicode>
          </TextEquiv>
        </Word>
        <Word id="word_21556625-bed0-43ef-a78c-e8ae4234b96d">
          <Coords points="2278,726 2300,726 2331,727 2330,772 2299,771 2277,771"/>
          <TextEquiv>
            <Unicode>de</Unicode>
          </TextEquiv>
        </Word>
        <Word id="word_bb72af0e-400e-499f-99bc-0070eac8f0b8">
          <Coords points="2355,727 2398,726 2450,727 2498,726 2548,725 2598,723 2648,722 2700,723 2747,720 2754,720 2754,765 2750,765 2699,768 2649,767 2599,768 2549,770 2499,771 2449,772 2399,771 2357,772"/>
          <TextEquiv>
            <Unicode>schandebehaelet</Unicode>
          </TextEquiv>
        </Word>
        <TextEquiv conf="0.8815294562124824">
          <Unicode>begonnen, ende daermede groot achterdeel verlier en de schandebehaelet</Unicode>
        </TextEquiv>
        <TextStyle xHeight="51"/>
      </TextLine>
      <TextLine id="line_24dd5dc0-a4d6-4ec5-8cfd-19b5ea6b71f0">
        <Coords points="859,818 969,818 981,806 1029,805 1873,805 1885,817 2133,818 2233,814 2256,805 2365,810 2405,787 2541,787 2548,793 2564,782 2572,789 2584,786 2605,766 2625,774 2651,766 2689,794 2830,793 2830,864 2773,861 2741,889 2445,889 2225,880 2217,873 2197,881 1729,889 1697,909 1517,905 1505,917 1145,917 1090,924 859,920"/>
        <Baseline points="894,897 944,892 994,889 1044,887 1094,884 1144,882 1194,880 1244,877 1294,875 1344,873 1394,872 1444,872 1494,869 1544,868 1594,868 1644,867 1694,865 1744,865 1794,864 1844,863 1894,863 1944,862 1994,862 2044,861 2094,862 2144,861 2194,861 2244,859 2294,859 2344,859 2394,858 2444,858 2494,857 2544,856 2594,856 2644,855 2694,853 2744,852 2794,849 2796,847"/>
        <Word id="word_26f62b4c-026e-45b6-a731-42b8d2557394">
          <Coords points="891,862 941,857 992,854 1043,852 1092,849 1121,848 1122,893 1095,894 1044,897 995,899 945,902 895,907"/>
          <TextEquiv>
            <Unicode>derhalven</Unicode>
          </TextEquiv>
        </Word>
        <Word id="word_6005ed6a-96ec-478a-a702-23cb1c85500a">
          <Coords points="1146,847 1193,845 1221,843 1224,888 1194,890 1148,892"/>
          <TextEquiv>
            <Unicode>dat</Unicode>
          </TextEquiv>
        </Word>
        <Word id="word_495342d3-6fb9-4dd6-ac16-5206e002923c">
          <Coords points="1247,842 1293,840 1323,839 1325,884 1294,885 1249,887"/>
          <TextEquiv>
            <Unicode>tot</Unicode>
          </TextEquiv>
        </Word>
        <Word id="word_06863c0a-4125-42ff-a22c-f754ba75ba31">
          <Coords points="1350,838 1393,837 1444,837 1450,837 1452,882 1444,882 1394,882 1350,883"/>
          <TextEquiv>
            <Unicode>noch</Unicode>
          </TextEquiv>
        </Word>
        <Word id="word_ffb80228-c202-4080-b320-1172dee66f38">
          <Coords points="1475,835 1492,834 1543,833 1553,833 1553,878 1544,878 1495,879 1478,880"/>
          <TextEquiv>
            <Unicode>toe</Unicode>
          </TextEquiv>
        </Word>
        <Word id="word_8511ad81-fe56-49fc-ba2c-3e2fddc1a2fa">
          <Coords points="1579,833 1594,833 1643,832 1679,831 1681,876 1644,877 1594,878 1579,878"/>
          <TextEquiv>
            <Unicode>niet</Unicode>
          </TextEquiv>
        </Word>
        <Word id="word_2d687793-1942-4f11-b6c7-e027bd50de98">
          <Coords points="1706,830 1744,830 1756,830 1756,875 1744,875 1705,875"/>
          <TextEquiv>
            <Unicode>en</Unicode>
          </TextEquiv>
        </Word>
        <Word id="word_203aa650-4146-4452-9bad-70acef73fcf0">
          <Coords points="1781,829 1793,829 1843,828 1894,828 1908,828 1909,873 1894,873 1844,873 1794,874 1782,874"/>
          <TextEquiv>
            <Unicode>hadde</Unicode>
          </TextEquiv>
        </Word>
        <Word id="word_1c25ee38-076d-47d3-aa8c-27906f7c124a">
          <Coords points="1933,827 1943,827 1994,827 2043,826 2095,827 2143,826 2162,826 2162,871 2144,871 2094,872 2044,871 1994,872 1944,872 1934,872"/>
          <TextEquiv>
            <Unicode>gewonnen,</Unicode>
          </TextEquiv>
        </Word>
        <Word id="word_c9539c26-c30b-4964-813b-caf9a67519dd">
          <Coords points="2188,826 2194,826 2237,824 2239,869 2194,871 2188,871"/>
          <TextEquiv>
            <Unicode>en</Unicode>
          </TextEquiv>
        </Word>
        <Word id="word_79249019-f908-46f0-b565-066a2afabd57">
          <Coords points="2265,823 2295,824 2340,824 2340,869 2294,869 2264,868"/>
          <TextEquiv>
            <Unicode>soo</Unicode>
          </TextEquiv>
        </Word>
        <Word id="word_cd0d6bc4-d2db-4275-92be-748e739b7691">
          <Coords points="2364,824 2393,823 2442,823 2442,868 2394,868 2366,869"/>
          <TextEquiv>
            <Unicode>met</Unicode>
          </TextEquiv>
        </Word>
        <Word id="word_41fd6479-ff97-4fd1-99d7-6dd074288676">
          <Coords points="2466,823 2493,822 2543,821 2594,821 2643,820 2693,818 2743,817 2771,822 2792,814 2803,854 2795,859 2744,862 2694,863 2644,865 2594,866 2544,866 2494,867 2467,868"/>
          <TextEquiv>
            <Unicode>onverstandige</Unicode>
          </TextEquiv>
        </Word>
        <TextEquiv conf="0.9240726455656928">
          <Unicode>derhalven dat tot noch toe niet en hadde gewonnen, en soo met onverstandige</Unicode>
        </TextEquiv>
        <TextStyle xHeight="37"/>
      </TextLine>
      <TextLine id="line_83e075e7-726b-448e-9f79-65ad3733d015">
        <Coords points="866,924 1504,916 1516,904 1768,908 1780,896 2439,900 2463,887 2623,887 2635,899 2860,900 2860,971 2779,971 2751,996 2667,996 2613,1048 2570,1007 2399,1004 2387,995 2303,995 2295,987 2047,983 1919,984 1891,1008 1867,1016 1692,1016 1684,1024 1579,1015 1468,1024 1180,1024 1156,1048 866,1052"/>
        <Baseline points="901,1009 951,1002 1001,999 1051,997 1101,996 1151,994 1201,992 1251,990 1301,988 1351,986 1401,985 1451,984 1501,983 1551,981 1601,980 1651,979 1701,978 1751,976 1801,975 1851,975 1901,974 1951,974 2001,973 2051,972 2101,972 2151,971 2201,970 2251,969 2301,968 2351,968 2401,967 2451,966 2501,965 2551,964 2601,963 2651,962 2701,961 2751,960 2801,958 2826,954"/>
        <Word id="word_fc5f967f-89af-43f4-bac5-2aff0acfa9fd">
          <Coords points="896,974 946,967 999,964 1050,962 1100,961 1127,960 1129,1005 1101,1006 1051,1007 1002,1009 952,1012 902,1019"/>
          <TextEquiv>
            <Unicode>granschap</Unicode>
          </TextEquiv>
        </Word>
        <Word id="word_32e3f645-d6fe-4d04-9063-e109a11c0dab">
          <Coords points="1152,959 1200,957 1203,957 1205,1002 1201,1002 1154,1004"/>
          <TextEquiv>
            <Unicode>d'</Unicode>
          </TextEquiv>
        </Word>
        <Word id="word_7d0fff8b-d046-4b64-8af9-68e52b4d489a">
          <Coords points="1228,956 1250,955 1300,953 1350,951 1381,950 1382,995 1351,996 1301,998 1251,1000 1230,1001"/>
          <TextEquiv>
            <Unicode>saecke</Unicode>
          </TextEquiv>
        </Word>
        <Word id="word_70331562-f901-42b7-865e-f40dafd52089">
          <Coords points="1406,950 1450,949 1500,948 1507,948 1509,993 1501,993 1451,994 1407,995"/>
          <TextEquiv>
            <Unicode>noch</Unicode>
          </TextEquiv>
        </Word>
        <Word id="word_ac58e81f-636c-48e4-aa5b-22ec29f6f1e6">
          <Coords points="1532,947 1550,946 1600,945 1650,944 1660,944 1661,989 1651,989 1601,990 1551,991 1534,992"/>
          <TextEquiv>
            <Unicode>wilde</Unicode>
          </TextEquiv>
        </Word>
        <Word id="word_3b073006-89a5-4509-a128-8dd18afc2fa3">
          <Coords points="1685,943 1700,943 1750,941 1800,940 1851,940 1900,939 1939,939 1939,984 1901,984 1851,985 1801,985 1751,986 1701,988 1686,988"/>
          <TextEquiv>
            <Unicode>vervolgen,</Unicode>
          </TextEquiv>
        </Word>
        <Word id="word_d3109954-8a53-4405-ac1f-d7a05bb4f904">
          <Coords points="1964,939 2000,938 2040,937 2041,982 2001,983 1965,984"/>
          <TextEquiv>
            <Unicode>was</Unicode>
          </TextEquiv>
        </Word>
        <Word id="word_6ebd33c1-0d6f-4aff-98c7-2bad709edc24">
          <Coords points="2066,937 2101,937 2150,936 2167,936 2168,981 2151,981 2101,982 2066,982"/>
          <TextEquiv>
            <Unicode>niet</Unicode>
          </TextEquiv>
        </Word>
        <Word id="word_55bb9ef9-8637-4e68-8997-201be19708ca">
          <Coords points="2192,935 2200,935 2250,934 2268,934 2269,979 2251,979 2201,980 2193,980"/>
          <TextEquiv>
            <Unicode>als</Unicode>
          </TextEquiv>
        </Word>
        <Word id="word_3d5d4096-a0ef-4f95-bc33-5adbdd8021c2">
          <Coords points="2293,933 2300,933 2351,933 2400,932 2450,931 2471,931 2472,976 2451,976 2401,977 2351,978 2301,978 2294,978"/>
          <TextEquiv>
            <Unicode>Vereere</Unicode>
          </TextEquiv>
        </Word>
        <Word id="word_1652d944-9695-402f-b2e1-2aadbdd0f254">
          <Coords points="2496,930 2500,930 2550,929 2600,928 2650,927 2700,926 2750,925 2800,923 2820,919 2828,964 2801,968 2751,970 2701,971 2651,972 2601,973 2551,974 2501,975 2497,975"/>
          <TextEquiv>
            <Unicode>Verwijderinge</Unicode>
          </TextEquiv>
        </Word>
        <TextEquiv conf="0.8819767175044841">
          <Unicode>granschap d' saecke noch wilde vervolgen, was niet als Vereere Verwijderinge</Unicode>
        </TextEquiv>
        <TextStyle xHeight="40"/>
      </TextLine>
      <TextLine id="fde6132f-2ea4-4555-a9dc-e7c72522a436">
        <Coords points="866,1050 1156,1046 1180,1025 1676,1030 1688,1022 1728,1018 1856,1018 1908,997 2076,1002 2088,990 2172,989 2300,989 2388,993 2400,1002 2563,1005 2612,1049 2668,997 2821,1001 2821,1072 2656,1069 2624,1085 2552,1085 2543,1076 2408,1077 2400,1085 2312,1085 2300,1097 2180,1100 2172,1092 2144,1092 1868,1104 1828,1144 1796,1152 866,1151"/>
        <Baseline points="901,1124 951,1121 1001,1117 1051,1115 1101,1113 1151,1112 1201,1109 1251,1106 1301,1103 1351,1101 1401,1099 1451,1095 1501,1093 1551,1091 1601,1090 1651,1088 1701,1086 1751,1084 1801,1083 1851,1082 1901,1081 1951,1080 2001,1079 2051,1078 2101,1077 2151,1076 2201,1076 2251,1075 2301,1074 2351,1072 2401,1069 2451,1068 2501,1067 2551,1065 2601,1064 2651,1061 2701,1059 2751,1058 2787,1055"/>
        <Word id="word_0b5baa04-a879-4e49-81bc-2fe357ee45b7">
          <Coords points="899,1089 949,1086 952,1086 956,1131 952,1131 902,1134"/>
          <TextEquiv>
            <Unicode>te</Unicode>
          </TextEquiv>
        </Word>
        <Word id="word_b2d14f3d-a20d-45ff-9cb3-681d26a334c2">
          <Coords points="979,1084 998,1082 1050,1080 1100,1078 1150,1077 1199,1074 1249,1071 1249,1071 1252,1116 1252,1116 1202,1119 1151,1122 1101,1123 1051,1125 1002,1127 983,1129"/>
          <TextEquiv>
            <Unicode>verwachten</Unicode>
          </TextEquiv>
        </Word>
        <Word id="word_cd6bc236-1929-4455-a776-d7a9c6abfccc">
          <Coords points="1276,1069 1299,1068 1350,1066 1384,1065 1386,1110 1351,1111 1302,1113 1279,1114"/>
          <TextEquiv>
            <Unicode>(het</Unicode>
          </TextEquiv>
        </Word>
        <Word id="word_2a206137-b473-40b2-8ac7-80b36ae2b043">
          <Coords points="1409,1064 1448,1060 1500,1058 1546,1056 1548,1101 1501,1103 1452,1105 1414,1108"/>
          <TextEquiv>
            <Unicode>waere</Unicode>
          </TextEquiv>
        </Word>
        <Word id="word_8aff6ce9-08d9-4ec2-93a2-3a11e28e2229">
          <Coords points="1574,1055 1601,1055 1650,1053 1700,1051 1708,1051 1709,1096 1701,1096 1651,1098 1601,1100 1574,1100"/>
          <TextEquiv>
            <Unicode>beter</Unicode>
          </TextEquiv>
        </Word>
        <Word id="word_96d4bff4-fa86-41b9-bad5-36240646dfec">
          <Coords points="1734,1050 1750,1049 1800,1048 1850,1047 1897,1046 1898,1091 1851,1092 1801,1093 1751,1094 1736,1095"/>
          <TextEquiv>
            <Unicode>eenich</Unicode>
          </TextEquiv>
        </Word>
        <Word id="word_b87ee13b-e277-4916-aa29-06ee30451724">
          <Coords points="1924,1046 1950,1045 2000,1044 2050,1043 2059,1043 2060,1088 2051,1088 2001,1089 1951,1090 1925,1091"/>
          <TextEquiv>
            <Unicode>goedt</Unicode>
          </TextEquiv>
        </Word>
        <Word id="word_ff49648f-c3cd-4e34-b329-9b44c051147b">
          <Coords points="2086,1042 2100,1042 2150,1041 2201,1041 2247,1040 2248,1085 2201,1086 2151,1086 2101,1087 2087,1087"/>
          <TextEquiv>
            <Unicode>accort</Unicode>
          </TextEquiv>
        </Word>
        <Word id="word_ffec6e4c-d42b-4cb2-a29a-d67d8f518074">
          <Coords points="2274,1040 2300,1039 2350,1037 2399,1034 2436,1033 2437,1078 2402,1079 2351,1082 2301,1084 2275,1085"/>
          <TextEquiv>
            <Unicode>soghte</Unicode>
          </TextEquiv>
        </Word>
        <Word id="word_517dfccf-f647-4d16-b3e1-9e7fae8be414">
          <Coords points="2463,1033 2500,1032 2550,1030 2571,1030 2572,1075 2551,1075 2501,1077 2464,1078"/>
          <TextEquiv>
            <Unicode>ende</Unicode>
          </TextEquiv>
        </Word>
        <Word id="word_38d74e8a-b7b9-49b7-9017-1ed8d30190c7">
          <Coords points="2598,1029 2600,1029 2649,1026 2700,1024 2750,1023 2784,1020 2788,1065 2751,1068 2701,1069 2652,1071 2601,1074 2599,1074"/>
          <TextEquiv>
            <Unicode>kalhtet</Unicode>
          </TextEquiv>
        </Word>
        <TextEquiv conf="0.8618879854078322">
          <Unicode>te verwachten (het waere beter eenich goedt accort soghte ende kalhtet</Unicode>
        </TextEquiv>
        <TextStyle xHeight="39"/>
      </TextLine>
      <TextLine id="line_3a0d14c2-af4e-4947-81fd-2b6306e7e815">
        <Coords points="868,1173 926,1173 946,1165 1190,1164 1198,1172 1270,1177 1278,1169 1369,1169 1401,1160 1589,1165 1641,1153 1789,1153 1825,1145 1861,1114 2076,1110 2129,1106 2145,1093 2648,1093 2680,1114 2877,1121 2877,1192 2436,1197 2400,1224 2261,1224 2237,1248 1381,1248 1362,1267 1262,1267 1215,1311 1195,1310 1179,1326 1142,1298 1046,1298 1021,1278 868,1274"/>
        <Baseline points="903,1234 953,1235 1003,1232 1053,1230 1103,1228 1153,1226 1203,1225 1253,1223 1303,1220 1353,1219 1403,1216 1453,1213 1503,1210 1553,1208 1603,1206 1653,1204 1703,1201 1753,1200 1803,1198 1853,1197 1903,1197 1953,1197 2003,1195 2053,1194 2103,1193 2153,1191 2203,1190 2253,1189 2303,1187 2353,1186 2403,1185 2453,1183 2503,1183 2553,1181 2603,1181 2653,1179 2703,1178 2753,1175 2803,1175 2843,1175"/>
        <Word id="word_5f404dd2-37a5-4cda-9aea-538cb5ea825d">
          <Coords points="904,1199 954,1200 1001,1197 1052,1195 1102,1193 1152,1191 1192,1190 1193,1235 1153,1236 1103,1238 1053,1240 1004,1242 953,1245 903,1244"/>
          <TextEquiv>
            <Unicode>anderweerf</Unicode>
          </TextEquiv>
        </Word>
        <Word id="word_d6a30539-bc81-46f7-a993-94318b5f73e6">
          <Coords points="1220,1190 1249,1188 1251,1233 1222,1235"/>
          <TextEquiv>
            <Unicode>u</Unicode>
          </TextEquiv>
        </Word>
        <Word id="word_d607116c-2723-406b-a09c-15dcc234b655">
          <Coords points="1277,1187 1301,1185 1337,1184 1337,1229 1304,1230 1280,1232"/>
          <TextEquiv>
            <Unicode>op</Unicode>
          </TextEquiv>
        </Word>
        <Word id="word_3e5360dc-d035-41e0-ab32-7ce6f9a33a79">
          <Coords points="1364,1184 1400,1181 1451,1178 1501,1175 1552,1173 1602,1171 1652,1169 1682,1167 1685,1212 1653,1214 1603,1216 1553,1218 1504,1220 1454,1223 1404,1226 1367,1229"/>
          <TextEquiv>
            <Unicode>vallircutta</Unicode>
          </TextEquiv>
        </Word>
        <Word id="word_043c6714-7c08-4a0a-a36f-e52ff84404a0">
          <Coords points="1713,1165 1753,1165 1802,1163 1852,1162 1903,1162 1953,1162 2002,1160 2052,1159 2089,1158 2090,1203 2053,1204 2003,1205 1953,1207 1903,1207 1853,1207 1803,1208 1753,1210 1713,1210"/>
          <TextEquiv>
            <Unicode>nedertsetten,</Unicode>
          </TextEquiv>
        </Word>
        <Word id="word_a0f2ff3a-adb5-4a8b-a19f-3f287c82a96c">
          <Coords points="2117,1158 2151,1156 2202,1155 2252,1154 2291,1152 2293,1197 2253,1199 2203,1200 2153,1201 2119,1203"/>
          <TextEquiv>
            <Unicode>daerop</Unicode>
          </TextEquiv>
        </Word>
        <Word id="word_92946056-d816-4e90-92c6-99be89fc8aba">
          <Coords points="2321,1151 2353,1151 2402,1150 2452,1148 2503,1148 2523,1147 2525,1192 2503,1193 2453,1193 2403,1195 2353,1196 2322,1196"/>
          <TextEquiv>
            <Unicode>maleije</Unicode>
          </TextEquiv>
        </Word>
        <Word id="word_b6639966-b713-48e2-b40e-c8cc55b1b0a2">
          <Coords points="2553,1146 2603,1146 2652,1144 2702,1143 2751,1140 2803,1140 2843,1140 2843,1185 2803,1185 2754,1185 2703,1188 2653,1189 2603,1191 2553,1191"/>
          <TextEquiv>
            <Unicode>andtwoorde</Unicode>
          </TextEquiv>
        </Word>
        <TextEquiv conf="0.917084966160184">
          <Unicode>anderweerf u op vallircutta nedertsetten, daerop maleije andtwoorde</Unicode>
        </TextEquiv>
        <TextStyle xHeight="40"/>
      </TextLine>
      <TextLine id="e5b1fd63-6fb5-42a9-a8a0-25a88eb8a84b">
        <Coords points="887,1269 1009,1268 1045,1300 1144,1300 1168,1324 1181,1325 1198,1312 1213,1313 1260,1269 1360,1269 1380,1249 2231,1249 2263,1220 2399,1225 2418,1212 2463,1220 2891,1220 2891,1291 2838,1292 2810,1308 2483,1307 2455,1332 1995,1332 1975,1348 1943,1356 1588,1356 1436,1347 1404,1364 1340,1368 1137,1368 1105,1375 887,1368"/>
        <Baseline points="922,1360 972,1357 1022,1352 1072,1349 1122,1345 1172,1342 1222,1340 1272,1337 1322,1334 1372,1331 1422,1330 1472,1327 1522,1325 1572,1324 1622,1323 1672,1320 1722,1318 1772,1317 1822,1316 1872,1315 1922,1315 1972,1312 2022,1310 2072,1309 2122,1307 2172,1305 2222,1304 2272,1302 2322,1299 2372,1298 2422,1296 2472,1294 2522,1291 2572,1289 2622,1286 2672,1283 2722,1280 2772,1278 2822,1274 2857,1274"/>
        <Word id="word_38c877f3-de8b-45a2-8cb1-38bd599b90c9">
          <Coords points="920,1325 946,1324 948,1368 923,1370"/>
          <TextEquiv>
            <Unicode>1</Unicode>
          </TextEquiv>
        </Word>
        <Word id="word_1f6e3205-bd97-4c71-bb94-ffff0d5a5584">
          <Coords points="970,1322 1018,1317 1023,1317 1026,1362 1023,1362 975,1367"/>
          <TextEquiv>
            <Unicode>Eb</Unicode>
          </TextEquiv>
        </Word>
        <Word id="word_8740d874-223c-483f-a927-6d7ec492287f">
          <Coords points="1049,1315 1070,1314 1119,1310 1152,1308 1154,1353 1123,1355 1073,1359 1051,1360"/>
          <TextEquiv>
            <Unicode>waer</Unicode>
          </TextEquiv>
        </Word>
        <Word id="word_b9d0251e-4d41-4778-913e-00dc71409c3b">
          <Coords points="1178,1307 1221,1305 1270,1302 1281,1301 1283,1346 1273,1347 1222,1350 1180,1352"/>
          <TextEquiv>
            <Unicode>doen</Unicode>
          </TextEquiv>
        </Word>
        <Word id="word_0ad30ecb-7409-463a-9180-1ed733ba14c6">
          <Coords points="1306,1300 1320,1299 1370,1296 1385,1296 1386,1341 1373,1341 1323,1344 1309,1345"/>
          <TextEquiv>
            <Unicode>wij</Unicode>
          </TextEquiv>
        </Word>
        <Word id="word_06ba39da-a1db-4e18-a971-e9fde9d8b1ee">
          <Coords points="1411,1295 1421,1295 1470,1292 1488,1291 1490,1336 1473,1337 1422,1340 1412,1340"/>
          <TextEquiv>
            <Unicode>het</Unicode>
          </TextEquiv>
        </Word>
        <Word id="word_8df3e9f0-6a3b-4e70-8eaf-eeba9d7f530c">
          <Coords points="1514,1290 1521,1290 1571,1289 1621,1288 1670,1285 1720,1283 1722,1328 1673,1330 1622,1333 1572,1334 1522,1335 1515,1335"/>
          <TextEquiv>
            <Unicode>begonnen</Unicode>
          </TextEquiv>
        </Word>
        <Word id="word_8f527796-f4fd-4db2-8c73-72818f01be4d">
          <Coords points="1747,1282 1772,1282 1798,1281 1799,1326 1772,1327 1747,1327"/>
          <TextEquiv>
            <Unicode>en</Unicode>
          </TextEquiv>
        </Word>
        <Word id="word_a09f07c2-685d-4538-ad6b-f24ef5eccc5c">
          <Coords points="1824,1281 1871,1280 1922,1280 1970,1277 2004,1276 2006,1321 1973,1322 1922,1325 1872,1325 1825,1326"/>
          <TextEquiv>
            <Unicode>dachten</Unicode>
          </TextEquiv>
        </Word>
        <Word id="word_3c3c6af1-3f57-4371-9ddf-ff6000d25fa3">
          <Coords points="2031,1275 2071,1274 2121,1272 2133,1272 2135,1316 2122,1317 2072,1319 2031,1320"/>
          <TextEquiv>
            <Unicode>niet</Unicode>
          </TextEquiv>
        </Word>
        <Word id="word_e0a401d1-2c2a-4439-a54d-a1518fffadc0">
          <Coords points="2159,1270 2171,1270 2221,1269 2236,1268 2238,1313 2222,1314 2172,1315 2161,1315"/>
          <TextEquiv>
            <Unicode>het</Unicode>
          </TextEquiv>
        </Word>
        <Word id="word_3ead4584-ea67-46d7-8a8b-4213790e9b82">
          <Coords points="2262,1267 2271,1267 2320,1264 2340,1264 2341,1309 2323,1309 2272,1312 2264,1312"/>
          <TextEquiv>
            <Unicode>soo</Unicode>
          </TextEquiv>
        </Word>
        <Word id="word_e53a4393-b972-4ffc-bda0-30de2b54a5b9">
          <Coords points="2366,1263 2371,1263 2421,1261 2471,1259 2494,1258 2496,1303 2472,1304 2422,1306 2372,1308 2367,1308"/>
          <TextEquiv>
            <Unicode>lange</Unicode>
          </TextEquiv>
        </Word>
        <Word id="word_2940fe6e-33b3-4da7-98dd-663cae493f6c">
          <Coords points="2520,1256 2520,1256 2571,1254 2620,1251 2670,1248 2674,1248 2677,1293 2673,1293 2623,1296 2572,1299 2523,1301 2522,1301"/>
          <TextEquiv>
            <Unicode>dueren</Unicode>
          </TextEquiv>
        </Word>
        <Word id="word_2988a9c8-0243-46b5-8589-6c1ae54b81f0">
          <Coords points="2700,1246 2720,1245 2771,1243 2819,1239 2857,1239 2857,1284 2823,1284 2772,1288 2723,1290 2703,1291"/>
          <TextEquiv>
            <Unicode>soude,</Unicode>
          </TextEquiv>
        </Word>
        <TextEquiv conf="0.908070159998105">
          <Unicode>1 Eb waer doen wij het begonnen en dachten niet het soo lange dueren soude,</Unicode>
        </TextEquiv>
        <TextStyle xHeight="36"/>
      </TextLine>
      <TextLine id="line_5f9085d0-44de-4164-a448-a9d25e7cd9be">
        <Coords points="864,1369 1106,1373 1337,1369 1489,1356 1936,1357 1972,1349 1996,1332 2168,1328 2392,1332 2404,1341 2496,1341 2504,1333 2555,1332 2579,1340 2860,1346 2860,1417 2799,1417 2775,1440 2755,1444 1777,1440 1541,1452 1533,1460 1301,1460 1269,1491 864,1491"/>
        <Baseline points="899,1471 949,1472 999,1468 1049,1464 1099,1461 1149,1458 1199,1455 1249,1453 1299,1450 1349,1447 1399,1445 1449,1443 1499,1440 1549,1438 1599,1436 1649,1434 1699,1432 1749,1430 1799,1429 1849,1428 1899,1426 1949,1424 1999,1424 2049,1423 2099,1422 2149,1421 2199,1419 2249,1418 2299,1416 2349,1415 2399,1414 2449,1413 2499,1412 2549,1410 2599,1409 2649,1408 2699,1404 2749,1400 2799,1398 2826,1400"/>
        <Word id="word_121836fe-d523-4e72-9edb-a6bd20a4c1e2">
          <Coords points="900,1436 950,1437 996,1433 1046,1429 1053,1429 1056,1474 1050,1474 1000,1478 949,1482 899,1481"/>
          <TextEquiv>
            <Unicode>echter</Unicode>
          </TextEquiv>
        </Word>
        <Word id="word_4f2d22ee-aff6-47be-9e55-fc91b10aa732">
          <Coords points="1079,1427 1097,1426 1147,1423 1157,1422 1160,1467 1150,1468 1100,1471 1082,1472"/>
          <TextEquiv>
            <Unicode>soo</Unicode>
          </TextEquiv>
        </Word>
        <Word id="word_0cf2a485-7209-4360-9c15-de2a09a1511e">
          <Coords points="1183,1421 1197,1420 1248,1418 1261,1417 1264,1462 1249,1463 1200,1465 1186,1466"/>
          <TextEquiv>
            <Unicode>wij</Unicode>
          </TextEquiv>
        </Word>
        <Word id="word_aaf4a78b-43b2-4e44-881f-d7bb1c0b24e5">
          <Coords points="1287,1416 1297,1415 1347,1412 1366,1411 1368,1456 1350,1457 1300,1460 1290,1461"/>
          <TextEquiv>
            <Unicode>het</Unicode>
          </TextEquiv>
        </Word>
        <Word id="word_97d1c6dd-6591-4004-acd6-15a6fe372509">
          <Coords points="1392,1410 1398,1410 1444,1408 1446,1453 1399,1455 1394,1455"/>
          <TextEquiv>
            <Unicode>nu</Unicode>
          </TextEquiv>
        </Word>
        <Word id="word_55ab36d1-04b3-4c90-82dc-944ed8e3f558">
          <Coords points="1469,1407 1496,1405 1548,1403 1598,1401 1626,1400 1628,1445 1599,1446 1549,1448 1500,1450 1472,1452"/>
          <TextEquiv>
            <Unicode>lieten</Unicode>
          </TextEquiv>
        </Word>
        <Word id="word_af433ecd-b39f-41f6-8d51-3162f2b9cd6a">
          <Coords points="1652,1399 1698,1397 1748,1395 1798,1394 1809,1394 1810,1439 1799,1439 1749,1440 1699,1442 1654,1444"/>
          <TextEquiv>
            <Unicode>Vaeren</Unicode>
          </TextEquiv>
        </Word>
        <Word id="word_2267535e-904c-4886-86f2-455a244cf9f4">
          <Coords points="1835,1393 1848,1393 1898,1391 1948,1389 1966,1389 1966,1434 1949,1434 1899,1436 1849,1438 1836,1438"/>
          <TextEquiv>
            <Unicode>soude</Unicode>
          </TextEquiv>
        </Word>
        <Word id="word_52b56ed0-1c9d-494c-ae63-f8f392ff8867">
          <Coords points="1993,1389 1999,1389 2048,1388 2096,1387 2097,1432 2049,1433 1999,1434 1993,1434"/>
          <TextEquiv>
            <Unicode>alle</Unicode>
          </TextEquiv>
        </Word>
        <Word id="word_67d2fe34-2528-48dd-8a56-421224837eec">
          <Coords points="2122,1387 2148,1386 2174,1385 2175,1430 2149,1431 2123,1432"/>
          <TextEquiv>
            <Unicode>d'</Unicode>
          </TextEquiv>
        </Word>
        <Word id="word_a49fa577-3c79-479e-8bbe-949e0003c8ab">
          <Coords points="2200,1384 2248,1383 2298,1381 2348,1380 2398,1379 2409,1379 2410,1424 2399,1424 2349,1425 2299,1426 2249,1428 2201,1429"/>
          <TextEquiv>
            <Unicode>weereldt</Unicode>
          </TextEquiv>
        </Word>
        <Word id="word_512c5a61-4638-43ee-af5f-b3fa628778c3">
          <Coords points="2435,1378 2448,1378 2498,1377 2512,1376 2514,1421 2499,1422 2449,1423 2436,1423"/>
          <TextEquiv>
            <Unicode>met</Unicode>
          </TextEquiv>
        </Word>
        <Word id="word_bf3adcaa-33d9-4300-96e8-31776d8aa81f">
          <Coords points="2538,1375 2548,1375 2598,1374 2617,1374 2618,1419 2599,1419 2549,1420 2540,1420"/>
          <TextEquiv>
            <Unicode>ons</Unicode>
          </TextEquiv>
        </Word>
        <Word id="word_384be9b5-abc5-4c75-88cd-4ed94d88d98b">
          <Coords points="2643,1373 2648,1373 2696,1369 2746,1365 2798,1363 2829,1365 2825,1410 2799,1408 2750,1410 2700,1414 2649,1418 2644,1418"/>
          <TextEquiv>
            <Unicode>gecken,</Unicode>
          </TextEquiv>
        </Word>
        <TextEquiv conf="0.9128187587383172">
          <Unicode>echter soo wij het nu lieten Vaeren soude alle d' weereldt met ons gecken,</Unicode>
        </TextEquiv>
        <TextStyle xHeight="39"/>
      </TextLine>
      <TextLine id="line_4dd1a078-6365-46f9-adf8-2169a131e532">
        <Coords points="866,1492 1267,1492 1303,1460 1946,1455 2350,1459 2358,1467 2402,1467 2422,1479 2546,1479 2578,1483 2589,1492 2713,1492 2737,1476 2841,1476 2849,1468 2889,1468 2913,1451 2930,1458 2930,1530 2653,1531 2641,1543 2190,1547 2138,1587 1887,1574 1831,1622 1807,1613 1391,1613 1368,1591 1352,1606 1327,1595 1172,1594 1116,1646 1044,1646 1028,1637 924,1637 866,1594"/>
        <Baseline points="901,1583 951,1582 1001,1578 1051,1575 1101,1573 1151,1571 1201,1567 1251,1564 1301,1563 1351,1561 1401,1559 1451,1557 1501,1555 1551,1554 1601,1552 1651,1551 1701,1550 1751,1548 1801,1545 1851,1546 1901,1546 1951,1546 2001,1544 2051,1542 2101,1542 2151,1542 2201,1540 2251,1537 2301,1535 2351,1533 2401,1532 2451,1530 2501,1529 2551,1527 2601,1526 2651,1523 2701,1521 2751,1519 2801,1516 2851,1515 2896,1513"/>
        <Word id="word_80460be6-9e46-42d3-81ca-b24c116c090e">
          <Coords points="900,1548 950,1547 998,1543 1013,1542 1016,1587 1002,1588 951,1592 901,1593"/>
          <TextEquiv>
            <Unicode>ende</Unicode>
          </TextEquiv>
        </Word>
        <Word id="word_15691fe0-c780-4f05-a6b5-58982528c872">
          <Coords points="1041,1541 1049,1540 1100,1538 1150,1536 1155,1536 1158,1580 1151,1581 1101,1583 1052,1585 1044,1585"/>
          <TextEquiv>
            <Unicode>oocq</Unicode>
          </TextEquiv>
        </Word>
        <Word id="word_0346a731-2edf-4e07-ac48-a54ee787b357">
          <Coords points="1183,1533 1198,1532 1249,1529 1300,1528 1350,1526 1355,1526 1357,1571 1351,1571 1301,1573 1252,1574 1202,1577 1187,1578"/>
          <TextEquiv>
            <Unicode>souden</Unicode>
          </TextEquiv>
        </Word>
        <Word id="word_24a0630a-5926-42d0-b249-db600b9963fa">
          <Coords points="1384,1525 1400,1524 1441,1522 1443,1567 1401,1569 1386,1570"/>
          <TextEquiv>
            <Unicode>d'</Unicode>
          </TextEquiv>
        </Word>
        <Word id="word_bf1a3edf-5f11-4659-b7ee-9b5b22445b28">
          <Coords points="1469,1521 1500,1520 1550,1519 1600,1517 1650,1516 1700,1515 1750,1513 1754,1513 1756,1558 1751,1558 1701,1560 1651,1561 1601,1562 1551,1564 1501,1565 1471,1566"/>
          <TextEquiv>
            <Unicode>hollanders</Unicode>
          </TextEquiv>
        </Word>
        <Word id="word_5dcab5ba-dade-4de4-8957-2186aff06c60">
          <Coords points="1782,1511 1799,1510 1842,1511 1841,1556 1802,1555 1785,1556"/>
          <TextEquiv>
            <Unicode>te</Unicode>
          </TextEquiv>
        </Word>
        <Word id="word_183984be-d47d-479d-a4b3-0819c20c47c8">
          <Coords points="1869,1511 1901,1511 1951,1511 2000,1509 2050,1507 2098,1507 2098,1552 2051,1552 2001,1554 1951,1556 1901,1556 1870,1556"/>
          <TextEquiv>
            <Unicode>weijnich</Unicode>
          </TextEquiv>
        </Word>
        <Word id="word_d6b495ca-0f1d-4e7b-8047-9050f6fc20ca">
          <Coords points="2126,1507 2151,1507 2200,1505 2249,1502 2268,1501 2269,1546 2252,1547 2201,1550 2151,1552 2126,1552"/>
          <TextEquiv>
            <Unicode>wercx</Unicode>
          </TextEquiv>
        </Word>
        <Word id="word_8d3e304d-09fe-483d-bf08-d8ba6febcec3">
          <Coords points="2296,1500 2300,1500 2350,1498 2382,1497 2383,1542 2351,1543 2301,1545 2298,1545"/>
          <TextEquiv>
            <Unicode>van</Unicode>
          </TextEquiv>
        </Word>
        <Word id="word_7d98159f-b43e-43ab-bfcb-cb7866d174b3">
          <Coords points="2410,1497 2449,1495 2496,1494 2497,1539 2451,1540 2412,1542"/>
          <TextEquiv>
            <Unicode>ons</Unicode>
          </TextEquiv>
        </Word>
        <Word id="word_639b77f5-4d28-4d8d-847c-924316b9135e">
          <Coords points="2523,1494 2549,1492 2600,1491 2649,1488 2700,1486 2750,1484 2751,1484 2754,1529 2751,1529 2701,1531 2652,1533 2601,1536 2552,1537 2526,1538"/>
          <TextEquiv>
            <Unicode>maecken,</Unicode>
          </TextEquiv>
        </Word>
        <Word id="word_35b76101-6878-48a8-8eef-5b4aee6b9107">
          <Coords points="2780,1482 2799,1481 2838,1480 2839,1525 2802,1526 2783,1527"/>
          <TextEquiv>
            <Unicode>nu</Unicode>
          </TextEquiv>
        </Word>
        <Word id="word_2501d1b4-007e-4dcf-b3ec-d1480fd4e752">
          <Coords points="2865,1480 2894,1478 2897,1523 2868,1525"/>
          <TextEquiv>
            <Unicode>—</Unicode>
          </TextEquiv>
        </Word>
        <TextEquiv conf="0.9294371242923329">
          <Unicode>ende oocq souden d' hollanders te weijnich wercx van ons maecken, nu —</Unicode>
        </TextEquiv>
        <TextStyle xHeight="38"/>
      </TextLine>
      <TextLine id="line_36355200-ad49-4b65-a160-a12a83cee5b7">
        <Coords points="893,1616 931,1640 1119,1645 1167,1597 1325,1596 1335,1604 1359,1584 1372,1585 1399,1612 1807,1612 1830,1621 1886,1576 2134,1589 2150,1577 2226,1572 2823,1572 2823,1643 2658,1640 2634,1664 2094,1660 1934,1672 1547,1680 1467,1759 1367,1754 1355,1746 1175,1751 1147,1726 1043,1726 1031,1735 893,1734"/>
        <Baseline points="928,1704 978,1700 1028,1696 1078,1692 1128,1690 1178,1686 1228,1683 1278,1682 1328,1678 1378,1677 1428,1675 1478,1674 1528,1673 1578,1671 1628,1670 1678,1668 1728,1666 1778,1665 1828,1662 1878,1661 1928,1660 1978,1658 2028,1656 2078,1654 2128,1652 2178,1650 2228,1647 2278,1645 2328,1642 2378,1641 2428,1640 2478,1638 2528,1636 2578,1635 2628,1634 2678,1632 2728,1630 2778,1629 2789,1626"/>
        <Word id="word_506d9ef9-cb26-40fa-9017-5286e2eefb79">
          <Coords points="925,1669 975,1665 1006,1663 1010,1708 979,1710 929,1714"/>
          <TextEquiv>
            <Unicode>wij</Unicode>
          </TextEquiv>
        </Word>
        <Word id="word_a27f26f7-22bc-4dd4-b5e6-84eed35a593a">
          <Coords points="1033,1660 1075,1657 1127,1655 1168,1652 1171,1697 1128,1700 1079,1702 1036,1705"/>
          <TextEquiv>
            <Unicode>mogen</Unicode>
          </TextEquiv>
        </Word>
        <Word id="word_4ee8077d-aa26-48aa-b24a-677fd14909f7">
          <Coords points="1196,1649 1226,1648 1277,1647 1302,1645 1306,1690 1278,1692 1228,1693 1198,1694"/>
          <TextEquiv>
            <Unicode>rond</Unicode>
          </TextEquiv>
        </Word>
        <Word id="word_190a9eb1-bbc1-42cf-8f88-05fe69538a18">
          <Coords points="1332,1643 1377,1642 1427,1640 1439,1640 1440,1685 1428,1685 1378,1687 1332,1688"/>
          <TextEquiv>
            <Unicode>tsom</Unicode>
          </TextEquiv>
        </Word>
        <Word id="word_ddd870bb-7f64-4cb7-a16d-515a6eaa81b2">
          <Coords points="1466,1639 1477,1639 1527,1638 1577,1636 1627,1635 1677,1633 1727,1631 1763,1630 1764,1675 1728,1676 1678,1678 1628,1680 1578,1681 1528,1683 1478,1684 1467,1684"/>
          <TextEquiv>
            <Unicode>palliacatta</Unicode>
          </TextEquiv>
        </Word>
        <Word id="word_2e8393e5-b721-4b8e-b03c-6cf403363d69">
          <Coords points="1788,1630 1815,1628 1819,1673 1792,1675"/>
          <TextEquiv>
            <Unicode>2</Unicode>
          </TextEquiv>
        </Word>
        <Word id="word_7866f793-c7ea-4ec7-8045-c2b086b50b26">
          <Coords points="1845,1626 1872,1626 1872,1671 1845,1671"/>
          <TextEquiv>
            <Unicode>a</Unicode>
          </TextEquiv>
        </Word>
        <Word id="word_1118e949-d04d-4305-9219-97c50a637380">
          <Coords points="1897,1626 1924,1625 1926,1670 1899,1671"/>
          <TextEquiv>
            <Unicode>3</Unicode>
          </TextEquiv>
        </Word>
        <Word id="word_ac32a6b1-659d-44db-8e74-387cee18a3b7">
          <Coords points="1951,1624 1977,1623 2027,1621 2077,1619 2127,1617 2177,1615 2194,1614 2196,1659 2178,1660 2128,1662 2078,1664 2028,1666 1978,1668 1953,1669"/>
          <TextEquiv>
            <Unicode>sterckten</Unicode>
          </TextEquiv>
        </Word>
        <Word id="word_557cfc17-800f-42dd-bafc-483dc5e7c654">
          <Coords points="2220,1612 2226,1612 2277,1610 2326,1607 2377,1606 2411,1605 2412,1650 2378,1651 2329,1652 2278,1655 2229,1657 2223,1657"/>
          <TextEquiv>
            <Unicode>maecken</Unicode>
          </TextEquiv>
        </Word>
        <Word id="word_9a9d7aaa-bed2-4cc5-bf51-092285d8e430">
          <Coords points="2437,1605 2476,1603 2527,1601 2577,1600 2600,1600 2601,1645 2578,1645 2528,1646 2478,1648 2439,1650"/>
          <TextEquiv>
            <Unicode>datter</Unicode>
          </TextEquiv>
        </Word>
        <Word id="word_ad3e0f4e-e555-4a0a-b199-5fe7de161fe0">
          <Coords points="2627,1599 2627,1599 2677,1597 2727,1595 2735,1595 2736,1640 2728,1640 2678,1642 2628,1644 2628,1644"/>
          <TextEquiv>
            <Unicode>geen</Unicode>
          </TextEquiv>
        </Word>
        <Word id="word_25411428-877c-4d54-9126-21c118ee0b8e">
          <Coords points="2762,1594 2777,1594 2780,1592 2792,1636 2778,1639 2763,1639"/>
          <TextEquiv>
            <Unicode>—</Unicode>
          </TextEquiv>
        </Word>
        <TextEquiv conf="0.9330435375524161">
          <Unicode>wij mogen rond tsom palliacatta 2 a 3 sterckten maecken datter geen —</Unicode>
        </TextEquiv>
        <TextStyle xHeight="36"/>
      </TextLine>
      <TextLine id="line_9120fb43-0c08-437f-8931-bf5439436ac5">
        <Coords points="863,1735 1025,1736 1045,1723 1137,1723 1161,1743 1357,1747 1369,1755 1469,1760 1549,1681 1605,1677 1733,1676 1757,1684 1849,1688 2945,1696 2945,1767 2444,1768 1505,1803 1410,1882 1345,1869 1333,1857 863,1866"/>
        <Baseline points="898,1822 948,1820 998,1815 1048,1812 1098,1810 1148,1806 1198,1804 1248,1803 1298,1800 1348,1798 1398,1796 1448,1793 1498,1792 1548,1790 1598,1790 1648,1787 1698,1784 1748,1783 1798,1781 1848,1779 1898,1777 1948,1776 1998,1774 2048,1773 2098,1772 2148,1771 2198,1769 2248,1765 2298,1765 2348,1764 2398,1762 2448,1759 2498,1755 2548,1753 2598,1753 2648,1751 2698,1752 2748,1752 2798,1753 2848,1753 2898,1750 2911,1750"/>
        <Word id="word_3517f8ad-6bc1-45ea-997f-417dcff9e398">
          <Coords points="897,1787 947,1785 995,1780 1046,1777 1097,1775 1145,1771 1197,1769 1247,1768 1279,1766 1282,1811 1248,1813 1198,1814 1149,1816 1098,1820 1049,1822 999,1825 948,1830 898,1832"/>
          <TextEquiv>
            <Unicode>Maintementos</Unicode>
          </TextEquiv>
        </Word>
        <Word id="word_6a5e865f-d510-45db-ae0d-42b4cfceab10">
          <Coords points="1312,1764 1347,1763 1376,1762 1377,1807 1348,1808 1313,1809"/>
          <TextEquiv>
            <Unicode>in</Unicode>
          </TextEquiv>
        </Word>
        <Word id="word_e9da5080-67e4-4aa6-a556-c7b6d9c3b3c2">
          <Coords points="1407,1761 1446,1758 1497,1757 1547,1755 1598,1755 1646,1752 1696,1749 1747,1748 1791,1746 1793,1791 1748,1793 1699,1794 1649,1797 1598,1800 1548,1800 1498,1802 1449,1803 1410,1806"/>
          <TextEquiv>
            <Unicode>palliacatta,</Unicode>
          </TextEquiv>
        </Word>
        <Word id="word_34922a45-8243-4673-86b9-7ff1b98cd6b8">
          <Coords points="1823,1745 1847,1744 1887,1742 1889,1787 1848,1789 1825,1790"/>
          <TextEquiv>
            <Unicode>en</Unicode>
          </TextEquiv>
        </Word>
        <Word id="word_8e129c1d-317a-4c42-b2d8-d44885c5708b">
          <Coords points="1920,1741 1948,1741 1997,1739 2047,1738 2047,1738 2048,1783 2048,1783 1998,1784 1948,1786 1920,1786"/>
          <TextEquiv>
            <Unicode>komt</Unicode>
          </TextEquiv>
        </Word>
        <Word id="word_67b69c91-11d5-4f9d-b1b3-e60c46e506bb">
          <Coords points="2079,1737 2097,1737 2147,1736 2197,1734 2205,1733 2209,1778 2198,1779 2148,1781 2098,1782 2080,1782"/>
          <TextEquiv>
            <Unicode>ende</Unicode>
          </TextEquiv>
        </Word>
        <Word id="word_6f249acc-ca00-4a92-8e03-db5f53f53f15">
          <Coords points="2237,1731 2245,1730 2298,1730 2335,1729 2336,1774 2298,1775 2249,1775 2241,1776"/>
          <TextEquiv>
            <Unicode>die</Unicode>
          </TextEquiv>
        </Word>
        <Word id="word_cc79f8ea-d12b-485a-ac92-e5f6d7f8b32d">
          <Coords points="2366,1729 2396,1727 2446,1724 2461,1723 2464,1768 2449,1769 2399,1772 2368,1774"/>
          <TextEquiv>
            <Unicode>met</Unicode>
          </TextEquiv>
        </Word>
        <Word id="word_064e36b1-3dbf-453d-8653-6dcf91b4dd86">
          <Coords points="2493,1720 2495,1720 2526,1719 2528,1764 2499,1765 2496,1765"/>
          <TextEquiv>
            <Unicode>5</Unicode>
          </TextEquiv>
        </Word>
        <Word id="word_578e4c91-e0f9-40c4-95f2-9fcd40be73f1">
          <Coords points="2560,1718 2592,1718 2591,1763 2559,1763"/>
          <TextEquiv>
            <Unicode>a</Unicode>
          </TextEquiv>
        </Word>
        <Word id="word_81b2e378-e91e-4cad-82b2-456744397e7b">
          <Coords points="2620,1718 2645,1716 2699,1717 2719,1717 2719,1762 2698,1762 2649,1761 2624,1763"/>
          <TextEquiv>
            <Unicode>600</Unicode>
          </TextEquiv>
        </Word>
        <Word id="word_bc22eabc-fb4c-4cf4-86f0-ba0f53d23a87">
          <Coords points="2752,1717 2799,1718 2847,1718 2847,1763 2798,1763 2751,1762"/>
          <TextEquiv>
            <Unicode>Man</Unicode>
          </TextEquiv>
        </Word>
        <Word id="word_825ea42c-db23-47f8-b3c7-9a9ad542f2c1">
          <Coords points="2874,1718 2893,1715 2911,1715 2911,1760 2900,1760 2881,1763"/>
          <TextEquiv>
            <Unicode>—</Unicode>
          </TextEquiv>
        </Word>
        <TextEquiv conf="0.9058769536728954">
          <Unicode>Maintementos in palliacatta, en komt ende die met 5 a 600 Man —</Unicode>
        </TextEquiv>
        <TextStyle xHeight="38"/>
      </TextLine>
      <TextLine id="line_54f8d427-0dbb-4769-93b1-9286a26b9268">
        <Coords points="862,1868 1331,1856 1343,1867 1367,1867 1379,1879 1407,1883 1499,1801 1539,1797 1963,1797 1978,1809 2018,1809 2194,1805 2214,1786 2254,1785 2262,1793 2418,1792 2446,1804 2629,1804 2653,1825 2749,1816 2857,1821 2885,1809 2926,1809 2926,1880 2562,1881 2554,1889 2514,1889 2470,1925 2430,1937 1906,1936 1898,1928 1060,1933 1040,1949 920,1953 896,1977 862,1977"/>
        <Baseline points="897,1934 947,1932 997,1927 1047,1926 1097,1923 1147,1921 1197,1918 1247,1916 1297,1912 1347,1909 1397,1907 1447,1905 1497,1903 1547,1901 1597,1898 1647,1897 1697,1896 1747,1895 1797,1893 1847,1891 1897,1889 1947,1888 1997,1887 2047,1887 2097,1886 2147,1886 2197,1884 2247,1883 2297,1881 2347,1881 2397,1881 2447,1878 2497,1876 2547,1872 2597,1869 2647,1868 2697,1867 2747,1867 2797,1866 2847,1867 2892,1863"/>
        <Word id="word_7bc0eb05-7464-4266-b920-163b4032b768">
          <Coords points="896,1899 946,1897 994,1892 1046,1891 1059,1890 1061,1935 1047,1936 998,1937 947,1942 897,1944"/>
          <TextEquiv>
            <Unicode>beseth</Unicode>
          </TextEquiv>
        </Word>
        <Word id="word_9164b6cf-6469-4b03-9f5d-b041254b8f6a">
          <Coords points="1086,1889 1095,1888 1146,1886 1195,1883 1246,1881 1249,1881 1253,1926 1247,1926 1198,1928 1147,1931 1098,1933 1089,1934"/>
          <TextEquiv>
            <Unicode>laten,</Unicode>
          </TextEquiv>
        </Word>
        <Word id="word_eb2f4fee-ed33-4002-a9b3-5b1140f80ac2">
          <Coords points="1277,1879 1294,1877 1345,1874 1360,1873 1362,1918 1348,1919 1298,1922 1280,1923"/>
          <TextEquiv>
            <Unicode>tot</Unicode>
          </TextEquiv>
        </Word>
        <Word id="word_1a345f2b-3550-4ea7-bf1f-25e13238dd67">
          <Coords points="1387,1872 1396,1872 1446,1870 1469,1869 1471,1914 1447,1915 1397,1917 1389,1917"/>
          <TextEquiv>
            <Unicode>dat</Unicode>
          </TextEquiv>
        </Word>
        <Word id="word_d59b8058-5177-4f27-ad86-67a413f22c80">
          <Coords points="1496,1868 1546,1866 1550,1866 1553,1911 1547,1911 1498,1913"/>
          <TextEquiv>
            <Unicode>d'</Unicode>
          </TextEquiv>
        </Word>
        <Word id="word_525e029a-5a7b-475f-a30b-5b8469c05cab">
          <Coords points="1578,1864 1595,1863 1646,1862 1696,1861 1746,1860 1770,1859 1772,1904 1747,1905 1697,1906 1647,1907 1598,1908 1580,1909"/>
          <TextEquiv>
            <Unicode>saecken</Unicode>
          </TextEquiv>
        </Word>
        <Word id="word_87eb0dd4-5ac6-4777-b525-6025fc484d54">
          <Coords points="1797,1858 1846,1856 1896,1854 1907,1854 1908,1899 1897,1899 1847,1901 1799,1903"/>
          <TextEquiv>
            <Unicode>sich</Unicode>
          </TextEquiv>
        </Word>
        <Word id="word_166f3d42-301f-4df7-a622-e3e431553817">
          <Coords points="1935,1853 1946,1853 1996,1852 2047,1852 2096,1851 2099,1851 2099,1896 2097,1896 2047,1897 1997,1897 1947,1898 1935,1898"/>
          <TextEquiv>
            <Unicode>anders</Unicode>
          </TextEquiv>
        </Word>
        <Word id="word_f72d6cca-f078-423c-a93a-56af8e79cd37">
          <Coords points="2127,1851 2147,1851 2196,1849 2246,1848 2296,1846 2345,1846 2345,1891 2297,1891 2247,1893 2197,1894 2147,1896 2127,1896"/>
          <TextEquiv>
            <Unicode>schicken</Unicode>
          </TextEquiv>
        </Word>
        <Word id="word_ca3af6bc-4d5c-40cc-b5da-e6eb1d8d8565">
          <Coords points="2373,1846 2397,1846 2445,1843 2496,1841 2544,1837 2595,1834 2646,1833 2696,1832 2728,1832 2728,1877 2697,1877 2647,1878 2598,1879 2548,1882 2497,1886 2448,1888 2397,1891 2373,1891"/>
          <TextEquiv>
            <Unicode>ondertusschen</Unicode>
          </TextEquiv>
        </Word>
        <Word id="word_ca9e9c9e-60f9-4060-bff6-ed67807d28d8">
          <Coords points="2755,1832 2796,1831 2838,1832 2837,1877 2797,1876 2756,1877"/>
          <TextEquiv>
            <Unicode>kan</Unicode>
          </TextEquiv>
        </Word>
        <Word id="word_6d10af92-b27c-48c1-a38a-ee0e9dc378f8">
          <Coords points="2859,1833 2886,1828 2893,1873 2866,1877"/>
          <TextEquiv>
            <Unicode>—</Unicode>
          </TextEquiv>
        </Word>
        <TextEquiv conf="0.928607384655826">
          <Unicode>beseth laten, tot dat d' saecken sich anders schicken ondertusschen kan —</Unicode>
        </TextEquiv>
        <TextStyle xHeight="36"/>
      </TextLine>
      <TextLine id="line_54a0eaa0-ab6a-4315-a54a-dd109b74eb35">
        <Coords points="856,1920 897,1956 1042,1949 1058,1933 1245,1929 1900,1928 1908,1936 2160,1936 2205,1943 2205,2014 2024,2016 1972,2040 1577,2036 1537,2075 1497,2075 1485,2087 1201,2082 1170,2051 1110,2052 1087,2032 1071,2044 856,2048"/>
        <Baseline points="891,2031 941,2032 991,2029 1041,2026 1091,2024 1141,2022 1191,2021 1241,2018 1291,2017 1341,2017 1391,2017 1441,2016 1491,2014 1541,2012 1591,2011 1641,2008 1691,2007 1741,2007 1791,2005 1841,2003 1891,2001 1941,1999 1991,1998 2041,1997 2091,1994 2141,1994 2171,1997"/>
        <Word id="word_684d78f9-760a-4991-90c7-98113576d43b">
          <Coords points="892,1996 942,1997 989,1994 1039,1991 1090,1989 1132,1987 1133,2032 1091,2034 1042,2036 992,2039 941,2042 891,2041"/>
          <TextEquiv>
            <Unicode>Wardapa</Unicode>
          </TextEquiv>
        </Word>
        <Word id="word_11ddfc44-368c-413d-acdc-bf543ae59cf0">
          <Coords points="1168,1986 1191,1986 1239,1983 1290,1982 1306,1982 1306,2027 1291,2027 1242,2028 1191,2031 1168,2031"/>
          <TextEquiv>
            <Unicode>naer</Unicode>
          </TextEquiv>
        </Word>
        <Word id="word_a7b38e80-e74f-49cc-9289-8b01328ed28b">
          <Coords points="1341,1982 1341,1982 1391,1982 1440,1981 1490,1979 1540,1977 1590,1976 1639,1973 1690,1972 1721,1972 1721,2017 1691,2017 1642,2018 1591,2021 1541,2022 1491,2024 1441,2026 1391,2027 1341,2027 1341,2027"/>
          <TextEquiv>
            <Unicode>madrespatam</Unicode>
          </TextEquiv>
        </Word>
        <Word id="word_fdf4540d-3624-43be-b685-f255d67e451f">
          <Coords points="1754,1972 1789,1970 1840,1968 1890,1966 1940,1964 1990,1963 2040,1962 2089,1959 2102,1959 2102,2004 2092,2004 2041,2007 1991,2008 1941,2009 1891,2011 1841,2013 1792,2015 1757,2017"/>
          <TextEquiv>
            <Unicode>Vertrecken</Unicode>
          </TextEquiv>
        </Word>
        <Word id="word_91678936-0efc-462e-aa93-adfa359cf4e0">
          <Coords points="2136,1959 2141,1959 2174,1962 2170,2007 2141,2004 2136,2004"/>
          <TextEquiv>
            <Unicode>—</Unicode>
          </TextEquiv>
        </Word>
        <TextEquiv conf="0.9037141439450819">
          <Unicode>Wardapa naer madrespatam Vertrecken —</Unicode>
        </TextEquiv>
        <TextStyle xHeight="41"/>
      </TextLine>
    </TextRegion>
    <TextRegion id="region_d8fdc2e3-b233-4dfb-963b-bc66c98fd665_2" custom="structure {type:paragraph;}">
      <Coords points="2975,2104 2957,2076 2943,2070 2916,2070 2905,2083 2884,2076 2825,2070 2721,2087 2529,2080 2282,2115 1926,2118 1923,2122 1815,2122 1811,2125 1599,2129 1595,2132 1400,2132 1397,2136 1230,2139 1226,2143 1170,2143 1042,2174 1007,2195 982,2198 934,2226 913,2230 895,2247 892,2296 902,2313 906,2338 913,2352 902,2376 899,2449 906,2481 906,2547 909,2550 906,2603 920,2683 913,2693 913,2707 902,2735 888,2749 867,2763 801,2766 777,2784 770,2794 770,2805 801,2819 836,2819 871,2812 899,2826 906,2864 902,2888 906,2909 899,2937 909,2989 930,3014 951,3021 1049,3003 1223,3007 1282,2996 1494,2996 1498,2993 1564,2993 1616,2986 1822,2979 1867,2972 1905,2958 1919,2944 1923,2906 1930,2892 1947,2881 1975,2874 2013,2874 2017,2871 2337,2874 2341,2871 2438,2867 2442,2864 2620,2857 2745,2836 2881,2836 2923,2819 2937,2801 2930,2766 2919,2742 2919,2707 2950,2550 2950,2488 2957,2460 2961,2282 2971,2251 2971,2202 2975,2198 2971,2184"/>
      <TextLine id="line_9fb44f9a-c707-4092-be88-8f87bca2928d">
        <Coords points="967,2040 1073,2040 1085,2033 1093,2041 1157,2041 1201,2081 1277,2085 1485,2086 1497,2074 1537,2074 1561,2053 2568,2057 2576,2065 2800,2065 2836,2085 2877,2085 2877,2156 2740,2157 2684,2169 2600,2169 2592,2177 2512,2181 2264,2181 2248,2193 2148,2197 1917,2189 1893,2209 1769,2208 1749,2225 1321,2233 1281,2272 1265,2263 1129,2264 1078,2225 1013,2248 967,2248"/>
        <Baseline points="1002,2225 1052,2221 1102,2215 1152,2211 1202,2207 1252,2205 1302,2203 1352,2201 1402,2198 1452,2196 1502,2194 1552,2192 1602,2189 1652,2187 1702,2185 1752,2185 1802,2186 1852,2185 1902,2183 1952,2181 2002,2179 2052,2178 2102,2176 2152,2175 2202,2174 2252,2172 2302,2167 2352,2164 2402,2165 2452,2165 2502,2165 2552,2165 2602,2162 2652,2158 2702,2154 2752,2149 2802,2144 2843,2139"/>
        <Word id="word_fd78ebc7-f48c-4bee-ba5b-38adaa066fce">
          <Coords points="999,2190 1049,2186 1098,2180 1149,2176 1199,2172 1251,2170 1270,2169 1271,2214 1252,2215 1203,2217 1153,2221 1103,2225 1053,2231 1003,2235"/>
          <TextEquiv>
            <Unicode>Hierop</Unicode>
          </TextEquiv>
        </Word>
        <Word id="word_6fce9df5-1098-457d-a6b8-1ac51b14dba2">
          <Coords points="1315,2167 1351,2166 1400,2163 1451,2161 1501,2159 1551,2157 1600,2154 1651,2152 1701,2150 1752,2150 1766,2150 1765,2195 1752,2195 1702,2195 1652,2197 1603,2199 1552,2202 1502,2204 1452,2206 1403,2208 1352,2211 1316,2212"/>
          <TextEquiv>
            <Unicode>andtwoorde</Unicode>
          </TextEquiv>
        </Word>
        <Word id="word_47134064-74a4-4bdb-8dd6-e3eb86adbf44">
          <Coords points="1809,2151 1851,2150 1901,2148 1951,2146 2001,2144 2051,2143 2101,2141 2151,2140 2201,2139 2251,2137 2299,2132 2347,2129 2350,2174 2303,2177 2252,2182 2202,2184 2152,2185 2102,2186 2052,2188 2002,2189 1952,2191 1902,2193 1852,2195 1811,2196"/>
          <TextEquiv>
            <Unicode>Connerechuij</Unicode>
          </TextEquiv>
        </Word>
        <Word id="word_349bea4d-a115-4e9f-ba48-4bbac7467d20">
          <Coords points="2409,2130 2417,2133 2452,2130 2502,2130 2529,2130 2529,2175 2502,2175 2452,2175 2398,2174 2390,2171"/>
          <TextEquiv>
            <Unicode>dat</Unicode>
          </TextEquiv>
        </Word>
        <Word id="word_25f21689-78c6-40b9-8f31-d6659c88f896">
          <Coords points="2570,2130 2598,2127 2649,2123 2699,2119 2704,2119 2709,2163 2703,2164 2653,2168 2603,2172 2575,2175"/>
          <TextEquiv>
            <Unicode>het</Unicode>
          </TextEquiv>
        </Word>
        <Word id="word_52f8e804-1025-444d-9817-6b241b6de93f">
          <Coords points="2749,2114 2799,2109 2838,2104 2843,2149 2803,2154 2754,2159"/>
          <TextEquiv>
            <Unicode>te</Unicode>
          </TextEquiv>
        </Word>
        <TextEquiv conf="0.8239235518856849">
          <Unicode>Hierop andtwoorde Connerechuij dat het te</Unicode>
        </TextEquiv>
        <TextStyle xHeight="54"/>
      </TextLine>
      <TextLine id="line_53f67c99-0778-4a0a-a347-7beb1376d398">
        <Coords points="545,2153 818,2153 915,2249 999,2250 1076,2226 1116,2265 1262,2264 1274,2273 1326,2233 1750,2226 1826,2222 1834,2214 1994,2214 2002,2206 2118,2206 2158,2190 2254,2190 2270,2181 2954,2185 2954,2256 2765,2257 2694,2268 2609,2269 2529,2308 2373,2307 2357,2299 1938,2295 1926,2304 1546,2304 1202,2320 1174,2328 1091,2328 1072,2347 1054,2352 1007,2399 992,2396 953,2424 941,2414 851,2410 715,2415 707,2423 571,2423 545,2443"/>
        <Baseline points="580,2348 630,2342 680,2332 730,2329 780,2332 830,2326 880,2325 930,2323 980,2321 1030,2318 1080,2315 1130,2315 1180,2313 1230,2309 1280,2306 1330,2302 1380,2299 1430,2296 1480,2294 1530,2290 1580,2288 1630,2286 1680,2285 1730,2285 1780,2283 1830,2283 1880,2283 1930,2283 1980,2282 2030,2281 2080,2280 2130,2278 2180,2278 2230,2276 2280,2274 2330,2271 2380,2270 2430,2268 2480,2266 2530,2264 2580,2263 2630,2260 2680,2257 2730,2253 2780,2249 2830,2245 2880,2243 2920,2239"/>
        <Word id="word_7ef67a14-e320-475e-b79d-7d7b126c3877">
          <Coords points="576,2313 609,2309 614,2354 581,2358"/>
          <TextEquiv>
            <Unicode>D</Unicode>
          </TextEquiv>
        </Word>
        <Word id="word_1686de91-eea8-4280-8577-49d46294290a">
          <Coords points="638,2306 672,2298 728,2294 782,2297 805,2294 811,2338 779,2342 731,2339 682,2342 648,2350"/>
          <TextEquiv>
            <Unicode>groot</Unicode>
          </TextEquiv>
        </Word>
        <Word id="word_9e994304-5518-4348-9298-5760beb891bf">
          <Coords points="843,2290 880,2290 907,2289 909,2334 880,2335 842,2335"/>
          <TextEquiv>
            <Unicode>en</Unicode>
          </TextEquiv>
        </Word>
        <Word id="word_bf72a14a-b011-4bab-9bbb-b23c96db9a6a">
          <Coords points="940,2288 979,2286 1028,2283 1078,2280 1130,2280 1179,2278 1227,2274 1278,2271 1327,2267 1335,2267 1337,2312 1331,2312 1281,2316 1231,2319 1180,2323 1130,2325 1081,2325 1031,2328 980,2331 942,2333"/>
          <TextEquiv>
            <Unicode>schandesoude</Unicode>
          </TextEquiv>
        </Word>
        <Word id="word_e68757a9-195d-4f21-b604-3b62371026a6">
          <Coords points="1368,2265 1378,2264 1428,2261 1479,2259 1527,2255 1533,2255 1535,2300 1531,2300 1480,2304 1431,2306 1381,2309 1370,2310"/>
          <TextEquiv>
            <Unicode>wesen</Unicode>
          </TextEquiv>
        </Word>
        <Word id="word_32b806eb-fb51-465b-ace8-74a100ee659e">
          <Coords points="1566,2254 1579,2253 1629,2251 1666,2250 1667,2295 1630,2296 1580,2298 1568,2298"/>
          <TextEquiv>
            <Unicode>soo</Unicode>
          </TextEquiv>
        </Word>
        <Word id="word_06724e60-8c72-4c0a-a88f-710c5ba4b5a0">
          <Coords points="1700,2250 1730,2250 1779,2248 1798,2248 1798,2293 1780,2293 1730,2295 1699,2295"/>
          <TextEquiv>
            <Unicode>van</Unicode>
          </TextEquiv>
        </Word>
        <Word id="word_04e5ad26-c470-4ab4-8fb5-7ee66c38eafa">
          <Coords points="1831,2248 1880,2248 1930,2248 1979,2247 2029,2246 2079,2245 2129,2243 2180,2243 2193,2242 2195,2287 2180,2288 2130,2288 2080,2290 2030,2291 1980,2292 1930,2293 1880,2293 1831,2293"/>
          <TextEquiv>
            <Unicode>Palliacatta</Unicode>
          </TextEquiv>
        </Word>
        <Word id="word_915684d6-65a7-494e-bc40-4b571bf1ff83">
          <Coords points="2226,2241 2229,2241 2279,2239 2291,2238 2294,2283 2280,2284 2230,2286 2228,2286"/>
          <TextEquiv>
            <Unicode>op</Unicode>
          </TextEquiv>
        </Word>
        <Word id="word_ea98a297-d0c2-42db-845b-6af1b2854fb6">
          <Coords points="2324,2236 2328,2236 2379,2235 2391,2235 2393,2279 2380,2280 2331,2281 2327,2281"/>
          <TextEquiv>
            <Unicode>te</Unicode>
          </TextEquiv>
        </Word>
        <Word id="word_ba860392-ad46-4fbf-8bfe-900600baf11e">
          <Coords points="2424,2233 2429,2233 2479,2231 2529,2229 2579,2228 2628,2225 2678,2222 2687,2221 2690,2266 2681,2267 2631,2270 2580,2273 2530,2274 2480,2276 2430,2278 2426,2278"/>
          <TextEquiv>
            <Unicode>trecken,</Unicode>
          </TextEquiv>
        </Word>
        <Word id="word_50d6b44b-7d39-45ab-94e8-b118b6f0981a">
          <Coords points="2720,2219 2727,2218 2777,2214 2827,2210 2853,2209 2854,2254 2831,2255 2781,2259 2731,2263 2723,2264"/>
          <TextEquiv>
            <Unicode>alle</Unicode>
          </TextEquiv>
        </Word>
        <Word id="word_71945330-5e1a-4323-8e55-b0cd5426a3f5">
          <Coords points="2883,2208 2916,2204 2921,2249 2888,2253"/>
          <TextEquiv>
            <Unicode>—</Unicode>
          </TextEquiv>
        </Word>
        <TextEquiv conf="0.8888555772754383">
          <Unicode>D groot en schandesoude wesen soo van Palliacatta op te trecken, alle —</Unicode>
        </TextEquiv>
        <TextStyle xHeight="38"/>
      </TextLine>
      <TextLine id="line_69c803be-7682-4d49-ae27-9749427f5321">
        <Coords points="887,2410 947,2410 959,2421 993,2395 1009,2399 1057,2351 1093,2328 1173,2328 1225,2316 1408,2304 1923,2304 1935,2295 2003,2295 2527,2308 2563,2296 2578,2281 2670,2280 2750,2283 2766,2296 2915,2296 2915,2367 2894,2368 2858,2404 2387,2399 2359,2424 2207,2432 2183,2456 2167,2455 2151,2439 1856,2435 1825,2404 1785,2415 1776,2408 1704,2408 1676,2412 1648,2436 1508,2440 1460,2456 1145,2455 1105,2451 1094,2440 973,2444 937,2452 887,2480"/>
        <Baseline points="922,2445 972,2437 1022,2431 1072,2426 1122,2424 1172,2420 1222,2416 1272,2412 1322,2409 1372,2406 1422,2401 1472,2399 1522,2396 1572,2393 1622,2391 1672,2390 1722,2388 1772,2386 1822,2384 1872,2384 1922,2382 1972,2380 2022,2379 2072,2377 2122,2376 2172,2375 2222,2374 2272,2373 2322,2372 2372,2372 2422,2370 2472,2366 2522,2363 2572,2361 2622,2359 2672,2357 2722,2357 2772,2355 2822,2352 2872,2353 2881,2350"/>
        <Word id="word_645855b2-46d4-42fe-b1c0-1cbb944c0a26">
          <Coords points="916,2410 966,2402 1018,2396 1069,2391 1121,2389 1142,2387 1146,2432 1122,2434 1073,2436 1023,2441 974,2447 924,2455"/>
          <TextEquiv>
            <Unicode>menschen</Unicode>
          </TextEquiv>
        </Word>
        <Word id="word_d9a3f71d-5290-404c-bbd7-cc4b263d481d">
          <Coords points="1170,2385 1219,2381 1269,2377 1320,2374 1339,2373 1341,2418 1323,2419 1273,2422 1223,2426 1174,2430"/>
          <TextEquiv>
            <Unicode>houden</Unicode>
          </TextEquiv>
        </Word>
        <Word id="word_24ef3231-7c43-4fc7-bc43-12cee2e85b55">
          <Coords points="1367,2371 1370,2371 1419,2366 1451,2365 1453,2410 1423,2411 1373,2416 1369,2416"/>
          <TextEquiv>
            <Unicode>met</Unicode>
          </TextEquiv>
        </Word>
        <Word id="word_3501a9b7-a23e-421b-9b98-71cf189d5202">
          <Coords points="1478,2364 1520,2361 1570,2358 1591,2357 1593,2402 1573,2403 1523,2406 1481,2409"/>
          <TextEquiv>
            <Unicode>haer</Unicode>
          </TextEquiv>
        </Word>
        <Word id="word_733a75e5-8915-4179-bc04-6c5083c1669a">
          <Coords points="1619,2356 1621,2356 1671,2355 1721,2353 1771,2351 1815,2349 1817,2394 1772,2396 1722,2398 1672,2400 1622,2401 1621,2401"/>
          <TextEquiv>
            <Unicode>gecken,</Unicode>
          </TextEquiv>
        </Word>
        <Word id="word_e9b62f9f-b538-4f3e-9a49-e149e32d7bd6">
          <Coords points="1846,2348 1873,2349 1921,2347 1971,2345 1984,2345 1985,2390 1972,2390 1922,2392 1872,2394 1844,2393"/>
          <TextEquiv>
            <Unicode>swaer</Unicode>
          </TextEquiv>
        </Word>
        <Word id="word_8f772c9b-c676-4e48-8fab-2f64cff0ef41">
          <Coords points="2012,2344 2021,2344 2071,2342 2121,2341 2152,2340 2153,2385 2122,2386 2072,2387 2022,2389 2013,2389"/>
          <TextEquiv>
            <Unicode>beter</Unicode>
          </TextEquiv>
        </Word>
        <Word id="word_791c2519-cfcb-4076-addc-d3e14561e778">
          <Coords points="2180,2340 2221,2339 2236,2339 2237,2384 2222,2384 2181,2385"/>
          <TextEquiv>
            <Unicode>en</Unicode>
          </TextEquiv>
        </Word>
        <Word id="word_f784f652-164d-4fba-9440-4c78363af88c">
          <Coords points="2264,2338 2271,2338 2321,2337 2349,2337 2349,2382 2322,2382 2272,2383 2265,2383"/>
          <TextEquiv>
            <Unicode>hij</Unicode>
          </TextEquiv>
        </Word>
        <Word id="word_5427413a-cea0-40a9-8ca6-e2616df3645b">
          <Coords points="2376,2337 2420,2335 2469,2331 2515,2328 2518,2373 2473,2376 2422,2380 2378,2382"/>
          <TextEquiv>
            <Unicode>Wilde</Unicode>
          </TextEquiv>
        </Word>
        <Word id="word_1730a83e-56ba-4ed2-9f52-cb8e77f08a13">
          <Coords points="2544,2327 2571,2326 2621,2324 2628,2324 2630,2369 2622,2369 2572,2371 2545,2372"/>
          <TextEquiv>
            <Unicode>met</Unicode>
          </TextEquiv>
        </Word>
        <Word id="word_0bc6f746-14c2-4f07-8783-cf3d88b6c70a">
          <Coords points="2656,2323 2671,2322 2713,2322 2713,2367 2672,2367 2658,2368"/>
          <TextEquiv>
            <Unicode>'t</Unicode>
          </TextEquiv>
        </Word>
        <Word id="word_0c15e3c3-707a-4c1f-b2d3-9809f74f8012">
          <Coords points="2739,2322 2770,2320 2820,2317 2870,2317 2873,2318 2884,2360 2872,2363 2823,2362 2773,2365 2742,2367"/>
          <TextEquiv>
            <Unicode>volcq</Unicode>
          </TextEquiv>
        </Word>
        <TextEquiv conf="0.9117464431020269">
          <Unicode>menschen houden met haer gecken, swaer beter en hij Wilde met 't volcq</Unicode>
        </TextEquiv>
        <TextStyle xHeight="46"/>
      </TextLine>
      <TextLine id="line_62293329-9f5d-42aa-ba8d-5dbf8b3acefe">
        <Coords points="878,2487 948,2448 1040,2436 1088,2434 1108,2451 1148,2455 1460,2456 1508,2440 1648,2436 1676,2412 1712,2396 1816,2395 1840,2415 2192,2415 2200,2423 2284,2424 2356,2424 2380,2400 2965,2404 2965,2475 2660,2479 2600,2516 2556,2516 2535,2503 2500,2504 2484,2491 2440,2487 2240,2492 2184,2548 2160,2547 2148,2535 1548,2535 1524,2520 1428,2524 1384,2552 1341,2563 878,2560"/>
        <Baseline points="913,2545 963,2542 1013,2537 1063,2533 1113,2528 1163,2523 1213,2519 1263,2516 1313,2513 1363,2510 1413,2509 1463,2506 1513,2504 1563,2501 1613,2500 1663,2498 1713,2497 1763,2495 1813,2494 1863,2493 1913,2491 1963,2490 2013,2489 2063,2488 2113,2486 2163,2485 2213,2483 2263,2481 2313,2478 2363,2476 2413,2473 2463,2472 2513,2469 2563,2467 2613,2467 2663,2466 2713,2464 2763,2463 2813,2463 2863,2464 2913,2459 2931,2458"/>
        <Word id="word_b1992141-fdc6-4ca5-af3c-bd6153c1a994">
          <Coords points="911,2510 961,2507 1005,2503 1010,2547 964,2552 914,2555"/>
          <TextEquiv>
            <Unicode>van</Unicode>
          </TextEquiv>
        </Word>
        <Word id="word_357f45ca-387d-442a-8479-2a07e83b99c1">
          <Coords points="1039,2499 1061,2498 1110,2493 1160,2488 1210,2484 1261,2481 1311,2478 1359,2475 1361,2520 1314,2523 1264,2526 1214,2529 1164,2533 1114,2538 1064,2543 1041,2544"/>
          <TextEquiv>
            <Unicode>Babalachan</Unicode>
          </TextEquiv>
        </Word>
        <Word id="word_2cb1f618-6be8-4ec3-aee7-daef4f9bc299">
          <Coords points="1394,2473 1414,2474 1461,2471 1512,2469 1561,2466 1612,2465 1615,2465 1617,2510 1613,2510 1564,2511 1513,2514 1464,2516 1413,2519 1392,2518"/>
          <TextEquiv>
            <Unicode>daertoe</Unicode>
          </TextEquiv>
        </Word>
        <Word id="word_5a46ba59-b633-4da8-93c6-d5d38c57543c">
          <Coords points="1648,2464 1662,2463 1712,2462 1762,2460 1812,2459 1862,2458 1912,2456 1962,2455 2012,2454 2062,2453 2064,2453 2066,2498 2063,2498 2013,2499 1963,2500 1913,2501 1863,2503 1813,2504 1763,2505 1713,2507 1663,2508 1649,2509"/>
          <TextEquiv>
            <Unicode>kistapaneyckx</Unicode>
          </TextEquiv>
        </Word>
        <Word id="word_9266b8a5-3653-4509-9829-32ac9dd92670">
          <Coords points="2096,2452 2112,2451 2162,2450 2212,2448 2257,2446 2258,2491 2213,2493 2163,2495 2113,2496 2098,2497"/>
          <TextEquiv>
            <Unicode>sijn,</Unicode>
          </TextEquiv>
        </Word>
        <Word id="word_d401eece-f948-4a92-b402-e4d7ab363c5e">
          <Coords points="2287,2445 2310,2443 2353,2441 2355,2486 2314,2488 2291,2490"/>
          <TextEquiv>
            <Unicode>en</Unicode>
          </TextEquiv>
        </Word>
        <Word id="word_4c9c3d33-76fc-4eba-b910-959ab8ce3e5d">
          <Coords points="2384,2440 2410,2438 2462,2437 2511,2434 2562,2432 2578,2432 2578,2477 2563,2477 2514,2479 2463,2482 2414,2483 2387,2485"/>
          <TextEquiv>
            <Unicode>andere</Unicode>
          </TextEquiv>
        </Word>
        <Word id="word_d0007ff3-ec71-462c-874f-3da7dab6c6b8">
          <Coords points="2611,2432 2613,2432 2662,2431 2712,2429 2762,2428 2771,2428 2771,2473 2763,2473 2713,2474 2663,2476 2613,2477 2611,2477"/>
          <TextEquiv>
            <Unicode>selfs</Unicode>
          </TextEquiv>
        </Word>
        <Word id="word_caded831-2257-4897-8102-6133d04f323a">
          <Coords points="2803,2428 2813,2428 2864,2429 2910,2424 2929,2423 2931,2468 2914,2469 2863,2474 2813,2473 2803,2473"/>
          <TextEquiv>
            <Unicode>naer</Unicode>
          </TextEquiv>
        </Word>
        <TextEquiv conf="0.9285957607316319">
          <Unicode>van Babalachan daertoe kistapaneyckx sijn, en andere selfs naer</Unicode>
        </TextEquiv>
        <TextStyle xHeight="37"/>
      </TextLine>
      <TextLine id="aca5700f-6d1d-4b11-9209-98966dfa2d89">
        <Coords points="874,2560 1341,2564 1372,2557 1396,2541 1447,2540 1611,2548 1627,2564 1639,2565 1655,2549 1879,2549 1887,2541 1939,2541 1955,2533 2143,2532 2159,2548 2182,2549 2239,2494 2291,2486 2478,2489 2494,2501 2526,2501 2554,2513 2606,2513 2622,2498 2646,2497 2995,2499 2995,2570 2934,2569 2886,2604 2830,2624 2419,2623 2411,2615 1871,2608 1827,2612 1803,2632 1779,2640 1308,2639 1068,2648 1004,2655 940,2715 924,2706 874,2706"/>
        <Baseline points="909,2655 959,2650 1009,2645 1059,2642 1109,2637 1159,2633 1209,2630 1259,2627 1309,2624 1359,2621 1409,2618 1459,2614 1509,2612 1559,2608 1609,2605 1659,2603 1709,2600 1759,2599 1809,2598 1859,2597 1909,2595 1959,2595 2009,2594 2059,2593 2109,2593 2159,2594 2209,2592 2259,2589 2309,2584 2359,2580 2409,2577 2459,2575 2509,2574 2559,2572 2609,2568 2659,2564 2709,2562 2759,2559 2809,2557 2859,2554 2909,2551 2959,2551 2961,2553"/>
        <Word id="word_9a882e26-0969-476c-aa61-cfca11663087">
          <Coords points="906,2620 956,2615 1006,2610 1057,2607 1106,2602 1156,2598 1207,2595 1216,2595 1218,2639 1210,2640 1160,2643 1110,2647 1060,2652 1010,2655 960,2660 910,2665"/>
          <TextEquiv>
            <Unicode>palliacatta</Unicode>
          </TextEquiv>
        </Word>
        <Word id="word_21c8ac08-41e6-4dc4-b9a2-5ceabd1f5d2a">
          <Coords points="1244,2593 1257,2592 1307,2589 1357,2586 1407,2583 1456,2579 1469,2579 1471,2624 1460,2624 1410,2628 1360,2631 1310,2634 1260,2637 1246,2638"/>
          <TextEquiv>
            <Unicode>trecken,</Unicode>
          </TextEquiv>
        </Word>
        <Word id="word_9168d264-3682-4fee-9e0c-7a283547a6c5">
          <Coords points="1498,2577 1508,2577 1552,2573 1556,2618 1509,2622 1499,2622"/>
          <TextEquiv>
            <Unicode>en</Unicode>
          </TextEquiv>
        </Word>
        <Word id="word_0a5aad70-b188-4bef-8be8-082a69dc1a3c">
          <Coords points="1582,2571 1608,2570 1658,2568 1707,2565 1751,2564 1752,2609 1710,2610 1659,2613 1609,2615 1584,2616"/>
          <TextEquiv>
            <Unicode>souden</Unicode>
          </TextEquiv>
        </Word>
        <Word id="word_8a8c371e-c817-411b-a5ce-d901039c23d3">
          <Coords points="1779,2564 1808,2563 1858,2562 1863,2562 1865,2607 1859,2607 1809,2608 1780,2609"/>
          <TextEquiv>
            <Unicode>die</Unicode>
          </TextEquiv>
        </Word>
        <Word id="word_fe67273b-899f-4f84-a212-c7c970431867">
          <Coords points="1891,2561 1908,2560 1959,2560 2008,2559 2058,2558 2062,2558 2062,2603 2059,2603 2009,2604 1959,2605 1909,2605 1893,2606"/>
          <TextEquiv>
            <Unicode>plaets</Unicode>
          </TextEquiv>
        </Word>
        <Word id="word_6c250630-60a4-4790-8cb3-79fe9665a145">
          <Coords points="2090,2558 2109,2558 2147,2559 2146,2604 2109,2603 2090,2603"/>
          <TextEquiv>
            <Unicode>in</Unicode>
          </TextEquiv>
        </Word>
        <Word id="word_44d2d238-dc92-41df-9c9d-8001842c5435">
          <Coords points="2172,2559 2207,2557 2229,2556 2231,2601 2210,2602 2175,2604"/>
          <TextEquiv>
            <Unicode>15</Unicode>
          </TextEquiv>
        </Word>
        <Word id="word_7f3cb60c-90cc-40e1-9446-b6bb55701c11">
          <Coords points="2257,2554 2257,2554 2306,2549 2356,2545 2397,2543 2400,2588 2360,2590 2310,2594 2260,2599 2259,2599"/>
          <TextEquiv>
            <Unicode>dagen</Unicode>
          </TextEquiv>
        </Word>
        <Word id="word_d0fdba9c-10e2-41d8-8d51-2b688574b341">
          <Coords points="2426,2541 2458,2540 2508,2539 2510,2539 2512,2584 2509,2584 2459,2585 2428,2586"/>
          <TextEquiv>
            <Unicode>tot</Unicode>
          </TextEquiv>
        </Word>
        <Word id="word_d9d5007a-8ea9-4f38-8837-7843f421344c">
          <Coords points="2539,2538 2558,2537 2606,2533 2649,2530 2653,2575 2610,2578 2559,2582 2540,2583"/>
          <TextEquiv>
            <Unicode>sijn</Unicode>
          </TextEquiv>
        </Word>
        <Word id="word_a80bfb2d-a552-4926-ae1d-aec78661b6d9">
          <Coords points="2680,2527 2709,2527 2757,2524 2763,2524 2765,2569 2760,2569 2709,2572 2680,2572"/>
          <TextEquiv>
            <Unicode>wil</Unicode>
          </TextEquiv>
        </Word>
        <Word id="word_383f70a1-778b-4ad4-a9fc-340a81c05165">
          <Coords points="2792,2523 2808,2522 2857,2519 2907,2516 2959,2516 2986,2528 2959,2561 2954,2560 2910,2561 2860,2564 2809,2567 2793,2568"/>
          <TextEquiv>
            <Unicode>hebben</Unicode>
          </TextEquiv>
        </Word>
        <TextEquiv conf="0.8901826219731978">
          <Unicode>palliacatta trecken, en souden die plaets in 15 dagen tot sijn wil hebben</Unicode>
        </TextEquiv>
        <TextStyle xHeight="37"/>
      </TextLine>
      <TextLine id="d65e7930-e8ce-4503-8389-42971557e069">
        <Coords points="604,2678 810,2682 834,2706 922,2706 942,2715 1002,2655 1022,2651 1218,2647 1238,2638 1750,2643 1798,2635 1834,2607 1874,2606 2414,2614 2422,2622 2542,2626 2566,2638 2911,2642 2911,2713 2682,2714 2618,2718 2602,2730 2386,2730 2342,2734 2330,2746 2210,2745 2190,2758 1978,2758 1962,2769 1814,2769 1778,2773 1718,2797 1699,2812 1674,2813 1623,2836 1581,2800 1534,2800 1518,2813 1486,2813 1478,2821 1402,2825 1378,2812 1198,2813 1143,2868 1117,2868 1109,2860 1100,2867 1070,2840 1010,2840 997,2849 982,2836 826,2837 818,2845 742,2845 674,2896 604,2920"/>
        <Baseline points="639,2849 689,2837 739,2826 789,2814 839,2808 889,2799 939,2788 989,2782 1039,2778 1089,2773 1139,2770 1189,2768 1239,2766 1289,2764 1339,2762 1389,2759 1439,2757 1489,2756 1539,2753 1589,2750 1639,2748 1689,2747 1739,2744 1789,2741 1839,2740 1889,2738 1939,2736 1989,2734 2039,2733 2089,2731 2139,2730 2189,2729 2239,2727 2289,2724 2339,2723 2389,2723 2439,2720 2489,2719 2539,2716 2589,2713 2639,2710 2689,2707 2739,2704 2789,2702 2839,2698 2877,2696"/>
        <Word id="word_494fc70a-805a-4e78-a935-6771ca78b49a">
          <Coords points="631,2815 681,2803 714,2796 723,2840 691,2847 641,2859"/>
          <TextEquiv>
            <Unicode>Den</Unicode>
          </TextEquiv>
        </Word>
        <Word id="word_d274c072-29d3-45fc-bea4-b12ac55e1bb9">
          <Coords points="740,2790 781,2780 799,2778 805,2822 791,2824 751,2834"/>
          <TextEquiv>
            <Unicode>7.</Unicode>
          </TextEquiv>
        </Word>
        <Word id="word_06f2861a-7c58-4bdd-9724-4b90bfabc57b">
          <Coords points="827,2774 835,2773 853,2770 861,2814 840,2818 832,2819"/>
          <TextEquiv>
            <Unicode>e</Unicode>
          </TextEquiv>
        </Word>
        <Word id="word_f08c3569-4dd0-4613-a039-dbbb52c2aee5">
          <Coords points="880,2765 883,2765 931,2754 937,2753 943,2798 941,2798 891,2809 888,2809"/>
          <TextEquiv>
            <Unicode>d.</Unicode>
          </TextEquiv>
        </Word>
        <Word id="word_b7d88740-aea7-4bff-b2d8-a363c576491f">
          <Coords points="965,2750 985,2747 995,2746 998,2791 990,2792 971,2794"/>
          <TextEquiv>
            <Unicode>o</Unicode>
          </TextEquiv>
        </Word>
        <Word id="word_e803b5b5-af14-4a74-8efd-8a4c092d0539">
          <Coords points="1023,2744 1036,2743 1086,2738 1135,2735 1138,2780 1090,2783 1040,2788 1026,2789"/>
          <TextEquiv>
            <Unicode>niet</Unicode>
          </TextEquiv>
        </Word>
        <Word id="word_1c8b6763-b08b-4c16-833e-bbf1b38b263a">
          <Coords points="1165,2733 1188,2733 1238,2731 1288,2729 1338,2727 1387,2724 1438,2722 1473,2721 1474,2766 1439,2767 1390,2769 1339,2772 1289,2774 1239,2776 1189,2778 1166,2778"/>
          <TextEquiv>
            <Unicode>sonderlingh</Unicode>
          </TextEquiv>
        </Word>
        <Word id="word_3bace940-1ae6-4ce1-bdf3-5edb77c8054d">
          <Coords points="1500,2721 1536,2718 1587,2715 1638,2713 1688,2712 1737,2709 1787,2706 1838,2705 1839,2750 1790,2751 1740,2754 1689,2757 1639,2758 1590,2760 1540,2763 1503,2766"/>
          <TextEquiv>
            <Unicode>voorgevallen</Unicode>
          </TextEquiv>
        </Word>
        <Word id="word_c70c53fe-ec5d-4276-bba9-261602c6560b">
          <Coords points="1865,2705 1887,2703 1938,2701 1950,2701 1951,2746 1939,2746 1890,2748 1868,2749"/>
          <TextEquiv>
            <Unicode>den</Unicode>
          </TextEquiv>
        </Word>
        <Word id="word_be13cbfb-6ce2-47bb-ab64-481069377a97">
          <Coords points="1978,2699 1988,2699 2038,2698 2088,2696 2138,2695 2175,2694 2176,2739 2139,2740 2089,2741 2039,2743 1989,2744 1980,2744"/>
          <TextEquiv>
            <Unicode>vijanis</Unicode>
          </TextEquiv>
        </Word>
        <Word id="word_363ecd61-f262-4e65-8440-f4ff26559778">
          <Coords points="2202,2694 2237,2692 2258,2691 2260,2736 2239,2737 2204,2739"/>
          <TextEquiv>
            <Unicode>Io</Unicode>
          </TextEquiv>
        </Word>
        <Word id="word_eb20e3ad-7dde-442c-9f20-85ef4829a6fb">
          <Coords points="2286,2689 2287,2689 2338,2688 2389,2688 2398,2687 2401,2732 2389,2733 2339,2733 2290,2734 2289,2734"/>
          <TextEquiv>
            <Unicode>noch</Unicode>
          </TextEquiv>
        </Word>
        <Word id="word_2524d9cf-73fb-437a-8463-4b48b23285ba">
          <Coords points="2426,2686 2437,2685 2488,2684 2537,2681 2587,2678 2637,2675 2679,2673 2681,2717 2640,2720 2590,2723 2540,2726 2489,2729 2440,2730 2429,2731"/>
          <TextEquiv>
            <Unicode>Continuel</Unicode>
          </TextEquiv>
        </Word>
        <Word id="word_37edecd2-816c-4366-b0f9-a899442baa82">
          <Coords points="2707,2671 2737,2669 2788,2667 2836,2663 2875,2661 2877,2706 2840,2708 2789,2712 2740,2714 2709,2716"/>
          <TextEquiv>
            <Unicode>doense</Unicode>
          </TextEquiv>
        </Word>
        <TextEquiv conf="0.8211560258231433">
          <Unicode>Den 7. e d. o niet sonderlingh voorgevallen den vijanis Io noch Continuel doense</Unicode>
        </TextEquiv>
        <TextStyle xHeight="58"/>
      </TextLine>
      <TextLine id="bba95fe5-f4a9-432f-861c-531fd5bd9c86">
        <Coords points="880,2811 970,2791 1155,2779 1182,2803 1454,2802 1521,2811 1534,2802 1584,2802 1616,2834 1626,2835 1678,2811 1698,2811 1790,2767 1966,2767 1982,2755 2342,2755 2354,2743 2498,2742 2690,2742 2778,2754 2987,2754 2987,2825 2694,2826 2678,2842 2546,2842 2514,2846 2506,2854 2334,2849 2306,2874 2266,2886 2170,2886 2158,2877 2046,2873 1502,2873 1490,2882 1422,2882 1414,2890 1362,2894 1347,2885 974,2894 934,2925 880,2925"/>
        <Baseline points="915,2890 965,2887 1015,2884 1065,2881 1115,2878 1165,2875 1215,2873 1265,2869 1315,2868 1365,2866 1415,2865 1465,2863 1515,2861 1565,2859 1615,2857 1665,2856 1715,2855 1765,2853 1815,2853 1865,2852 1915,2851 1965,2848 2015,2845 2065,2844 2115,2843 2165,2840 2215,2838 2265,2837 2315,2835 2365,2834 2415,2831 2465,2830 2515,2827 2565,2825 2615,2821 2665,2819 2715,2817 2765,2814 2815,2812 2865,2810 2915,2808 2953,2808"/>
        <Word id="word_395817b5-b005-4f96-8096-679b83713769">
          <Coords points="913,2855 963,2852 1013,2849 1063,2846 1096,2844 1098,2889 1066,2891 1016,2894 966,2897 916,2900"/>
          <TextEquiv>
            <Unicode>geweest</Unicode>
          </TextEquiv>
        </Word>
        <Word id="word_a3c5c917-cd41-4d03-8ca1-59ddb6169c36">
          <Coords points="1122,2843 1163,2840 1201,2839 1203,2884 1166,2885 1124,2887"/>
          <TextEquiv>
            <Unicode>met</Unicode>
          </TextEquiv>
        </Word>
        <Word id="word_edd0e941-b83f-4368-b148-efa1fcb6dc38">
          <Coords points="1225,2838 1262,2834 1314,2833 1331,2832 1333,2877 1315,2878 1266,2879 1229,2882"/>
          <TextEquiv>
            <Unicode>grof</Unicode>
          </TextEquiv>
        </Word>
        <Word id="word_8cf02e9d-a932-4f9f-ad04-f32c28943eee">
          <Coords points="1358,2831 1364,2831 1414,2830 1464,2828 1514,2826 1564,2824 1567,2824 1568,2869 1565,2869 1515,2871 1465,2873 1415,2875 1365,2876 1359,2876"/>
          <TextEquiv>
            <Unicode>geschudt</Unicode>
          </TextEquiv>
        </Word>
        <Word id="word_07bb9084-98e8-4ad6-9bcf-22ace80e243a">
          <Coords points="1593,2823 1614,2822 1664,2821 1714,2820 1750,2819 1751,2864 1715,2865 1665,2866 1615,2867 1595,2868"/>
          <TextEquiv>
            <Unicode>naerd'</Unicode>
          </TextEquiv>
        </Word>
        <Word id="word_b830804e-1302-494f-9799-5f3928d72e90">
          <Coords points="1778,2818 1815,2818 1864,2817 1907,2816 1908,2861 1865,2862 1815,2863 1777,2863"/>
          <TextEquiv>
            <Unicode>stadt</Unicode>
          </TextEquiv>
        </Word>
        <Word id="word_401d7431-e27e-4859-a99d-6a2c6bc7a507">
          <Coords points="1931,2816 1962,2813 1984,2812 1987,2857 1966,2858 1935,2861"/>
          <TextEquiv>
            <Unicode>te</Unicode>
          </TextEquiv>
        </Word>
        <Word id="word_e5d0b22f-dda0-44df-87b7-41dd5edc81f9">
          <Coords points="2010,2810 2013,2810 2064,2809 2114,2808 2163,2805 2214,2803 2247,2802 2248,2847 2215,2848 2166,2850 2115,2853 2065,2854 2016,2855 2013,2855"/>
          <TextEquiv>
            <Unicode>schieten,</Unicode>
          </TextEquiv>
        </Word>
        <Word id="word_093cb3e6-7ffb-4fc5-b9ed-cff690e1da7c">
          <Coords points="2272,2802 2313,2800 2364,2799 2413,2796 2430,2796 2431,2841 2416,2841 2365,2844 2315,2845 2274,2847"/>
          <TextEquiv>
            <Unicode>hebben</Unicode>
          </TextEquiv>
        </Word>
        <Word id="word_6b354dab-034a-47ed-bd58-e8819f62bc27">
          <Coords points="2456,2795 2464,2795 2513,2792 2560,2790 2561,2835 2516,2837 2465,2840 2457,2840"/>
          <TextEquiv>
            <Unicode>(god</Unicode>
          </TextEquiv>
        </Word>
        <Word id="word_0d32d919-e8d2-4f96-aba9-03708621a142">
          <Coords points="2583,2789 2611,2786 2664,2784 2714,2782 2716,2782 2718,2827 2715,2827 2665,2829 2616,2831 2588,2834"/>
          <TextEquiv>
            <Unicode>loff)</Unicode>
          </TextEquiv>
        </Word>
        <Word id="word_927eda2a-35f6-4467-8663-fe8947c68462">
          <Coords points="2742,2780 2763,2779 2814,2777 2821,2777 2823,2822 2815,2822 2766,2824 2744,2825"/>
          <TextEquiv>
            <Unicode>tot</Unicode>
          </TextEquiv>
        </Word>
        <Word id="word_38530b74-bd0c-4e01-8577-23b68e22ff91">
          <Coords points="2847,2776 2864,2775 2914,2773 2953,2773 2953,2818 2915,2818 2865,2820 2849,2821"/>
          <TextEquiv>
            <Unicode>noch</Unicode>
          </TextEquiv>
        </Word>
        <TextEquiv conf="0.9298979440734815">
          <Unicode>geweest met grof geschudt naerd' stadt te schieten, hebben (god loff) tot noch</Unicode>
        </TextEquiv>
        <TextStyle xHeight="37"/>
      </TextLine>
      <TextLine id="bb539a13-76c6-4873-b82d-0421db07ea81">
        <Coords points="878,2924 940,2924 976,2893 1304,2884 1346,2884 1359,2893 2044,2905 2044,2976 1743,2976 1723,2995 1360,2995 1336,3011 878,3010"/>
        <Baseline points="913,2989 963,2990 1013,2987 1063,2984 1113,2982 1163,2980 1213,2978 1263,2976 1313,2974 1363,2972 1413,2970 1463,2968 1513,2967 1563,2966 1613,2965 1663,2964 1713,2963 1763,2962 1813,2962 1863,2960 1913,2958 1963,2960 2010,2959"/>
        <Word id="word_d4ca8ab0-b969-4d3a-8592-e03342e0021a">
          <Coords points="914,2954 964,2955 974,2954 976,2999 963,3000 913,2999"/>
          <TextEquiv>
            <Unicode>In</Unicode>
          </TextEquiv>
        </Word>
        <Word id="word_0371dda2-aef8-49d3-bf46-e7f37852d17a">
          <Coords points="1005,2952 1011,2952 1061,2949 1112,2947 1162,2945 1212,2943 1262,2941 1312,2939 1319,2939 1321,2984 1313,2984 1263,2986 1213,2988 1163,2990 1113,2992 1064,2994 1014,2997 1008,2997"/>
          <TextEquiv>
            <Unicode>aldeminste</Unicode>
          </TextEquiv>
        </Word>
        <Word id="word_34b62e41-04b5-497a-b9fa-90edf10c2a7b">
          <Coords points="1350,2937 1362,2937 1412,2935 1462,2933 1476,2933 1477,2978 1463,2978 1413,2980 1363,2982 1352,2982"/>
          <TextEquiv>
            <Unicode>geen</Unicode>
          </TextEquiv>
        </Word>
        <Word id="word_0ee1b000-10dd-43fd-ad9f-12287a6db6ba">
          <Coords points="1508,2932 1512,2932 1562,2931 1612,2930 1662,2929 1712,2928 1727,2928 1728,2973 1713,2973 1663,2974 1613,2975 1563,2976 1513,2977 1509,2977"/>
          <TextEquiv>
            <Unicode>schaede</Unicode>
          </TextEquiv>
        </Word>
        <Word id="word_95f77247-035c-45aa-bde7-db002de31cf5">
          <Coords points="1759,2927 1762,2927 1813,2927 1862,2925 1912,2923 1949,2924 1947,2969 1913,2968 1863,2970 1813,2972 1763,2972 1759,2972"/>
          <TextEquiv>
            <Unicode>gedaen</Unicode>
          </TextEquiv>
        </Word>
        <Word id="word_00aa3656-d7e8-42c8-9c5c-b508bceeee65">
          <Coords points="1977,2926 2008,2924 2010,2969 1979,2971"/>
          <TextEquiv>
            <Unicode>—</Unicode>
          </TextEquiv>
        </Word>
        <TextEquiv conf="0.8753769139947152">
          <Unicode>In aldeminste geen schaede gedaen —</Unicode>
        </TextEquiv>
        <TextStyle xHeight="35"/>
      </TextLine>
    </TextRegion>
    <TextRegion id="region_56698a23-87c2-4640-8745-4212077927b4_1" custom="structure {type:paragraph;}">
      <Coords points="2916,3069 2909,3059 2891,3049 2808,3045 2748,3035 2626,3035 2588,3042 2296,3035 2219,3045 2041,3055 2031,3052 1930,3055 1878,3062 1811,3059 1808,3062 1672,3062 1529,3069 1456,3066 1331,3073 1184,3066 1118,3080 993,3080 975,3073 947,3073 892,3097 860,3104 805,3104 773,3111 738,3139 742,3157 756,3167 801,3167 826,3174 867,3170 881,3184 892,3205 892,3223 902,3240 906,3324 899,3435 906,3460 906,3488 899,3512 899,3554 888,3575 881,3613 885,3616 885,3704 902,3749 899,3766 906,3798 906,3895 913,3933 913,4122 916,4177 927,4209 951,4226 1003,4226 1045,4219 1167,4219 1198,4226 1237,4226 1341,4209 1439,4205 1578,4188 1780,4184 1874,4174 1999,4174 2003,4170 2027,4174 2177,4163 2515,4160 2518,4156 2651,4156 2682,4163 2769,4163 2808,4153 2832,4129 2863,4059 2881,4035 2884,4021 2881,3996 2895,3937 2891,3902 2874,3864 2870,3770 2877,3756 2884,3714 2877,3700 2874,3669 2909,3582 2902,3519 2909,3481 2905,3449 2919,3400 2919,3369 2912,3345 2919,3317 2923,3258 2919,3202 2933,3164 2930,3125 2916,3101 2919,3090"/>
      <TextLine id="line_4017f090-2f4f-4b1a-bef1-b51a71c0b99a">
        <Coords points="637,3037 818,3036 827,3045 1711,3040 1862,3044 1870,3052 1910,3053 1986,3049 2002,3040 2855,3033 2855,3104 2450,3105 2422,3109 2414,3117 2298,3117 2262,3152 2155,3148 2126,3127 1910,3124 1878,3156 1822,3156 1790,3143 1395,3144 1362,3155 1352,3148 1303,3148 1263,3164 1167,3164 1135,3187 787,3179 755,3207 637,3207"/>
        <Baseline points="672,3171 722,3161 772,3152 822,3146 872,3141 922,3138 972,3136 1022,3134 1072,3132 1122,3130 1172,3127 1222,3126 1272,3124 1322,3123 1372,3121 1422,3121 1472,3121 1522,3119 1572,3118 1622,3119 1672,3118 1722,3117 1772,3115 1822,3114 1872,3113 1922,3111 1972,3110 2022,3110 2072,3107 2122,3107 2172,3106 2222,3106 2272,3104 2322,3102 2372,3100 2422,3099 2472,3098 2522,3095 2572,3094 2622,3093 2672,3091 2722,3089 2772,3088 2821,3087"/>
        <Word id="word_2c4335fc-af86-461d-9a17-4f64b254e8ed">
          <Coords points="665,3137 715,3127 719,3126 727,3170 724,3171 674,3181"/>
          <TextEquiv>
            <Unicode>An</Unicode>
          </TextEquiv>
        </Word>
        <Word id="word_ef85a3a4-1672-472c-a9b8-e68862d475d5">
          <Coords points="746,3121 766,3118 775,3116 780,3161 774,3162 754,3165"/>
          <TextEquiv>
            <Unicode>8</Unicode>
          </TextEquiv>
        </Word>
        <Word id="word_1263f5d3-b6d8-41ce-8e6e-cba3b2d60880">
          <Coords points="802,3113 818,3111 857,3107 861,3152 823,3156 807,3158"/>
          <TextEquiv>
            <Unicode>d.</Unicode>
          </TextEquiv>
        </Word>
        <Word id="word_5fa1845f-b8c0-4f0a-be43-e7180d804413">
          <Coords points="886,3104 913,3103 915,3148 888,3149"/>
          <TextEquiv>
            <Unicode>o</Unicode>
          </TextEquiv>
        </Word>
        <Word id="word_aee60389-06e0-4c05-8d94-f7a84bf5590b">
          <Coords points="941,3102 971,3101 1021,3099 1071,3097 1121,3095 1170,3092 1221,3091 1240,3090 1242,3135 1222,3136 1173,3137 1122,3140 1072,3142 1022,3144 972,3146 942,3147"/>
          <TextEquiv>
            <Unicode>verschijnen</Unicode>
          </TextEquiv>
        </Word>
        <Word id="word_cf760bd3-c189-4f1f-8515-e73a5f5cf431">
          <Coords points="1267,3089 1271,3089 1321,3088 1371,3086 1422,3086 1432,3086 1432,3131 1422,3131 1372,3131 1322,3133 1272,3134 1269,3134"/>
          <TextEquiv>
            <Unicode>alhier</Unicode>
          </TextEquiv>
        </Word>
        <Word id="word_a5631029-78cf-44bc-a54f-a0ba82b08a67">
          <Coords points="1459,3086 1472,3086 1485,3085 1487,3130 1472,3131 1459,3131"/>
          <TextEquiv>
            <Unicode>2</Unicode>
          </TextEquiv>
        </Word>
        <Word id="word_66bd9e7c-dd2c-4e2d-b032-d61b96fe622b">
          <Coords points="1512,3084 1521,3084 1571,3083 1623,3084 1671,3083 1721,3082 1771,3080 1785,3080 1786,3125 1772,3125 1722,3127 1672,3128 1622,3129 1572,3128 1522,3129 1514,3129"/>
          <TextEquiv>
            <Unicode>engelschen</Unicode>
          </TextEquiv>
        </Word>
        <Word id="word_7f192f51-803f-4ab3-b807-056bc38f1df3">
          <Coords points="1813,3079 1821,3079 1871,3078 1921,3076 1922,3076 1923,3121 1922,3121 1872,3123 1822,3124 1814,3124"/>
          <TextEquiv>
            <Unicode>uijt</Unicode>
          </TextEquiv>
        </Word>
        <Word id="word_6fb1ae9c-4bce-4071-9f7a-0505c6dde925">
          <Coords points="1949,3075 1971,3075 2022,3075 2070,3072 2113,3072 2113,3117 2073,3117 2022,3120 1972,3120 1950,3120"/>
          <TextEquiv>
            <Unicode>'tfort</Unicode>
          </TextEquiv>
        </Word>
        <Word id="word_90c75632-2fb8-40e7-a6d7-8af631abc989">
          <Coords points="2139,3072 2171,3071 2222,3071 2271,3069 2321,3067 2371,3065 2421,3064 2439,3064 2440,3109 2422,3109 2372,3110 2322,3112 2272,3114 2222,3116 2172,3116 2140,3117"/>
          <TextEquiv>
            <Unicode>Madrespatam</Unicode>
          </TextEquiv>
        </Word>
        <Word id="word_0268dfa6-b2a5-43c9-8624-9f39634f6766">
          <Coords points="2466,3063 2471,3063 2519,3060 2522,3105 2472,3108 2467,3108"/>
          <TextEquiv>
            <Unicode>te</Unicode>
          </TextEquiv>
        </Word>
        <Word id="word_ac1c5221-fa95-497d-b11f-9b819957ad7d">
          <Coords points="2549,3058 2573,3059 2621,3058 2671,3056 2711,3054 2712,3099 2672,3101 2622,3103 2572,3104 2548,3103"/>
          <TextEquiv>
            <Unicode>weeten</Unicode>
          </TextEquiv>
        </Word>
        <Word id="word_a5a7bd23-464f-4d9c-a639-adba33223d06">
          <Coords points="2739,3053 2772,3053 2820,3052 2821,3097 2772,3098 2739,3098"/>
          <TextEquiv>
            <Unicode>den</Unicode>
          </TextEquiv>
        </Word>
        <TextEquiv conf="0.9135851767429356">
          <Unicode>An 8 d. o verschijnen alhier 2 engelschen uijt 'tfort Madrespatam te weeten den</Unicode>
        </TextEquiv>
        <TextStyle xHeight="43"/>
      </TextLine>
      <TextLine id="cd2a0964-919f-4736-9562-c8454406ee6c">
        <Coords points="882,3181 960,3189 1132,3189 1164,3166 1252,3166 1312,3141 1807,3145 1827,3158 1879,3158 1915,3125 1983,3125 1991,3133 2139,3133 2155,3149 2179,3145 2199,3154 2255,3154 2283,3129 2347,3129 2355,3137 2530,3138 2658,3129 2947,3129 2947,3200 2710,3197 2486,3209 2315,3209 2291,3232 2179,3236 2143,3235 2123,3220 1855,3221 1795,3225 1759,3248 1591,3248 1567,3264 1419,3264 1392,3240 1084,3248 1028,3304 1008,3295 882,3295"/>
        <Baseline points="917,3252 967,3247 1017,3243 1067,3239 1117,3237 1167,3235 1217,3233 1267,3230 1317,3228 1367,3227 1417,3225 1467,3223 1517,3221 1567,3219 1617,3219 1667,3216 1717,3215 1767,3214 1817,3212 1867,3211 1917,3209 1967,3207 2017,3207 2067,3206 2117,3206 2167,3205 2217,3203 2267,3201 2317,3200 2367,3199 2417,3199 2467,3198 2517,3196 2567,3194 2617,3193 2667,3191 2717,3189 2767,3188 2817,3187 2867,3185 2913,3183"/>
        <Word id="word_cb11ccf6-4009-466b-8e28-4285ee35157c">
          <Coords points="914,3217 964,3212 1014,3208 1064,3204 1112,3202 1114,3247 1068,3249 1018,3253 968,3257 918,3262"/>
          <TextEquiv>
            <Unicode>Coopman</Unicode>
          </TextEquiv>
        </Word>
        <Word id="word_b4ce0656-ac52-4bd1-8254-d4f77d8c070f">
          <Coords points="1140,3201 1166,3200 1216,3198 1265,3195 1316,3193 1338,3193 1338,3238 1317,3238 1268,3240 1217,3243 1167,3245 1142,3246"/>
          <TextEquiv>
            <Unicode>meester</Unicode>
          </TextEquiv>
        </Word>
        <Word id="word_456abb6c-2473-4396-ba1f-42ee31b6a37d">
          <Coords points="1366,3192 1366,3192 1416,3190 1466,3188 1516,3186 1566,3184 1591,3184 1591,3229 1567,3229 1517,3231 1467,3233 1417,3235 1367,3237 1367,3237"/>
          <TextEquiv>
            <Unicode>grenleij</Unicode>
          </TextEquiv>
        </Word>
        <Word id="word_d30501f3-c4ce-4c94-844f-66f222185d10">
          <Coords points="1617,3184 1665,3181 1675,3181 1676,3226 1668,3226 1620,3229"/>
          <TextEquiv>
            <Unicode>en</Unicode>
          </TextEquiv>
        </Word>
        <Word id="word_4fae99af-79ce-420b-8a99-a0227ab71ab5">
          <Coords points="1703,3180 1716,3180 1766,3179 1816,3177 1866,3176 1916,3174 1966,3172 2013,3172 2013,3217 1967,3217 1917,3219 1867,3221 1817,3222 1767,3224 1717,3225 1704,3225"/>
          <TextEquiv>
            <Unicode>Luijtenandt</Unicode>
          </TextEquiv>
        </Word>
        <Word id="word_3d929677-ffa0-491f-ad35-9cae643258c4">
          <Coords points="2040,3172 2066,3171 2097,3171 2097,3216 2067,3216 2042,3217"/>
          <TextEquiv>
            <Unicode>m.</Unicode>
          </TextEquiv>
        </Word>
        <Word id="word_f67c845c-5143-4e30-8f8b-c34e9f75a8cf">
          <Coords points="2125,3171 2153,3170 2154,3215 2126,3216"/>
          <TextEquiv>
            <Unicode>r</Unicode>
          </TextEquiv>
        </Word>
        <Word id="word_13787654-2488-466a-8023-2b509ad425e0">
          <Coords points="2180,3170 2215,3168 2266,3166 2316,3165 2366,3164 2379,3164 2379,3209 2367,3209 2317,3210 2267,3211 2217,3213 2182,3215"/>
          <TextEquiv>
            <Unicode>dermijn</Unicode>
          </TextEquiv>
        </Word>
        <Word id="word_473a8bba-15ea-42c7-a4e0-fbe6c92d057b">
          <Coords points="2407,3164 2417,3164 2466,3163 2516,3161 2566,3159 2603,3158 2604,3203 2567,3204 2517,3206 2467,3208 2417,3209 2407,3209"/>
          <TextEquiv>
            <Unicode>Comende</Unicode>
          </TextEquiv>
        </Word>
        <Word id="word_7afffbd2-2a55-4f19-8ace-4604da8ae509">
          <Coords points="2630,3158 2665,3156 2716,3154 2766,3153 2816,3152 2866,3150 2911,3148 2913,3193 2867,3195 2817,3197 2767,3198 2717,3199 2667,3201 2632,3203"/>
          <TextEquiv>
            <Unicode>daernevens</Unicode>
          </TextEquiv>
        </Word>
        <TextEquiv conf="0.8918844215431221">
          <Unicode>Coopman meester grenleij en Luijtenandt m. r dermijn Comende daernevens</Unicode>
        </TextEquiv>
        <TextStyle xHeight="35"/>
      </TextLine>
      <TextLine id="line_48b8d625-70dc-414f-bfea-6c871a155909">
        <Coords points="873,3298 1031,3303 1087,3247 1227,3239 1391,3238 1423,3267 1555,3267 1595,3247 1764,3247 1795,3227 2126,3222 2146,3238 2177,3239 2186,3230 2290,3231 2314,3214 2422,3214 2430,3222 2835,3225 2835,3296 2582,3297 2546,3322 2406,3330 2086,3330 2026,3338 1695,3333 1651,3342 1447,3354 1431,3353 1416,3338 1299,3338 1259,3342 1251,3350 873,3358"/>
        <Baseline points="908,3350 958,3346 1008,3344 1058,3341 1108,3339 1158,3336 1208,3334 1258,3333 1308,3331 1358,3330 1408,3328 1458,3325 1508,3324 1558,3322 1608,3320 1658,3318 1708,3316 1758,3314 1808,3312 1858,3310 1908,3307 1958,3305 2008,3304 2058,3302 2108,3300 2158,3298 2208,3297 2258,3296 2308,3295 2358,3294 2408,3292 2458,3290 2508,3288 2558,3287 2608,3284 2658,3281 2708,3279 2758,3276 2801,3279"/>
        <Word id="word_76026bef-7bbe-42ce-8d3a-15d2be4b842a">
          <Coords points="905,3315 955,3311 1007,3309 1056,3306 1107,3304 1156,3301 1207,3299 1208,3299 1208,3344 1208,3344 1159,3346 1108,3349 1059,3351 1008,3354 959,3356 909,3360"/>
          <TextEquiv>
            <Unicode>daernevens</Unicode>
          </TextEquiv>
        </Word>
        <Word id="word_27bec6e8-fca0-49b3-b4d2-dd49f6a63ff6">
          <Coords points="1238,3298 1257,3298 1307,3296 1328,3296 1329,3341 1308,3341 1258,3343 1239,3343"/>
          <TextEquiv>
            <Unicode>den</Unicode>
          </TextEquiv>
        </Word>
        <Word id="word_3cca5dee-8f3d-4621-8ce9-d0f4d5544e82">
          <Coords points="1357,3295 1407,3293 1456,3290 1507,3289 1557,3287 1607,3285 1657,3283 1707,3281 1718,3281 1720,3326 1708,3326 1658,3328 1608,3330 1558,3332 1508,3334 1459,3335 1408,3338 1359,3340"/>
          <TextEquiv>
            <Unicode>ondercoopman</Unicode>
          </TextEquiv>
        </Word>
        <Word id="word_1761f2b7-a364-45fd-859f-1e92c5bd95c6">
          <Coords points="1748,3279 1757,3279 1807,3277 1808,3277 1810,3322 1808,3322 1758,3324 1750,3324"/>
          <TextEquiv>
            <Unicode>s.</Unicode>
          </TextEquiv>
        </Word>
        <Word id="word_f2581266-58fe-49e9-a13f-a683b5853330">
          <Coords points="1838,3276 1857,3275 1867,3274 1870,3319 1858,3320 1840,3321"/>
          <TextEquiv>
            <Unicode>r</Unicode>
          </TextEquiv>
        </Word>
        <Word id="word_6b781435-19d6-4b8d-aaa4-83b0ec1558b8">
          <Coords points="1897,3273 1906,3272 1957,3270 2007,3269 2057,3267 2078,3266 2080,3311 2058,3312 2008,3314 1958,3315 1909,3317 1900,3317"/>
          <TextEquiv>
            <Unicode>Willem</Unicode>
          </TextEquiv>
        </Word>
        <Word id="word_ff3a9a6e-ef78-468d-bc0c-9268152f0f9a">
          <Coords points="2108,3265 2157,3263 2207,3262 2229,3262 2230,3307 2208,3307 2158,3308 2110,3310"/>
          <TextEquiv>
            <Unicode>Pauw</Unicode>
          </TextEquiv>
        </Word>
        <Word id="word_4291137e-83e2-48c1-8eeb-cea54d4f03c3">
          <Coords points="2259,3261 2307,3260 2320,3260 2321,3305 2308,3305 2260,3306"/>
          <TextEquiv>
            <Unicode>en</Unicode>
          </TextEquiv>
        </Word>
        <Word id="word_1f6c100b-690c-4429-ba7e-87f92c2868ec">
          <Coords points="2350,3259 2357,3259 2407,3257 2457,3255 2469,3255 2471,3299 2458,3300 2408,3302 2358,3304 2351,3304"/>
          <TextEquiv>
            <Unicode>sijn</Unicode>
          </TextEquiv>
        </Word>
        <Word id="word_c4c358cd-f173-4e5d-9da1-cf6b7aa794b8">
          <Coords points="2499,3253 2507,3253 2557,3252 2606,3249 2656,3246 2707,3244 2756,3241 2803,3244 2800,3289 2759,3286 2708,3289 2659,3291 2609,3294 2558,3297 2508,3298 2501,3298"/>
          <TextEquiv>
            <Unicode>huijsvrouw</Unicode>
          </TextEquiv>
        </Word>
        <TextEquiv conf="0.8848862890855528">
          <Unicode>daernevens den ondercoopman s. r Willem Pauw en sijn huijsvrouw</Unicode>
        </TextEquiv>
        <TextStyle xHeight="34"/>
      </TextLine>
      <TextLine id="a0217638-4ea1-479a-a208-ea6a3c8c01ff">
        <Coords points="880,3359 1074,3347 1401,3346 1417,3355 1445,3355 1453,3347 1681,3347 1705,3323 2329,3322 2337,3330 2404,3331 2416,3323 2556,3319 2572,3307 2712,3310 2720,3318 2832,3318 2852,3327 2905,3327 2905,3398 2884,3398 2876,3390 2620,3395 2612,3403 2404,3403 2344,3451 1917,3458 1897,3438 1884,3438 1841,3447 1805,3483 1785,3482 1769,3466 1689,3466 1681,3458 1609,3459 1601,3467 1553,3471 1070,3471 1058,3462 1007,3459 880,3462"/>
        <Baseline points="915,3456 965,3452 1015,3448 1065,3445 1115,3442 1165,3439 1215,3436 1265,3433 1315,3430 1365,3428 1415,3427 1465,3424 1515,3423 1565,3422 1615,3422 1665,3421 1715,3419 1765,3418 1815,3416 1865,3414 1915,3413 1965,3411 2015,3410 2065,3408 2115,3406 2165,3404 2215,3402 2265,3401 2315,3399 2365,3396 2415,3394 2465,3393 2515,3391 2565,3389 2615,3388 2665,3387 2715,3385 2765,3385 2815,3386 2865,3382 2871,3381"/>
        <Word id="word_73a49209-916b-4fd4-9817-fdc764db17a7">
          <Coords points="912,3421 962,3417 996,3414 999,3459 966,3462 916,3466"/>
          <TextEquiv>
            <Unicode>tot</Unicode>
          </TextEquiv>
        </Word>
        <Word id="word_ad3d9b36-0eab-439e-ad59-227af2c8860f">
          <Coords points="1025,3412 1063,3410 1080,3409 1083,3454 1066,3455 1027,3457"/>
          <TextEquiv>
            <Unicode>In</Unicode>
          </TextEquiv>
        </Word>
        <Word id="word_8ccd118b-bea0-4d75-8d6d-e7debadcdaf4">
          <Coords points="1108,3407 1113,3407 1163,3404 1192,3402 1195,3447 1166,3449 1116,3452 1111,3452"/>
          <TextEquiv>
            <Unicode>der</Unicode>
          </TextEquiv>
        </Word>
        <Word id="word_11e917e5-97a1-409e-a1bb-bc1a568a332a">
          <Coords points="1220,3401 1263,3398 1313,3395 1364,3393 1414,3392 1415,3392 1418,3437 1415,3437 1365,3438 1316,3440 1266,3443 1223,3446"/>
          <TextEquiv>
            <Unicode>Vyandts</Unicode>
          </TextEquiv>
        </Word>
        <Word id="word_b7ace6d6-63fa-4e95-b9be-5474b0f8e7e1">
          <Coords points="1443,3390 1463,3389 1514,3388 1564,3387 1585,3387 1585,3432 1565,3432 1515,3433 1466,3434 1446,3435"/>
          <TextEquiv>
            <Unicode>wercq</Unicode>
          </TextEquiv>
        </Word>
        <Word id="word_f5ea0ac3-3ebc-4518-aed0-c9d4422e57f2">
          <Coords points="1613,3387 1615,3387 1664,3386 1714,3384 1764,3383 1780,3382 1781,3427 1765,3428 1715,3429 1665,3431 1615,3432 1613,3432"/>
          <TextEquiv>
            <Unicode>alwaer</Unicode>
          </TextEquiv>
        </Word>
        <Word id="word_4bf5fad9-a3ac-4f38-b075-f30f846abe2b">
          <Coords points="1808,3381 1814,3381 1864,3379 1914,3378 1964,3376 2014,3375 2064,3373 2087,3372 2089,3417 2065,3418 2015,3420 1965,3421 1915,3423 1865,3424 1815,3426 1809,3426"/>
          <TextEquiv>
            <Unicode>opgehouden</Unicode>
          </TextEquiv>
        </Word>
        <Word id="word_75cb0ebd-14d7-4767-9f7c-b33e88acb1c4">
          <Coords points="2115,3371 2164,3369 2171,3369 2173,3414 2165,3414 2117,3416"/>
          <TextEquiv>
            <Unicode>en</Unicode>
          </TextEquiv>
        </Word>
        <Word id="word_c2ee1a49-dc36-4c19-825c-fbaa2494f386">
          <Coords points="2199,3368 2214,3367 2264,3366 2311,3364 2313,3409 2265,3411 2215,3412 2201,3413"/>
          <TextEquiv>
            <Unicode>sijn</Unicode>
          </TextEquiv>
        </Word>
        <Word id="word_b9ad8e26-1a52-4d9e-a830-e068fccb8c23">
          <Coords points="2337,3363 2362,3361 2414,3359 2464,3358 2514,3356 2564,3354 2614,3353 2619,3353 2620,3398 2615,3398 2565,3399 2515,3401 2465,3403 2415,3404 2366,3406 2341,3408"/>
          <TextEquiv>
            <Unicode>huijsvrouw</Unicode>
          </TextEquiv>
        </Word>
        <Word id="word_ebc64947-a590-41ac-aab9-32694a55a38b">
          <Coords points="2647,3352 2664,3352 2714,3350 2765,3350 2812,3351 2816,3351 2816,3396 2815,3396 2765,3395 2715,3395 2665,3397 2648,3397"/>
          <TextEquiv>
            <Unicode>nevens</Unicode>
          </TextEquiv>
        </Word>
        <Word id="word_45af8b23-aa9e-43d8-8647-d64f4fea35e4">
          <Coords points="2840,3349 2862,3347 2865,3346 2873,3391 2866,3392 2844,3394"/>
          <TextEquiv>
            <Unicode>—</Unicode>
          </TextEquiv>
        </Word>
        <TextEquiv conf="0.875021290276248">
          <Unicode>tot In der Vyandts wercq alwaer opgehouden en sijn huijsvrouw nevens —</Unicode>
        </TextEquiv>
        <TextStyle xHeight="39"/>
      </TextLine>
      <TextLine id="line_866a1b5d-3387-493b-8281-16782ddcaa56">
        <Coords points="879,3464 1005,3459 1121,3472 1560,3468 1572,3456 1608,3455 1680,3459 1688,3467 1768,3467 1784,3483 1804,3484 1840,3448 1887,3436 1911,3455 1963,3460 2344,3451 2403,3404 2439,3415 2598,3419 2634,3440 2883,3435 2883,3506 2642,3503 2626,3515 2399,3511 2387,3523 2219,3519 2155,3578 2127,3590 2092,3582 1907,3582 1879,3558 1752,3558 1684,3567 1448,3558 1113,3559 1097,3575 879,3570"/>
        <Baseline points="914,3563 964,3563 1014,3560 1064,3554 1114,3550 1164,3546 1214,3544 1264,3541 1314,3539 1364,3536 1414,3534 1464,3532 1514,3531 1564,3531 1614,3529 1664,3528 1714,3528 1764,3527 1814,3525 1864,3524 1914,3522 1964,3520 2014,3517 2064,3515 2114,3514 2164,3513 2214,3511 2264,3509 2314,3507 2364,3505 2414,3504 2464,3502 2514,3500 2564,3499 2614,3497 2664,3496 2714,3494 2764,3493 2814,3490 2849,3489"/>
        <Word id="word_a799809f-080c-4512-a813-49dd6b9e07b2">
          <Coords points="914,3528 964,3528 964,3528 967,3573 964,3573 914,3573"/>
          <TextEquiv>
            <Unicode>d'</Unicode>
          </TextEquiv>
        </Word>
        <Word id="word_d425dca5-dac8-47f0-815c-8164ab25f2c9">
          <Coords points="990,3526 1012,3525 1060,3519 1111,3515 1161,3511 1213,3509 1251,3507 1254,3552 1214,3554 1165,3556 1115,3560 1065,3564 1015,3570 993,3571"/>
          <TextEquiv>
            <Unicode>Engelschen</Unicode>
          </TextEquiv>
        </Word>
        <Word id="word_fcae75cc-27ec-403c-9894-76b8ad3cc94d">
          <Coords points="1278,3505 1313,3504 1362,3501 1413,3499 1463,3497 1513,3496 1515,3496 1515,3541 1514,3541 1464,3542 1414,3544 1365,3546 1314,3549 1280,3550"/>
          <TextEquiv>
            <Unicode>Voornomnt</Unicode>
          </TextEquiv>
        </Word>
        <Word id="word_ec367b7b-0822-4b44-be8e-b8424a404d71">
          <Coords points="1541,3496 1564,3496 1613,3494 1663,3493 1698,3493 1698,3538 1664,3538 1614,3539 1564,3541 1541,3541"/>
          <TextEquiv>
            <Unicode>naer't</Unicode>
          </TextEquiv>
        </Word>
        <Word id="word_a40fd7bf-14d9-46a6-8f28-f5693eaa413c">
          <Coords points="1723,3493 1763,3492 1813,3490 1863,3489 1906,3487 1908,3532 1864,3534 1814,3535 1764,3537 1724,3538"/>
          <TextEquiv>
            <Unicode>Casteel</Unicode>
          </TextEquiv>
        </Word>
        <Word id="word_b03fe8df-af52-448f-b11a-76e73c0f406b">
          <Coords points="1932,3486 1963,3485 1984,3484 1986,3529 1964,3530 1934,3531"/>
          <TextEquiv>
            <Unicode>te</Unicode>
          </TextEquiv>
        </Word>
        <Word id="word_94395e6b-f2de-4f1e-a239-4347a3946c15">
          <Coords points="2010,3482 2012,3482 2063,3480 2113,3479 2142,3478 2143,3523 2114,3524 2064,3525 2015,3527 2013,3527"/>
          <TextEquiv>
            <Unicode>Comen</Unicode>
          </TextEquiv>
        </Word>
        <Word id="word_273f5e45-4db3-4a20-93f1-57c28ce840d5">
          <Coords points="2167,3478 2213,3476 2263,3474 2313,3472 2363,3470 2404,3469 2405,3514 2364,3515 2314,3517 2264,3519 2214,3521 2169,3523"/>
          <TextEquiv>
            <Unicode>g'orlooft</Unicode>
          </TextEquiv>
        </Word>
        <Word id="word_ddf5f11a-1016-4a5d-8368-9cea59188e8c">
          <Coords points="2429,3469 2462,3467 2513,3465 2563,3464 2612,3462 2614,3507 2564,3509 2514,3510 2464,3512 2431,3514"/>
          <TextEquiv>
            <Unicode>wierdt,</Unicode>
          </TextEquiv>
        </Word>
        <Word id="word_0aac4440-19ec-4b71-89c4-e0796f1fca13">
          <Coords points="2640,3461 2664,3461 2713,3459 2763,3458 2812,3455 2848,3454 2849,3499 2815,3500 2764,3503 2714,3504 2664,3506 2640,3506"/>
          <TextEquiv>
            <Unicode>werdende</Unicode>
          </TextEquiv>
        </Word>
        <TextEquiv conf="0.8957973493287407">
          <Unicode>d' Engelschen Voornomnt naer't Casteel te Comen g'orlooft wierdt, werdende</Unicode>
        </TextEquiv>
        <TextStyle xHeight="37"/>
      </TextLine>
      <TextLine id="ca1811bc-e13f-4429-9b3a-147a134ed5df">
        <Coords points="913,3572 1099,3572 1111,3560 1382,3559 1410,3580 1594,3576 1602,3568 1878,3568 1897,3583 2094,3583 2105,3591 2129,3592 2201,3536 2233,3531 2516,3531 2560,3552 2817,3548 2817,3619 2313,3628 2281,3656 1846,3663 1818,3688 1230,3687 1099,3679 1055,3696 913,3696"/>
        <Baseline points="948,3665 998,3665 1048,3663 1098,3660 1148,3658 1198,3655 1248,3654 1298,3652 1348,3650 1398,3648 1448,3646 1498,3645 1548,3644 1598,3644 1648,3643 1698,3640 1748,3639 1798,3637 1848,3636 1898,3634 1948,3633 1998,3630 2048,3627 2098,3626 2148,3623 2198,3621 2248,3621 2298,3620 2348,3617 2398,3615 2448,3614 2498,3612 2548,3610 2598,3611 2648,3609 2698,3607 2748,3605 2783,3602"/>
        <Word id="word_4240e9bc-15f4-4219-b1f5-04e398955f22">
          <Coords points="948,3630 998,3630 1047,3628 1096,3625 1147,3623 1147,3623 1149,3668 1148,3668 1099,3670 1048,3673 998,3675 948,3675"/>
          <TextEquiv>
            <Unicode>volgens</Unicode>
          </TextEquiv>
        </Word>
        <Word id="word_51b30868-3415-4f1c-b239-618293a8a330">
          <Coords points="1175,3621 1196,3620 1247,3619 1297,3617 1347,3615 1397,3613 1405,3613 1407,3658 1398,3658 1348,3660 1298,3662 1248,3664 1199,3665 1178,3666"/>
          <TextEquiv>
            <Unicode>Coastume</Unicode>
          </TextEquiv>
        </Word>
        <Word id="word_67a3d909-eae2-4445-9762-02bf884e6ccc">
          <Coords points="1434,3612 1447,3611 1497,3610 1547,3609 1598,3609 1647,3608 1696,3605 1747,3604 1797,3602 1808,3602 1808,3647 1798,3647 1748,3649 1699,3650 1648,3653 1598,3654 1548,3654 1498,3655 1448,3656 1436,3656"/>
          <TextEquiv>
            <Unicode>verwillecompt</Unicode>
          </TextEquiv>
        </Word>
        <Word id="word_f05734f0-5ccf-4f08-b6c0-137e1c070dfa">
          <Coords points="1836,3601 1847,3601 1893,3599 1895,3644 1848,3646 1837,3646"/>
          <TextEquiv>
            <Unicode>en</Unicode>
          </TextEquiv>
        </Word>
        <Word id="word_d0b799d0-0830-4a1a-acd9-3a3395c4f6ac">
          <Coords points="1923,3598 1948,3598 1996,3595 2046,3592 2097,3591 2146,3588 2197,3586 2248,3586 2266,3586 2267,3631 2248,3631 2198,3631 2149,3633 2098,3636 2049,3637 1999,3640 1948,3643 1923,3643"/>
          <TextEquiv>
            <Unicode>naerbehooren</Unicode>
          </TextEquiv>
        </Word>
        <Word id="word_109612d7-6710-4066-95c8-dae187085be5">
          <Coords points="2295,3585 2297,3585 2346,3582 2397,3580 2447,3579 2497,3577 2547,3575 2599,3576 2638,3574 2640,3619 2598,3621 2548,3620 2498,3622 2448,3624 2398,3625 2349,3627 2298,3630 2296,3630"/>
          <TextEquiv>
            <Unicode>getracteert,</Unicode>
          </TextEquiv>
        </Word>
        <Word id="word_a6a26f39-e080-421c-b20f-6ba0c9e6c50b">
          <Coords points="2667,3573 2697,3572 2747,3570 2780,3567 2784,3612 2748,3615 2698,3617 2669,3618"/>
          <TextEquiv>
            <Unicode>ende</Unicode>
          </TextEquiv>
        </Word>
        <TextEquiv conf="0.9330933532826388">
          <Unicode>volgens Coastume verwillecompt en naerbehooren getracteert, ende</Unicode>
        </TextEquiv>
        <TextStyle xHeight="37"/>
      </TextLine>
      <TextLine id="line_447cc7cd-5602-4c8a-9ec7-d1c2193f9d91">
        <Coords points="879,3692 1821,3689 1849,3661 2289,3653 2313,3632 2645,3636 2689,3657 2854,3657 2854,3728 2489,3732 2457,3763 2389,3783 1481,3782 1433,3823 1397,3835 1353,3835 1331,3854 1305,3830 1269,3826 1261,3818 879,3814"/>
        <Baseline points="914,3783 964,3777 1014,3774 1064,3771 1114,3769 1164,3767 1214,3763 1264,3761 1314,3759 1364,3757 1414,3754 1464,3753 1514,3752 1564,3750 1614,3748 1664,3747 1714,3746 1764,3744 1814,3743 1864,3742 1914,3741 1964,3740 2014,3736 2064,3734 2114,3732 2164,3730 2214,3726 2264,3724 2314,3724 2364,3724 2414,3722 2464,3721 2514,3720 2564,3718 2614,3716 2664,3714 2714,3712 2764,3710 2814,3711 2820,3711"/>
        <Word id="word_ce023bd8-9abd-4a5c-b7d7-4b1dd8b311dd">
          <Coords points="910,3748 960,3742 1012,3739 1025,3738 1028,3783 1015,3784 965,3787 915,3793"/>
          <TextEquiv>
            <Unicode>naer</Unicode>
          </TextEquiv>
        </Word>
        <Word id="word_fb6df412-5434-441c-9509-6cc61562af10">
          <Coords points="1054,3737 1062,3736 1113,3734 1163,3732 1211,3728 1225,3728 1227,3772 1215,3773 1164,3777 1114,3779 1065,3781 1056,3781"/>
          <TextEquiv>
            <Unicode>eenige</Unicode>
          </TextEquiv>
        </Word>
        <Word id="word_ababbbd4-00e5-4179-8683-968c1a7a9598">
          <Coords points="1254,3726 1263,3726 1313,3724 1363,3722 1412,3719 1463,3718 1513,3717 1563,3715 1595,3714 1597,3759 1564,3760 1514,3762 1464,3763 1415,3764 1364,3767 1314,3769 1264,3771 1255,3771"/>
          <TextEquiv>
            <Unicode>Complementos</Unicode>
          </TextEquiv>
        </Word>
        <Word id="word_0242f08b-9516-41d1-87ac-fc700df09eb4">
          <Coords points="1624,3713 1663,3712 1713,3711 1763,3709 1766,3709 1767,3754 1764,3754 1714,3756 1664,3757 1625,3758"/>
          <TextEquiv>
            <Unicode>onder</Unicode>
          </TextEquiv>
        </Word>
        <Word id="word_e2c9440e-6fb4-4626-8637-a65abe1d8c7f">
          <Coords points="1795,3708 1813,3708 1863,3707 1913,3706 1963,3705 1992,3703 1996,3748 1964,3750 1914,3751 1864,3752 1814,3753 1796,3753"/>
          <TextEquiv>
            <Unicode>anderen</Unicode>
          </TextEquiv>
        </Word>
        <Word id="word_b8735587-afbd-4aff-a01b-17f052811241">
          <Coords points="2022,3700 2063,3699 2113,3697 2163,3695 2163,3695 2166,3740 2164,3740 2114,3742 2064,3744 2024,3745"/>
          <TextEquiv>
            <Unicode>vande</Unicode>
          </TextEquiv>
        </Word>
        <Word id="word_5203f2dd-990b-42df-9111-7813808c98a5">
          <Coords points="2191,3693 2211,3691 2263,3689 2314,3689 2363,3689 2364,3689 2365,3734 2364,3734 2314,3734 2264,3734 2215,3736 2195,3738"/>
          <TextEquiv>
            <Unicode>saecke</Unicode>
          </TextEquiv>
        </Word>
        <Word id="word_2c91fbaf-4bf3-4f65-a18a-9e0c5a85dca0">
          <Coords points="2392,3688 2413,3687 2463,3686 2513,3685 2563,3683 2613,3681 2619,3681 2621,3726 2614,3726 2564,3728 2514,3730 2464,3731 2414,3732 2393,3733"/>
          <TextEquiv>
            <Unicode>tusschen</Unicode>
          </TextEquiv>
        </Word>
        <Word id="word_da25e31f-1a90-4f1b-9632-da93fec89945">
          <Coords points="2648,3680 2663,3679 2713,3677 2733,3676 2735,3721 2714,3722 2664,3724 2650,3725"/>
          <TextEquiv>
            <Unicode>ons</Unicode>
          </TextEquiv>
        </Word>
        <Word id="word_bc828266-167f-484e-ab4e-f74d23cc7227">
          <Coords points="2762,3675 2763,3675 2815,3676 2820,3676 2820,3721 2814,3721 2764,3720 2763,3720"/>
          <TextEquiv>
            <Unicode>en</Unicode>
          </TextEquiv>
        </Word>
        <TextEquiv conf="0.9326797278950942">
          <Unicode>naer eenige Complementos onder anderen vande saecke tusschen ons en</Unicode>
        </TextEquiv>
        <TextStyle xHeight="41"/>
      </TextLine>
      <TextLine id="b6b2d5df-d456-4a2c-a2fb-8174d8af2776">
        <Coords points="875,3814 1258,3818 1265,3825 1304,3829 1331,3854 1349,3838 1429,3826 1481,3782 1665,3787 1892,3778 2412,3779 2456,3763 2492,3734 2596,3738 2620,3754 2680,3759 2756,3759 2772,3750 2905,3758 2905,3829 2856,3826 2824,3850 2456,3845 2440,3858 2376,3858 2348,3885 2180,3885 2140,3921 2116,3920 2088,3895 2000,3895 1956,3880 1916,3881 1881,3901 1645,3900 1625,3888 1237,3892 1201,3925 1185,3929 989,3929 953,3960 875,3960"/>
        <Baseline points="910,3897 960,3897 1010,3891 1060,3887 1110,3884 1160,3881 1210,3879 1260,3875 1310,3872 1360,3869 1410,3866 1460,3863 1510,3862 1560,3859 1610,3858 1660,3857 1710,3855 1760,3852 1810,3850 1860,3849 1910,3848 1960,3846 2010,3844 2060,3842 2110,3841 2160,3840 2210,3837 2260,3836 2310,3832 2360,3830 2410,3828 2460,3826 2510,3823 2560,3821 2610,3819 2660,3816 2710,3815 2760,3814 2810,3813 2860,3812 2871,3812"/>
        <Word id="word_8fb9cb60-d096-4abc-bbcd-f2200bf477af">
          <Coords points="910,3862 960,3862 1006,3856 1057,3852 1104,3849 1106,3894 1061,3897 1011,3901 960,3907 910,3907"/>
          <TextEquiv>
            <Unicode>Chinama</Unicode>
          </TextEquiv>
        </Word>
        <Word id="word_57757ee9-0f09-439a-844c-e61de609f02c">
          <Coords points="1132,3848 1158,3846 1209,3844 1257,3840 1308,3837 1358,3834 1408,3831 1458,3828 1497,3827 1498,3872 1461,3873 1411,3876 1361,3879 1311,3882 1261,3885 1210,3889 1161,3891 1134,3893"/>
          <TextEquiv>
            <Unicode>gediscoureert</Unicode>
          </TextEquiv>
        </Word>
        <Word id="word_98a24f2a-4797-4a95-ad8f-574918339ea2">
          <Coords points="1523,3827 1557,3824 1609,3823 1610,3868 1561,3869 1527,3872"/>
          <TextEquiv>
            <Unicode>tot</Unicode>
          </TextEquiv>
        </Word>
        <Word id="word_311d0373-45aa-444f-bd73-a7e9b31c2ab0">
          <Coords points="1637,3822 1659,3822 1709,3820 1758,3817 1809,3815 1833,3815 1834,3860 1810,3860 1761,3862 1710,3865 1660,3867 1638,3867"/>
          <TextEquiv>
            <Unicode>welcken</Unicode>
          </TextEquiv>
        </Word>
        <Word id="word_5c918b43-4a82-496c-8290-3ec3f3a1bdec">
          <Coords points="1861,3814 1909,3813 1959,3811 2001,3809 2003,3854 1960,3856 1910,3858 1862,3859"/>
          <TextEquiv>
            <Unicode>eynde</Unicode>
          </TextEquiv>
        </Word>
        <Word id="word_a7cd3599-cf10-4244-9208-7a1e83f4abcd">
          <Coords points="2029,3808 2059,3807 2109,3806 2159,3805 2208,3802 2259,3801 2307,3797 2359,3795 2393,3794 2395,3839 2360,3840 2311,3842 2260,3846 2211,3847 2160,3850 2110,3851 2060,3852 2031,3853"/>
          <TextEquiv>
            <Unicode>expresselijck</Unicode>
          </TextEquiv>
        </Word>
        <Word id="word_7293bc47-50ea-42c3-a898-44a02a93fa64">
          <Coords points="2421,3793 2459,3791 2508,3788 2559,3786 2609,3784 2617,3784 2619,3828 2610,3829 2560,3831 2511,3833 2460,3836 2423,3837"/>
          <TextEquiv>
            <Unicode>gecomen</Unicode>
          </TextEquiv>
        </Word>
        <Word id="word_28775bf6-31ce-4219-b33f-87601d731193">
          <Coords points="2645,3782 2658,3781 2709,3780 2759,3779 2809,3778 2859,3777 2871,3777 2871,3822 2860,3822 2810,3823 2760,3824 2710,3825 2661,3826 2647,3827"/>
          <TextEquiv>
            <Unicode>Waieren,</Unicode>
          </TextEquiv>
        </Word>
        <TextEquiv conf="0.9053287815277964">
          <Unicode>Chinama gediscoureert tot welcken eynde expresselijck gecomen Waieren,</Unicode>
        </TextEquiv>
        <TextStyle xHeight="39"/>
      </TextLine>
      <TextLine id="line_7ea98532-a0ec-4952-986e-a5498d70531a">
        <Coords points="884,3954 947,3954 994,3926 1198,3926 1234,3893 1629,3889 1645,3898 1889,3898 1913,3882 1961,3881 1985,3885 2001,3897 2090,3897 2113,3917 2149,3918 2181,3886 2349,3886 2377,3861 2444,3861 2452,3869 2484,3874 2881,3869 2881,3940 2313,3949 2257,3953 2249,3961 2193,3961 2161,3989 1865,3981 1805,4005 1182,4008 1110,4068 1010,4067 966,4051 884,4051"/>
        <Baseline points="919,4005 969,4000 1019,3997 1069,3994 1119,3991 1169,3986 1219,3984 1269,3980 1319,3977 1369,3974 1419,3972 1469,3970 1519,3968 1569,3967 1619,3966 1669,3965 1719,3963 1769,3962 1819,3961 1869,3960 1919,3958 1969,3956 2019,3954 2069,3951 2119,3950 2169,3949 2219,3946 2269,3945 2319,3942 2369,3939 2419,3937 2469,3936 2519,3934 2569,3931 2619,3930 2669,3929 2719,3929 2769,3926 2819,3925 2847,3923"/>
        <Word id="word_fd2e9570-303f-492b-8a15-46b6fff6d235">
          <Coords points="916,3970 966,3965 1003,3963 1006,4008 970,4010 920,4015"/>
          <TextEquiv>
            <Unicode>als</Unicode>
          </TextEquiv>
        </Word>
        <Word id="word_1a2b0a59-3a30-486f-8740-ff0ca4056920">
          <Coords points="1032,3961 1067,3959 1117,3956 1145,3953 1150,3998 1120,4001 1070,4004 1034,4006"/>
          <TextEquiv>
            <Unicode>oocq</Unicode>
          </TextEquiv>
        </Word>
        <Word id="word_47503476-89cd-474f-b7b5-2a5f7cc46ee7">
          <Coords points="1177,3950 1218,3949 1266,3945 1290,3944 1293,3989 1270,3990 1219,3994 1178,3995"/>
          <TextEquiv>
            <Unicode>omme</Unicode>
          </TextEquiv>
        </Word>
        <Word id="word_24498dcc-4f9f-41e8-8f71-c61ff065645d">
          <Coords points="1319,3942 1367,3939 1406,3937 1408,3982 1370,3984 1322,3987"/>
          <TextEquiv>
            <Unicode>van</Unicode>
          </TextEquiv>
        </Word>
        <Word id="word_abfa6e39-4d04-4eac-a216-cb6d8cec8da6">
          <Coords points="1435,3936 1468,3935 1518,3933 1568,3932 1580,3932 1581,3977 1569,3977 1519,3978 1469,3980 1437,3981"/>
          <TextEquiv>
            <Unicode>Verre</Unicode>
          </TextEquiv>
        </Word>
        <Word id="word_5685ff61-fed1-40d1-9a48-47270818c365">
          <Coords points="1608,3931 1618,3931 1668,3930 1718,3928 1768,3927 1818,3926 1868,3925 1896,3924 1898,3969 1869,3970 1819,3971 1769,3972 1719,3973 1669,3975 1619,3976 1609,3976"/>
          <TextEquiv>
            <Unicode>tevernemen</Unicode>
          </TextEquiv>
        </Word>
        <Word id="word_20781e1d-e252-42b0-88a1-65b9c1ae1620">
          <Coords points="1925,3923 1968,3921 2011,3919 2013,3964 1969,3966 1926,3968"/>
          <TextEquiv>
            <Unicode>van</Unicode>
          </TextEquiv>
        </Word>
        <Word id="word_b5c2ef80-ed83-4816-92c6-ca1176bd9430">
          <Coords points="2038,3918 2066,3916 2118,3915 2127,3915 2128,3960 2119,3960 2070,3961 2042,3963"/>
          <TextEquiv>
            <Unicode>wat</Unicode>
          </TextEquiv>
        </Word>
        <Word id="word_46770e2d-4b85-4ec4-adc2-611af2a9398d">
          <Coords points="2155,3914 2168,3914 2217,3911 2268,3910 2317,3907 2367,3904 2385,3903 2387,3948 2370,3949 2320,3952 2269,3955 2220,3956 2169,3959 2156,3959"/>
          <TextEquiv>
            <Unicode>gevoelen</Unicode>
          </TextEquiv>
        </Word>
        <Word id="word_c77f75ca-8a95-4cfe-bcdd-4e4ba9c7067c">
          <Coords points="2414,3902 2418,3902 2468,3901 2471,3901 2473,3946 2469,3946 2419,3947 2416,3947"/>
          <TextEquiv>
            <Unicode>en</Unicode>
          </TextEquiv>
        </Word>
        <Word id="word_87aa04cd-1603-4fe0-83ef-5472828e43d6">
          <Coords points="2500,3900 2518,3899 2567,3896 2618,3895 2668,3894 2719,3894 2730,3893 2732,3938 2719,3939 2669,3939 2619,3940 2570,3941 2519,3944 2502,3945"/>
          <TextEquiv>
            <Unicode>Intentie</Unicode>
          </TextEquiv>
        </Word>
        <Word id="word_52215900-b845-4824-9a7f-f66e8402a6f2">
          <Coords points="2759,3892 2767,3891 2818,3890 2844,3888 2848,3933 2819,3935 2770,3936 2761,3936"/>
          <TextEquiv>
            <Unicode>den</Unicode>
          </TextEquiv>
        </Word>
        <TextEquiv conf="0.8865132424973503">
          <Unicode>als oocq omme van Verre tevernemen van wat gevoelen en Intentie den</Unicode>
        </TextEquiv>
        <TextStyle xHeight="35"/>
      </TextLine>
      <TextLine id="line_5f39248f-5069-4f3f-b4d6-0063fa091996">
        <Coords points="878,4052 968,4052 1027,4069 1052,4057 1124,4057 1180,4009 1819,4002 1871,3981 1971,3981 1991,3990 2159,3990 2191,3962 2247,3962 2255,3954 2634,3953 2670,3957 2738,3986 2786,3986 2802,3974 2838,3970 2931,3969 2931,4040 2858,4041 2786,4084 2690,4079 2681,4088 2574,4087 2565,4096 2430,4096 2019,4095 1967,4083 1783,4083 1771,4084 1724,4131 1701,4115 1643,4115 1627,4099 1563,4093 1513,4138 1490,4115 1479,4126 1455,4126 1435,4107 1399,4107 1352,4108 1336,4124 1308,4124 1280,4152 976,4156 948,4143 878,4143"/>
        <Baseline points="913,4116 963,4111 1013,4106 1063,4103 1113,4101 1163,4098 1213,4095 1263,4092 1313,4090 1363,4086 1413,4084 1463,4082 1513,4080 1563,4079 1613,4076 1663,4073 1713,4072 1763,4069 1813,4068 1863,4066 1913,4064 1963,4063 2013,4062 2063,4060 2113,4058 2163,4056 2213,4054 2263,4053 2313,4052 2363,4049 2413,4046 2463,4045 2513,4044 2563,4040 2613,4037 2663,4035 2713,4032 2763,4031 2813,4028 2863,4026 2897,4023"/>
        <Word id="word_8cc216df-f4ac-4d5b-a45e-16e8c397fb91">
          <Coords points="910,4081 960,4076 1010,4071 1061,4068 1112,4066 1161,4063 1207,4060 1209,4105 1164,4108 1113,4111 1064,4113 1014,4116 964,4121 914,4126"/>
          <TextEquiv>
            <Unicode>Gouverneur</Unicode>
          </TextEquiv>
        </Word>
        <Word id="word_fb0b97f6-2fc9-4fae-baa7-96d721459653">
          <Coords points="1236,4059 1261,4057 1312,4055 1324,4054 1328,4099 1313,4100 1264,4102 1239,4103"/>
          <TextEquiv>
            <Unicode>oft</Unicode>
          </TextEquiv>
        </Word>
        <Word id="word_d1d9defd-eb70-43ad-a0e8-4f657602cd6a">
          <Coords points="1354,4052 1360,4051 1412,4049 1462,4047 1512,4045 1562,4044 1611,4041 1661,4038 1682,4038 1683,4083 1664,4083 1614,4086 1563,4089 1513,4090 1463,4092 1413,4094 1364,4096 1357,4096"/>
          <TextEquiv>
            <Unicode>eenichsints</Unicode>
          </TextEquiv>
        </Word>
        <Word id="word_112f589f-ace5-456f-8338-0a2e94ed7d7f">
          <Coords points="1711,4037 1712,4037 1761,4034 1812,4033 1862,4031 1912,4029 1919,4029 1920,4074 1913,4074 1863,4076 1813,4078 1764,4079 1713,4082 1712,4082"/>
          <TextEquiv>
            <Unicode>genegen</Unicode>
          </TextEquiv>
        </Word>
        <Word id="word_3278ed83-0f49-48ef-b3b9-d18020babf27">
          <Coords points="1948,4028 1962,4028 2012,4027 2037,4026 2039,4071 2013,4072 1963,4073 1949,4073"/>
          <TextEquiv>
            <Unicode>Was</Unicode>
          </TextEquiv>
        </Word>
        <Word id="word_7f3989d6-7e8b-4f57-95d8-fbc6ade42596">
          <Coords points="2066,4025 2112,4023 2162,4021 2212,4019 2215,4019 2216,4064 2213,4064 2163,4066 2113,4068 2068,4070"/>
          <TextEquiv>
            <Unicode>vande</Unicode>
          </TextEquiv>
        </Word>
        <Word id="word_04526443-215a-42c7-a3c7-6bef87dd1e0e">
          <Coords points="2245,4018 2262,4018 2312,4017 2361,4014 2411,4011 2462,4010 2512,4009 2560,4005 2569,4005 2572,4049 2564,4050 2513,4054 2463,4055 2414,4056 2364,4059 2313,4062 2263,4063 2246,4063"/>
          <TextEquiv>
            <Unicode>aengevangen</Unicode>
          </TextEquiv>
        </Word>
        <Word id="word_542256be-52f5-4831-9e4b-336eb6ca749b">
          <Coords points="2599,4003 2611,4002 2662,4000 2711,3997 2762,3996 2811,3993 2862,3991 2894,3988 2898,4033 2863,4036 2814,4038 2763,4041 2714,4042 2663,4045 2614,4047 2602,4048"/>
          <TextEquiv>
            <Unicode>proceduren</Unicode>
          </TextEquiv>
        </Word>
        <TextEquiv conf="0.8986952008716745">
          <Unicode>Gouverneur oft eenichsints genegen Was vande aengevangen proceduren</Unicode>
        </TextEquiv>
        <TextStyle xHeight="40"/>
      </TextLine>
      <TextLine id="line_49a70265-8559-4a71-88db-999685f3d834">
        <Coords points="884,4143 947,4143 978,4159 1166,4159 1174,4151 1221,4150 1277,4155 1309,4124 1333,4124 1349,4108 1433,4107 1492,4159 1561,4093 1601,4093 1631,4099 1649,4115 1701,4115 1714,4123 1722,4115 1730,4119 1765,4084 1781,4083 1968,4083 2020,4095 2428,4096 2563,4096 2575,4087 2682,4088 2691,4079 2848,4083 2848,4154 2691,4151 2671,4155 2655,4171 2484,4171 2476,4179 1992,4175 1697,4190 1673,4202 1393,4202 1385,4210 1273,4210 1221,4262 1187,4281 884,4281"/>
        <Baseline points="919,4222 969,4215 1019,4210 1069,4205 1119,4203 1169,4200 1219,4197 1269,4194 1319,4192 1369,4188 1419,4185 1469,4183 1519,4180 1569,4177 1619,4175 1669,4173 1719,4171 1769,4168 1819,4167 1869,4164 1919,4162 1969,4160 2019,4158 2069,4156 2119,4154 2169,4152 2219,4151 2269,4150 2319,4149 2369,4147 2419,4146 2469,4146 2519,4144 2569,4143 2619,4143 2669,4142 2719,4140 2769,4140 2814,4137"/>
        <Word id="word_79166bbc-bc35-4422-bdee-0f4e0b8181ef">
          <Coords points="914,4187 964,4180 1016,4175 1066,4170 1094,4169 1096,4214 1070,4215 1020,4220 970,4225 920,4232"/>
          <TextEquiv>
            <Unicode>Jegens</Unicode>
          </TextEquiv>
        </Word>
        <Word id="word_d79d506d-ac3c-45ee-8cca-2c1276c27f71">
          <Coords points="1123,4168 1167,4165 1217,4162 1267,4159 1318,4157 1330,4156 1334,4201 1319,4202 1270,4204 1220,4207 1170,4210 1126,4213"/>
          <TextEquiv>
            <Unicode>maleija</Unicode>
          </TextEquiv>
        </Word>
        <Word id="word_0f1340b9-9cf6-4a78-a827-5e1c35632a5e">
          <Coords points="1359,4154 1366,4153 1417,4150 1420,4150 1422,4195 1420,4195 1370,4198 1363,4199"/>
          <TextEquiv>
            <Unicode>te</Unicode>
          </TextEquiv>
        </Word>
        <Word id="word_28851690-6587-4e06-8afa-d72e4904f800">
          <Coords points="1450,4149 1468,4148 1517,4145 1567,4142 1618,4140 1668,4138 1718,4136 1745,4134 1748,4179 1719,4181 1669,4183 1619,4185 1570,4187 1520,4190 1469,4193 1451,4194"/>
          <TextEquiv>
            <Unicode>desisteren</Unicode>
          </TextEquiv>
        </Word>
        <Word id="word_ecc252aa-84cc-4c1f-b43d-054a63bef1e7">
          <Coords points="1776,4133 1819,4132 1867,4129 1894,4128 1896,4173 1870,4174 1819,4177 1777,4178"/>
          <TextEquiv>
            <Unicode>ofte</Unicode>
          </TextEquiv>
        </Word>
        <Word id="word_58ae80f6-521c-4e46-b6c7-3fe8691b7912">
          <Coords points="1924,4127 1968,4125 2012,4123 2014,4168 1969,4170 1925,4172"/>
          <TextEquiv>
            <Unicode>wel</Unicode>
          </TextEquiv>
        </Word>
        <Word id="word_a0c92b53-e18d-4e93-86c9-3fa0f11a19be">
          <Coords points="2042,4122 2068,4121 2118,4119 2131,4118 2133,4163 2119,4164 2069,4166 2044,4167"/>
          <TextEquiv>
            <Unicode>van</Unicode>
          </TextEquiv>
        </Word>
        <Word id="word_6159a403-cc1e-440e-8c87-447def790959">
          <Coords points="2161,4117 2168,4117 2218,4116 2250,4115 2251,4160 2219,4161 2169,4162 2162,4162"/>
          <TextEquiv>
            <Unicode>sus</Unicode>
          </TextEquiv>
        </Word>
        <Word id="word_37c2b218-1fb7-4e3b-9cfa-cfaf7a39e481">
          <Coords points="2280,4115 2318,4114 2368,4112 2369,4112 2370,4157 2369,4157 2319,4159 2281,4160"/>
          <TextEquiv>
            <Unicode>den</Unicode>
          </TextEquiv>
        </Word>
        <Word id="word_49563509-2667-4504-9fbf-930d351cda95">
          <Coords points="2398,4111 2418,4111 2469,4111 2518,4109 2568,4108 2607,4108 2607,4153 2569,4153 2519,4154 2469,4156 2419,4156 2399,4156"/>
          <TextEquiv>
            <Unicode>oorlogh</Unicode>
          </TextEquiv>
        </Word>
        <Word id="word_471551b6-fbfd-4d94-82a2-3f45f6e88db0">
          <Coords points="2635,4108 2668,4107 2718,4105 2769,4105 2812,4102 2815,4147 2769,4150 2719,4150 2669,4152 2637,4153"/>
          <TextEquiv>
            <Unicode>langer</Unicode>
          </TextEquiv>
        </Word>
        <TextEquiv conf="0.9302522691328504">
          <Unicode>Jegens maleija te desisteren ofte wel van sus den oorlogh langer</Unicode>
        </TextEquiv>
        <TextStyle xHeight="37"/>
      </TextLine>
    </TextRegion>
    <TextRegion id="d7cea06f-a1fc-44e6-b403-634e2161e8a0">
      <Coords points="0,1118 23,1118 23,1122 0,1122"/>
      <TextLine id="line_00ada14d-0a5e-4086-a39b-d535c87d94f6">
        <Coords points="0,1066 53,1066 53,1137 21,1140 0,1130"/>
        <Baseline points="0,1120 19,1120"/>
        <TextStyle xHeight="78"/>
      </TextLine>
    </TextRegion>
  </Page>
</PcGts>
