3560 4937
1464 793 1592 842 agh
1633 792 1973 843 Register
2015 791 2271 842 wegens
2312 799 2398 845 't
2439 802 2908 852 gepasseerde

1626 1125 1706 1175 te
1744 1128 2138 1177 Negotieren
2177 1130 2374 1178 wilde
2413 1122 2885 1175 verschijnen,
2924 1121 3043 1170 was
3081 1126 3205 1182 een

1622 1280 1923 1329 Eijlandt
1958 1278 2074 1324 met
2110 1276 2224 1322 een
2261 1266 2713 1323 Treffelijcke
2748 1266 2938 1317 baij,
2975 1272 3088 1317 off
3125 1264 3314 1316 reede

1627 1420 1776 1471 waer
1808 1425 2070 1474 buijten
2106 1427 2401 1477 Peijckel
2438 1432 2511 1477 8-
2547 1431 2585 1477 9
2622 1430 2733 1477 off
2767 1427 2843 1473 10
2879 1428 3141 1479 schepen

1617 1564 1937 1618 anckeren
1976 1574 2097 1622 off
2136 1577 2256 1623 wel
2295 1575 2575 1623 Havenen
2613 1574 2854 1620 conde,
2892 1570 3133 1619 echter
3172 1572 3293 1620 met

1627 1724 1930 1770 kennisse
1965 1727 2192 1774 vanden
2229 1729 2305 1775 E.
2342 1729 2531 1776 vant'
2568 1731 2681 1778 Rum
2718 1730 2870 1777 sijn
2907 1729 3022 1777 soo
3056 1732 3246 1781 verde

1624 1877 1730 1927 bij
1763 1884 2041 1931 provisie
2076 1885 2215 1931 eens
2249 1886 2562 1937 geworden,
2596 1888 2701 1936 dat
2735 1891 3118 1943 presenteren
3150 1898 3260 1948 met

1617 2032 1723 2081 ons
1758 2034 1933 2081 schip
1968 2036 2038 2084 te
2072 2038 2318 2085 gelijck
2353 2037 2423 2083 te
2457 2037 2843 2085 vertrecken,
2877 2039 2948 2086 en
2982 2041 3227 2100 buijten

1620 2197 1692 2248 t'
1726 2200 1940 2248 gesigh
1973 2194 2082 2244 van
2118 2194 2295 2241 Japan
2330 2193 2579 2240 gecomen
2614 2192 2863 2239 sijnde,
2899 2194 3005 2240 aen
3040 2192 3112 2239 d'
3147 2192 3293 2240 onse

1566 2357 1605 2403 4
1641 2355 1680 2404 a
1717 2359 1755 2404 5
1792 2359 1906 2405 man
1941 2358 2093 2405 over
2131 2358 2207 2404 te
2244 2357 2470 2405 geven,
2507 2358 2771 2407 welcker
2807 2354 2998 2405 coste
3033 2357 3148 2410 hun

1673 2448 1711 2493 -

1624 2513 1800 2562 lants
1833 2518 2322 2566 gelegentheijt,
2353 2521 2564 2568 verder
2598 2523 2878 2571 openinge
2912 2525 3018 2574 van
3051 2530 3201 2586 doen

1615 2684 1688 2731 en
1723 2687 1868 2735 opde
1903 2691 2191 2738 voijagie
2227 2688 2299 2736 in
2334 2684 2695 2733 toecomende
2730 2684 2874 2730 voor
2910 2684 3163 2735 lootsen

1609 2840 1903 2895 verdeelt,
1935 2849 2294 2897 gebruijcken
2326 2848 2521 2895 connen
2553 2847 2652 2893 des
2683 2841 2912 2893 gelijcs
2944 2839 3108 2888 werdt

1577 2997 1995 3049 voorgegeven
2032 3005 2146 3051 den
2183 3007 2448 3059 anderen
2486 3014 2599 3059 soo
2637 3013 2788 3059 vere
2824 3010 2902 3056 te
2939 3010 3246 3065 verstaen

1589 3158 1703 3210 dat
1740 3166 1853 3213 met
1891 3167 2193 3215 wisselen
2229 3171 2343 3217 van
2379 3171 2645 3220 brieven
2681 3177 2757 3223 en
2793 3175 3096 3224 gestelde
3133 3179 3322 3230 borge

1596 3319 1749 3366 waer
1786 3320 1900 3368 van
1936 3320 2051 3366 den
2088 3317 2392 3368 Gemelten
2420 3316 2694 3368 Coopman
2730 3316 2884 3364 een,
2920 3320 3224 3373 benevens

1579 3459 1678 3506 een
1707 3461 1806 3507 der
1839 3461 2262 3511 principaelste
2291 3467 2551 3517 Chinesen
2582 3470 2777 3517 alhier
2809 3469 3135 3515 wonaghtigh
3165 3471 3296 3521 sijn

1580 3600 1752 3648 soude
1785 3600 2125 3651 wedersijts
2155 3604 2328 3651 alles
2361 3604 2566 3654 sonder
2599 3609 2973 3659 achterdoght
3006 3613 3312 3662 bevordert

1578 3738 1649 3786 en
1682 3739 1785 3785 een
1817 3742 2158 3793 voortgangh
2191 3748 2364 3797 nemen
2392 3751 2599 3799 moght,
2632 3751 2702 3798 t'
2735 3750 2871 3797 geen
2905 3752 3042 3798 niet
3075 3754 3177 3801 wel

1549 3871 1673 3923 dan
1709 3876 1827 3921 met
1866 3876 2101 3926 kennis
2138 3881 2296 3927 ende
2334 3882 2686 3938 voorweten
2725 3893 2882 3941 dier
2920 3892 3274 3950 Japanders

1559 4000 1757 4049 dient
1795 4003 1873 4048 te
1911 4004 2106 4054 weegh
2144 4005 2496 4062 gebraght,
2531 4018 2844 4066 gemelten
2882 4017 3154 4068 Coopman

1576 4131 1652 4179 is
1688 4134 1765 4182 na
1801 4138 2178 4186 maeghschap
2215 4141 2443 4193 vanden
2478 4150 2817 4203 oppersten
2849 4152 3344 4206 Burgermeester

1573 4267 1803 4327 alhier,
1834 4264 1962 4311 door
1993 4264 2120 4311 wien
2152 4266 2376 4320 t'seere
2406 4276 2819 4334 batsoenelijck
2850 4288 3168 4335 geschieden
3199 4290 3300 4340 can

2915 4477 3213 4537 Een

706 275 905 338 Jnlio
942 270 1061 317 ao.
1099 268 1257 314 1696

2009 572 2203 622 pie

1931 445 2400 502 Tonckin

2941 454 3213 504 1646

1523 2351 1562 2398 E

1031 3337 1109 3384 el
