3437 5135
943 241 1210 288 resident
1243 239 1544 286 invelour,
1577 240 1710 285 uijt
1744 240 2011 286 welckers
2044 241 2378 288 translaet,
2411 242 2512 287 bij
2544 243 2712 291 desen
2744 247 2912 294 onder
2944 249 3145 296 aparte
3177 250 3280 299 nom

954 322 1100 368 mede
1135 320 1467 367 gevrucht,
1503 321 1650 367 UEd:
1686 322 1760 367 't
1796 322 2052 368 gevolch
2088 322 2199 370 van
2234 325 2455 375 saeken
2492 329 2639 376 ende
2674 331 2931 378 orlogen
2967 333 3078 379 tot
3114 335 3299 383 meerd

955 400 1411 452 becommeringh
1448 401 1563 446 van
1601 400 1676 446 't
1714 400 2132 447 Carnatische
2170 402 2399 452 rijck,
2436 408 2589 455 daer
2625 410 2854 459 tegens
2891 415 3317 473 d'resolutie

955 486 1062 537 der
1094 479 1373 529 neijcken
1406 480 1510 525 tot
1544 478 1925 524 voorconinge
1958 480 2062 526 van
2097 481 2304 530 verder
2337 486 2684 540 onheijlen,
2717 496 2856 545 ende
2890 501 3305 555 resistentie:

953 565 1058 612 der
1093 564 1338 611 Mooren,
1373 559 1549 609 onder
1583 556 1829 603 anderen
1863 556 1934 602 nu
1969 557 2144 605 voort
2179 560 2565 609 voornaemste
2599 565 2705 617 den
2739 573 2951 627 harden
2984 584 3125 632 ende
3159 588 3300 638 Rui=

2409 599 2493 646 roos

960 638 1343 688 neusenval
1384 632 1639 683 vanden
1681 631 2106 678 vervremden
2146 633 2319 680 ende
2359 638 2487 687 twl
2528 639 2867 691 aerdigen
2910 646 3292 702 Chirnanna

961 712 1112 760 ende
1149 703 1488 756 d'sijnen,
1526 702 2014 755 d'verclaringe
2052 710 2203 756 ende
2239 711 2691 765 bekentenisse
2728 720 2842 768 des
2878 723 3142 774 Conincx
3179 729 3295 780 weg

960 800 1101 849 onse
1136 790 1454 844 onschult,
1487 785 1630 834 ende
1665 783 1948 829 oprechte
1982 785 2372 835 handelinge,
2406 792 2760 846 mitsgaders
2794 802 2936 851 sijn
2970 806 3147 855 maijt
3182 810 3292 862 wil

962 890 1117 942 ende
1153 877 1497 933 begeerte,
1534 872 1688 920 omme
1725 871 1840 917 d'E
1877 871 2107 919 Comp:e
2144 875 2527 927 restitutie
2563 884 2717 933 vant
2754 889 3136 938 gerooffde,
3172 894 3287 946 een

940 968 1303 1032 vgoedinge
1341 962 1462 1011 van
1501 956 1780 1006 verdere
1819 956 2098 1004 geleden
2137 960 2456 1011 schaden,
2495 967 2655 1014 ende
2694 970 3051 1020 Intresten
3091 975 3258 1022 uijt

961 1047 1339 1104 Chinnanuas
1376 1036 1829 1091 overgebleven
1867 1036 2208 1088 middelen,
2243 1044 2395 1093 (die
2432 1047 2622 1093 reede
2658 1049 2809 1094 daer
2847 1049 2923 1096 te
2960 1051 3187 1101 vinden
3224 1057 3264 1104 —

958 1124 1225 1173 beslagen
1257 1119 1425 1168 sijn)
1457 1113 1559 1162 als
1590 1108 1826 1157 anders,
1858 1109 1926 1154 te
1958 1110 2092 1160 doen
2125 1115 2292 1163 (waer
2325 1118 2426 1165 van
2458 1121 2893 1173 echterduchte,
2925 1128 2993 1175 op
3025 1130 3296 1184 d'affre„

951 1209 1227 1258 keningh
1265 1206 1424 1256 noch
1461 1198 1659 1250 veele
1697 1192 2131 1241 onvereffent
2169 1197 2444 1246 blijven
2482 1201 2642 1251 sal)
2680 1207 2916 1255 sullen
2955 1207 3270 1256 gelieven

953 1295 1025 1344 te
1059 1285 1374 1339 vernemen,
1407 1279 1548 1329 daer
1580 1274 1687 1323 toe
1721 1272 1827 1319 mij
1861 1270 1931 1316 in
1965 1269 2140 1315 desen
2175 1270 2351 1319 oock,
2384 1275 2525 1321 omme
2559 1277 2908 1335 Cortheijts
2942 1289 3152 1336 wille,
3186 1288 3291 1333 re„

955 1367 1209 1422 ferere,
1243 1353 1533 1410 besijden
1566 1347 1677 1397 dat
1712 1345 1784 1391 nu
1819 1343 2072 1390 sasadra
2108 1345 2181 1391 In
2216 1347 2649 1403 madrespatnam
2684 1359 2865 1405 doors
2900 1361 3153 1408 Conincx
3187 1363 3298 1411 be„

958 1454 1081 1505 vel
1119 1450 1201 1498 in
1238 1438 1642 1494 vsekeringh
1680 1431 2003 1481 gehouden
2043 1431 2244 1478 wert,
2283 1433 2685 1484 mitsgaders
2724 1437 3287 1487 wardapaneijck,

959 1533 1108 1585 ende
1142 1512 1656 1577 Connerechittij
1691 1508 1839 1556 naer
1873 1507 2314 1555 tegenepatnam
2350 1511 2643 1560 gevluckt
2679 1515 2863 1561 sijn,
2898 1514 3155 1562 wesende
3191 1514 3301 1559 dee

953 1613 1104 1665 drie
1140 1607 1253 1657 van
1286 1600 1439 1651 seer
1475 1591 1663 1643 bosen
1698 1585 1849 1634 ende
1885 1583 2184 1631 valschen
2221 1586 2408 1634 aert,
2444 1590 2594 1637 naer
2630 1593 2929 1641 welckers
2966 1594 3115 1641 raet
3151 1586 3302 1637 ende

953 1685 1319 1746 Inductie,
1359 1675 1724 1729 Chinmanna
1764 1672 1927 1719 sich
1967 1670 2332 1718 doorgaens
2372 1673 2696 1722 gevoucht
2737 1677 2981 1722 heeft,
3020 1678 3142 1723 soo
3181 1675 3304 1723 dat

953 1778 1031 1828 nu
1066 1768 1253 1822 (god'
1289 1757 1662 1812 d'voorste)
1698 1756 1773 1802 te
1810 1756 2107 1802 vhoopen,
2144 1755 2293 1801 onse
2329 1754 2591 1803 hartste
2627 1758 2962 1805 vijanden,
2999 1760 3147 1806 ende
3183 1758 3296 1805 der

959 1852 1181 1907 selver
1216 1844 1620 1896 machinatien
1656 1843 1766 1889 ten
1803 1841 2169 1888 principale
2204 1840 2462 1886 gestut,
2498 1841 2572 1887 s'
2608 1843 2828 1889 Comp=s
2863 1842 3157 1889 directie
3193 1845 3305 1895 al„

955 1937 1095 1987 hier
1129 1934 1199 1982 In
1233 1931 1440 1978 corten
1474 1930 1544 1976 in
1577 1929 1717 1975 vrij
1751 1926 2131 1975 beterstant,
2165 1924 2270 1970 als
2303 1925 2476 1971 ooijt
2511 1926 2649 1972 voor
2683 1927 2891 1974 desen,
2925 1927 3306 1975 gerestauree

956 2018 1325 2070 mitsgaders
1361 2016 1472 2062 een
1508 2012 1839 2060 g'achter,
1875 2010 2023 2057 ende
2060 2010 2575 2057 aensienlijcker
2611 2013 2795 2059 naem,
2831 2014 2978 2061 daer
3015 2012 3162 2060 door
3198 2009 3325 2056 mee

963 2102 1197 2153 andere
1235 2096 1548 2147 gesmede,
1587 2093 1743 2141 ende
1782 2092 1938 2138 noch
1976 2090 2133 2136 voor
2172 2090 2251 2136 te
2289 2092 2485 2139 nemen
2523 2095 2913 2143 attentaten
2952 2091 3226 2142 (siende

960 2177 1292 2232 d'sobere
1333 2171 1665 2222 effecten
1706 2169 1831 2215 der
1872 2169 2162 2218 selver)
2202 2171 2535 2216 geweert,
2576 2172 2742 2220 voor
2783 2175 2867 2221 d'
2907 2176 2991 2222 E.
3031 2170 3280 2220 Comp=e

960 2259 1409 2313 uijtgewrocht
1446 2257 1559 2303 sal
1596 2253 1784 2302 sijn,
1821 2251 1896 2297 te
1933 2250 2009 2296 Is
2044 2251 2196 2298 oock
2232 2254 2345 2301 wel
2382 2256 2682 2303 apparent
2720 2256 2870 2303 onse
2906 2252 3244 2302 gevejnsde

958 2342 1252 2393 vrunden
1294 2332 1755 2387 d'Engeschen
1796 2331 1965 2378 door
2007 2333 2132 2378 dit
2174 2333 2552 2382 gewenscht
2593 2335 2803 2381 geval
2845 2333 3264 2381 d'vruchten

954 2424 1176 2475 harer
1218 2416 1708 2468 aenhalingen
1751 2414 1885 2461 van
1928 2414 2283 2462 Chimanna
2327 2417 2505 2464 ende
2549 2414 2948 2462 d'sijnen,
2993 2415 3303 2460 namentl

957 2497 1113 2545 vele
1150 2488 1499 2541 onlusten,
1536 2484 1731 2533 eenig
1769 2483 2233 2531 Imbruljeerde
2271 2486 2542 2533 reecken
2580 2488 2735 2534 ende
2773 2489 2967 2536 quade
3005 2491 3325 2538 schulden

963 2571 1123 2619 ende
1163 2567 1361 2616 sulcx
1400 2557 1719 2611 d'rechte
1758 2553 2117 2601 beloninge
2156 2557 2276 2604 van
2314 2560 2831 2609 voorverhaelde
2871 2563 3308 2610 machniatien

962 2647 1086 2698 ten
1124 2635 1531 2691 uijtersten
1570 2631 1693 2679 met
1733 2630 1895 2676 raet
1935 2629 2097 2675 ende
2138 2629 2302 2678 daet
2339 2635 2583 2683 gevoet
2623 2637 2786 2683 ende
2826 2639 3313 2687 aengestoockt

952 2733 1028 2782 te
1063 2722 1321 2775 hebben,
1356 2714 1689 2766 erlangen,
1725 2712 1799 2759 en
1835 2710 1982 2756 sijn
2018 2709 2204 2756 inden
2239 2712 2351 2760 put
2386 2716 2534 2764 voor
2570 2719 2680 2766 ons
2717 2721 3048 2770 gegraven,
3084 2724 3305 2771 selffs

953 2807 1309 2862 geraecken
1347 2800 1624 2851 sullen,
1662 2798 1742 2844 't
1779 2794 2096 2843 vrichten
2135 2795 2254 2842 van
2293 2798 2569 2845 gemelte
2608 2801 2884 2849 vrunden
2923 2803 3002 2849 in
3041 2798 3320 2847 Negotie

966 2886 1148 2939 (daer
1183 2881 1365 2929 onder
1400 2880 1509 2926 wel
1545 2880 1617 2925 't
1653 2880 2121 2928 prinsipaelste
2157 2882 2302 2928 uijt
2338 2882 2843 2931 particulieren)
2878 2886 2951 2932 Is
2986 2884 3059 2931 't
3094 2878 3311 2928 sedert

965 2959 1235 3014 mijnen
1279 2954 1640 3003 Jongsten
1685 2955 1821 3000 aen
1866 2954 2046 3000 UEd:
2091 2953 2272 3000 door
2316 2956 2676 3003 terdance
2721 2956 2902 3003 ende
2945 2953 3307 3003 mancquem

965 3042 1093 3091 van
1133 3036 1262 3087 hun
1302 3033 1472 3081 over
1514 3031 1726 3078 langh
1768 3027 2148 3075 verwachte
2189 3028 2527 3076 secours,
2570 3031 2697 3077 van
2738 3032 2866 3078 soo
2904 3030 3246 3080 weijnige

973 3114 1494 3173 Consideratie
1536 3106 1884 3157 geweest,
1926 3103 2057 3149 dat
2100 3102 2274 3149 geen
2317 3105 2620 3151 verhael
2664 3106 3056 3155 meriteert

745 3270 920 3323 Ende
961 3259 1136 3312 naer
1178 3252 1354 3303 dien
1396 3248 1571 3296 uEd:
1614 3244 1789 3293 uijt
1829 3240 1919 3288 't
1962 3237 2747 3285 voorgementioneerde
2789 3241 2919 3287 den
2962 3233 3313 3287 toestant

965 3338 1168 3388 deser
1207 3332 1411 3381 Custe
1448 3328 1573 3376 ten
1612 3322 2018 3372 principale
2058 3320 2585 3367 gedeclareert,
2626 3318 2788 3365 ende
2827 3316 2950 3363 mij
2989 3305 3315 3361 apresent

968 3418 1138 3469 geen
1180 3413 1433 3462 verder
1475 3407 1771 3458 Materie
1813 3404 1941 3451 ten
1982 3400 2278 3447 dienste
2320 3398 2574 3445 nodich
2614 3393 3081 3441 occumerende
3121 3391 3209 3439 Is

959 3497 1076 3546 sal
1114 3486 1462 3540 eijndigen
1499 3477 1694 3529 ende.

1012 3756 1237 3819 Ed=le
1277 3745 1637 3799 Erntfest
1682 3743 2039 3789 manhafte
2082 3740 2485 3788 welwijse,
2529 3740 3065 3789 voorsienige,
3109 3740 3290 3789 ende

940 3845 1132 3896 „seer
1167 3839 1476 3889 discrete
1512 3835 1783 3884 heeren,
1820 3834 1974 3881 uEd:
2011 3834 2165 3881 naer
2202 3832 2395 3879 mijne
2433 3829 2778 3877 schuldige
2815 3828 3161 3877 eerbiede,
3199 3827 3315 3877 etc

2399 3929 2504 3976 was
2537 3921 2887 3973 geteeckent

2307 4078 2604 4130 Arnold
2653 4074 3002 4123 Heussen

980 4149 1119 4201 Int
1163 4137 1482 4193 Casteel
1524 4133 1798 4181 geldra

892 4254 1038 4301 adij
1073 4249 1258 4299 sul„o
1291 4244 1477 4294 feb„r
1509 4237 1623 4290 A„o
1658 4230 1842 4280 1646.

2388 3624 2658 3682 Hier
2720 3620 2989 3669 mede
