3485 4712
1018 775 1185 835 7.

1473 1149 1710 1197 werden,
1743 1152 2147 1200 alsoodanigen
2179 1154 2449 1201 versoeck
2481 1155 2584 1201 als
2615 1157 2717 1204 sij
2747 1153 3120 1201 Supplianten

1511 1230 1618 1275 ter
1652 1231 1901 1279 eerster
1935 1234 2255 1286 instantie
2290 1242 2397 1290 aen
2431 1244 2503 1290 d'
2537 1244 2609 1290 E.
2644 1245 2786 1292 heer
2820 1246 3182 1295 Gouverneur

1456 1319 1768 1367 Generael
1805 1322 2116 1370 Cornelis
2153 1326 2386 1376 vander
2424 1331 2580 1379 lijn
2618 1333 2773 1378 ende
2812 1332 3006 1379 Raden
3042 1332 3160 1380 van

1508 1400 1680 1454 Jndia
1714 1409 1819 1456 bij
1852 1413 2127 1458 Requeste
2161 1413 2403 1463 gedaen,
2436 1418 2574 1464 ende
2608 1418 2952 1464 mondelinge
2987 1419 3296 1465 apostille

1507 1493 1775 1541 becomen
1812 1494 2080 1544 hebben,
2118 1499 2233 1546 dat
2271 1501 2424 1549 haer
2461 1504 2538 1550 E.
2576 1504 2729 1553 daer
2767 1508 2921 1555 over
2958 1510 3073 1556 aen
3110 1510 3150 1556 u
3187 1509 3265 1556 E.

1512 1576 1678 1628 naer
1716 1582 2084 1630 exigentie
2124 1585 2368 1637 vander
2409 1592 2856 1639 Supplianten
2897 1594 3101 1641 stant
3141 1597 3306 1647 ende

1486 1672 1953 1723 gelegentheijt
1988 1679 2203 1726 souden
2238 1681 2598 1728 relateren,
2633 1683 2776 1729 ende
2812 1680 3100 1728 daerinne
3134 1682 3315 1731 doen,

1480 1764 1599 1811 dat
1637 1767 1754 1814 wel
1792 1768 2026 1813 gedaen
2064 1768 2260 1814 soude
2298 1767 2611 1814 behooren
2649 1767 2884 1815 geacht
2921 1772 3000 1817 te
3038 1773 3316 1826 worden,

1498 1850 1571 1896 op
1605 1852 1786 1899 welck
1821 1854 1929 1901 dan
1964 1856 2036 1901 de
2072 1856 2466 1904 Supplianten
2502 1859 2646 1905 niet
2681 1860 2755 1907 en
2789 1864 3148 1911 twijffelen

1490 1942 1628 1989 ofte
1661 1943 1765 1988 sal
1798 1944 1867 1990 't
1901 1945 2311 1994 voorschreven
2345 1950 2482 1997 haer
2515 1952 2960 2000 overhandichde
2994 1953 3235 2001 request

1499 2029 1835 2078 origineel
1871 2033 2022 2080 ofte
2058 2036 2245 2084 Copie
2282 2039 2544 2088 vandien
2579 2043 2618 2089 u
2655 2043 2729 2088 E:
2767 2043 2879 2088 per
2916 2041 3177 2089 missive

1487 2118 1602 2165 van
1640 2117 1755 2164 wel
1793 2117 2060 2164 gemelte
2098 2119 2252 2168 haer
2289 2124 2329 2171 E
2365 2127 2481 2174 toe
2517 2130 2863 2178 gesonden,
2899 2134 3052 2180 ende
3090 2134 3319 2182 recom„

1495 2201 1815 2251 mandatie
1853 2208 1973 2257 tot
2011 2212 2409 2265 gewenschte
2448 2221 2726 2268 obtinue
2765 2223 2885 2270 van
2924 2224 3043 2272 hun
3083 2226 3325 2274 suppli

1484 2293 1709 2344 antens
1744 2294 2003 2347 dessain
2039 2303 2224 2351 gedan
2260 2306 2519 2354 werden,
2555 2309 2887 2361 bestaende
2923 2317 3035 2364 dan
3067 2313 3219 2365 der—

1486 2383 1898 2434 supplianten
1934 2390 2420 2443 reverentelijc
2457 2398 2793 2450 versoeck,
2830 2405 3055 2455 nevens
3091 2409 3282 2467 inge„

1476 2471 1773 2524 willicht
1809 2479 1885 2525 te
1920 2481 2181 2530 werden,
2216 2486 2439 2532 'tgunt
2476 2487 2587 2533 sij
2624 2487 2736 2533 bij
2772 2489 2884 2537 den
2920 2491 3143 2539 voorsz

1468 2556 1776 2607 requeste
1814 2563 2046 2613 hadden
2083 2570 2429 2619 versocht,
2467 2574 2622 2620 Noch
2659 2577 3006 2627 soodanige
3043 2583 3315 2640 favora„

1473 2643 1910 2693 blemiddelen
1950 2648 2069 2694 tot
2108 2649 2428 2700 amimatie
2466 2657 2626 2706 ende
2665 2662 3222 2714 ademscheppinge

1469 2734 1581 2779 der
1619 2732 1956 2780 burgerije
1992 2735 2067 2781 te
2104 2736 2293 2786 mogen
2329 2742 2592 2794 geraemt
2628 2750 2780 2801 ende
2815 2758 2928 2806 toe
2965 2762 3230 2811 gestaen

1452 2827 1737 2875 werden,
1775 2829 1900 2876 als
1938 2831 2103 2882 haer
2143 2838 2225 2883 E.
2264 2839 2427 2889 naer
2467 2844 2956 2898 Vaderlijcke,
2996 2854 3164 2901 ende

1461 2922 1822 2970 aengeboren
1858 2926 2184 2976 discretie
2218 2932 2437 2984 sullen
2471 2942 2759 2989 bevinden
2795 2944 2867 2989 te
2904 2944 3228 2997 behooren,

1472 3016 1629 3064 mits
1667 3020 1745 3065 de
1783 3020 2213 3072 Supplianten
2250 3028 2329 3073 u.
2366 3030 2444 3076 E.
2483 3031 2600 3079 met
2638 3034 3145 3087 Christelijcke
3182 3043 3299 3094 in„

1473 3102 1695 3156 tentie
1730 3112 1841 3161 van
1877 3117 2061 3167 woort
2097 3122 2245 3169 ende
2280 3124 2575 3172 beloften
2611 3128 2685 3174 te
2721 3130 2941 3177 houden
2978 3129 3308 3176 assureren

1464 3198 1608 3245 ende
1644 3200 2042 3255 onfeijlbaer
2077 3210 2476 3270 versekeren,
2509 3227 2618 3273 dat
2654 3229 2762 3275 bij
2796 3227 2906 3275 het
2942 3221 3304 3272 inwilligen

1456 3297 1581 3345 van
1621 3300 2117 3354 meergenoemde
2157 3310 2283 3361 hun
2321 3319 2651 3375 versoeck
2692 3330 2775 3376 d'
2815 3331 2898 3376 E.
2939 3328 3334 3376 Compagnie

1464 3388 1620 3439 niet
1658 3395 1892 3448 anders
1929 3406 2045 3453 als
2084 3408 2394 3460 voordeel
2431 3417 2587 3464 ende
2625 3420 2973 3470 geensints
3012 3425 3246 3474 hinder

1462 3484 1631 3531 ofte
1671 3487 1925 3538 nadeel
1965 3495 2092 3545 toe
2133 3500 2219 3547 te
2259 3504 2470 3554 comen
2510 3511 2763 3561 staet,
2804 3517 2974 3565 waer
3014 3522 3142 3569 toe
3181 3525 3266 3571 de

1480 3580 1893 3644 supplianten
1930 3600 2042 3647 als
2079 3602 2192 3651 aen
2229 3606 2341 3653 het
2379 3608 2605 3660 gemeen
2639 3615 2866 3662 voor't
2902 3614 3317 3663 particulier

1465 3688 1825 3746 verplicht
1864 3699 2187 3752 wetende,
2225 3708 2385 3756 alle
2425 3708 2626 3756 hunne
2665 3707 3026 3757 debvoiren
3065 3703 3307 3755 sullen

1444 3784 1769 3834 dirigeren
1803 3790 1948 3837 ende
1982 3794 2342 3849 aenwenden,
2376 3805 2521 3855 ende
2555 3808 2879 3855 soodanich
2915 3803 3316 3853 submitteren

1444 3891 1697 3939 datmen
1738 3891 1865 3937 hun
1906 3892 2033 3939 den
2074 3894 2287 3943 Zegen
2327 3901 2454 3949 des
2495 3900 3084 3954 Alderhoochsten
3125 3900 3295 3948 over

1448 3987 1568 4035 hun
1606 3991 2083 4046 Christelijck
2122 4001 2480 4051 voornemen
2519 4006 2679 4055 niet
2718 4012 2837 4059 sal
2875 4010 3115 4060 hebben
3153 4002 3234 4053 te

1982 529 2111 575 Cavun
2135 527 2317 574 Millime
2343 527 2446 572 door
2472 527 2549 573 den
2575 528 2653 573 Er.
2678 526 2910 573 directeur
2935 528 3065 576 Arent

2980 4095 3276 4150 benijden
