3328 4828
2283 880 2477 930 1089

313 2111 458 2163 Alle
493 2108 566 2155 de
601 2090 1036 2151 gevraechdens
1071 2090 1180 2135 van

293 1061 360 1107 d'
390 1046 794 1108 gevraechders
826 1041 927 1090 van
960 1041 1029 1089 d'
1059 1044 1161 1091 Eo:
1192 1040 1428 1088 davidt,
1460 1034 1662 1084 seggen
1695 1033 1762 1078 d'
1795 1033 2129 1087 Engelschen
2162 1039 2264 1087 des
2295 1043 2496 1095 avonts

357 1137 510 1197 haer
546 1131 806 1181 anckers
841 1128 1065 1176 gecapt
1102 1127 1362 1174 hebben,
1397 1124 1546 1173 ende
1583 1121 1694 1169 sij
1727 1112 1953 1166 (alsoo
1990 1111 2138 1157 haer
2175 1112 2436 1166 anckers

318 1216 586 1275 sochten
621 1213 698 1259 te
735 1212 996 1264 bergen,
1032 1210 1145 1258 des
1182 1210 1444 1260 morgens
1481 1215 1780 1263 gevolcht
1815 1208 1966 1257 syn,
2003 1208 2154 1256 naer
2190 1211 2304 1257 dat
2339 1214 2416 1264 sy

330 1320 597 1377 evenwel
634 1317 748 1364 des
785 1310 1012 1361 nachts
1049 1310 1200 1358 haer
1237 1309 1351 1356 een
1388 1307 1615 1353 ancker
1652 1304 1881 1352 hadden
1914 1306 2106 1353 laten
2143 1307 2411 1365 stippen

316 1412 454 1459 ende
487 1410 729 1458 t'ander
763 1405 1003 1455 gecapt,
1036 1395 1277 1448 vermits
1311 1395 1346 1440 t
1380 1395 1553 1445 Schip
1586 1402 1758 1448 Banda
1791 1403 1929 1449 ende
1963 1402 2306 1449 d'Oliphant
2340 1401 2546 1449 voorde

362 1510 542 1562 boech
576 1507 790 1556 quamen
824 1502 1110 1552 drijven,
1145 1498 1217 1546 de
1248 1493 1429 1539 namen
1463 1491 1571 1538 der
1607 1492 1856 1542 Schepen
1890 1497 2033 1543 sijn
2066 1494 2211 1543 haer
2245 1493 2572 1545 onbekent,

618 1792 721 1847 4

268 2192 529 2243 Oliphant
561 2190 692 2236 ende
724 2181 953 2235 davidt,
985 2172 1313 2222 antwoorden

305 2365 656 2424 anckers
696 2355 804 2404 te
848 2349 1154 2398 cappen

286 2279 365 2328 om
401 2273 520 2324 dat
558 2268 714 2315 niet
750 2260 1022 2314 geraden
1060 2258 1295 2308 vonden
1330 2267 1485 2327 haer
1516 2261 1793 2322 Schepen
1832 2255 1987 2306 hare
2017 2243 2334 2298 voijagie

1498 3031 1620 3079 wat
1660 3034 1942 3081 redenen
1978 3030 2142 3081 haer
2176 3022 2544 3075 gemoveert

1426 3121 1687 3173 hebben
1728 3114 1860 3165 aen
1903 3107 2034 3158 het
2073 3098 2380 3147 Eylandt
2423 3087 2511 3143 Sr

313 3143 424 3192 den
458 3129 790 3186 Schipper,
825 3124 1083 3174 Coopman
1117 3114 1265 3167 ende

1492 3206 1653 3256 Jago
1692 3206 1813 3253 aen
1852 3202 1933 3250 te
1966 3190 2213 3244 lopen,
2252 3189 2535 3238 dewijle

307 3215 816 3278 opperstuijrman,
849 3206 1121 3260 geweesen
1152 3196 1358 3249 raetsl

1397 3303 1462 3350 in
1493 3296 1685 3347 duijns
1713 3290 1876 3341 reede
1905 3284 2003 3334 soo
2032 3279 2194 3327 lange
2225 3282 2544 3331 ververscht

275 3316 345 3366 op
376 3311 477 3360 den
508 3301 810 3355 Oliphant,
842 3294 1143 3344 verclaren
1175 3295 1277 3343 aen

293 3402 365 3448 Sr
397 3399 541 3448 Cago
567 3387 930 3444 aengelopen
964 3385 1107 3432 sijn
1140 3383 1213 3428 om
1247 3378 1320 3427 te

1398 3407 1541 3458 ende
1575 3404 1717 3452 tijt
1750 3401 1858 3450 als
1890 3388 2349 3443 gelegentheijt
2384 3390 2490 3437 ten

330 3488 781 3549 verversschen,
815 3485 850 3531 &
883 3479 987 3528 als
1022 3470 1160 3524 haer
1193 3465 1367 3513 water

1404 3494 1860 3551 overvloede
1904 3484 2178 3537 gehadt
2222 3481 2496 3530 hebben

290 3580 589 3633 ingenomen
621 3576 821 3624 souden
853 3569 1087 3619 hebben,
1116 3559 1318 3612 alsdan

1401 3595 1573 3644 omme
1616 3593 1745 3640 hun
1786 3580 2044 3637 ledige
2086 3569 2301 3624 vaten
2337 3559 2429 3611 te

295 3674 357 3719 de
388 3669 513 3718 Cabo
543 3665 669 3713 voor
699 3663 793 3709 bij
823 3661 949 3708 ende
978 3660 1011 3706 a
1041 3655 1365 3704 droticture

1405 3687 1631 3737 connen
1665 3682 1891 3732 vollen

287 3754 437 3802 hare
474 3748 699 3798 reijse
735 3745 886 3792 naer
920 3739 1110 3789 Bat=a
1146 3736 1224 3783 te

260 3849 668 3901 vervorderen,
700 3840 837 3892 ende
870 3829 1074 3882 aldaer
1106 3823 1243 3872 alle
1276 3820 1412 3868 hare

255 3944 423 3993 vaten
456 3942 556 3990 tot
588 3938 689 3986 des
720 3928 854 3981 Cocx
883 3917 1053 3971 ketel
1083 3909 1351 3961 incluijs
1383 3907 1484 3953 met
1515 3903 1683 3952 water
1714 3894 1915 3945 gevult
1946 3888 2180 3937 hebben/

306 4078 372 4125 de
401 4067 630 4120 vorders
662 4061 888 4112 scheeps
920 4057 1244 4106 officieren
1275 4054 1470 4106 seggen
1499 4049 1566 4096 t'
1598 4042 1761 4093 selve
1790 4037 1954 4085 alsoo
1985 4034 2051 4081 te
2083 4033 2245 4082 sijn,
2276 4033 2503 4080 excepto

331 4157 716 4212 d'Resolutie
748 4152 960 4202 vanden
995 4149 1134 4196 Raat
1167 4143 1309 4193 daer
1342 4137 1482 4187 geen
1516 4132 1796 4181 kennisse
1829 4129 1935 4175 van
1970 4129 2179 4177 hebben

1319 3297 1361 3343 3

1435 2012 1575 2070 Ent
1619 1987 2037 2051 d'oorsake
2083 1984 2177 2031 sy
2222 1973 2549 2028 geweest

1439 2086 1540 2135 dat
1572 2084 1640 2131 sy
1672 2075 2106 2131 gevraechders,
2139 2072 2274 2120 niet
2305 2068 2407 2115 soo
2440 2067 2547 2113 wel

1438 2182 1581 2238 als
1620 2162 2046 2226 voorseyde
2092 2150 2515 2207 Engelsche

1408 2356 1817 2419 herrewaerts
1852 2349 1965 2399 aen
1999 2341 2223 2392 hebben
2259 2336 2481 2385 connen

1433 2453 1775 2515 spoedigen,

1928 1701 2070 1758 4

2143 4295 2220 4345 De
2256 4291 2556 4343 Schipper

116 3963 168 4015 t

2726 3701 2743 3746 .

2760 3480 2841 3692 Devind

2728 4356 2788 4416 100
