3458 4917
419 929 560 978 1046
594 926 630 973 a
664 924 841 972 1055.
876 922 1158 969 Papieren
1192 924 1616 972 betrekkelijk
1649 927 1721 973 de
1755 925 2214 973 verongeluckte
2249 929 2495 977 schepen
2529 929 2601 976 de

702 1004 1077 1057 schelvisch
1114 1004 1189 1050 en
1225 1005 1301 1051 de
1338 1007 1600 1057 Tonijn.

2653 1052 2724 1098 ter
2747 1049 3005 1096 opperhoorft

404 1101 557 1157 1056
594 1100 633 1146 —
667 1085 1012 1146 Originele
1050 1085 1771 1138 kerckenraetsmissive
1809 1092 1885 1137 in
1923 1090 2075 1138 dato
2113 1091 2189 1137 20
2225 1091 2379 1137 Dec.
2416 1090 2631 1136 1646.

2734 1106 2754 1151 -

2669 1155 2759 1202 als
2788 1155 2967 1205 vooren

400 1181 560 1235 1057
599 1180 642 1228 —
668 1170 955 1231 Extract
993 1167 1154 1213 uijt
1193 1167 1273 1212 t'
1312 1168 1829 1218 placcaetboeck
1868 1172 1988 1218 der
2027 1169 2226 1216 stede
2265 1168 2586 1217 Batavia.

397 1268 534 1324 1050
566 1264 600 1310 a
629 1254 800 1311 1068.
831 1249 1165 1298 Inventaris
1198 1250 1298 1295 der
1331 1250 1600 1299 nagelate
1627 1253 1899 1301 goederen
1930 1256 2031 1302 van
2064 1253 2332 1301 Cornelis
2365 1253 2599 1302 Witsen,
2627 1262 2702 1322 en
2723 1281 2827 1329 van
2860 1282 2997 1333 tzun

718 1335 839 1381 raat
868 1329 1287 1379 extra-ordinary
1316 1331 1406 1376 van
1436 1331 1616 1379 India,
1645 1335 1795 1380 gouv.
1824 1335 1854 1380 r
1884 1335 2004 1381 ende
2033 1336 2243 1382 direct:
2273 1337 2302 1382 r
2332 1336 2452 1382 over
2482 1335 2661 1381 Banda.

2652 1400 2819 1447 daen,
2851 1398 2923 1445 de

386 1437 527 1489 1069
559 1432 597 1479 a
629 1422 807 1475 10%0.
841 1414 1123 1465 Register
1157 1412 1263 1459 van
1298 1412 1720 1464 guarnisoens,
1754 1418 1931 1464 logie
1965 1419 2106 1465 ende
2141 1417 2639 1474 scheepssoldij„

699 1498 974 1546 boucken,
1007 1495 1420 1542 reeckeninghe
1454 1496 1558 1543 der
1592 1499 1935 1546 overledene
1970 1499 2279 1546 persoonen
2313 1500 2416 1545 ek.
2450 1498 2624 1546 gedi„

2648 1512 2924 1569 endinghre

713 1580 1020 1627 rigeert
1064 1579 1195 1625 nae
1239 1576 1677 1624 Amsterdam.

2666 1634 3025 1684 09716:19:7

390 1676 539 1724 1071
574 1677 614 1724 a
649 1671 836 1723 1074.
872 1668 1058 1715 Ordre
1093 1664 1243 1712 ende
1280 1661 1651 1708 instructie
1688 1661 1838 1710 voor
1873 1666 2170 1714 Jeremias
2207 1669 2319 1715 van
2355 1668 2619 1717 Vlieth,

726 1750 1189 1802 commandeur
1235 1747 1374 1794 van
1417 1745 1513 1792 de
1558 1745 2210 1797 retourschepen.

394 1844 514 1894 1075
541 1841 573 1887 a
600 1834 751 1885 1080-
781 1833 959 1879 Lijste
988 1831 1078 1877 van
1107 1830 1226 1876 alle
1256 1830 1702 1877 gequalifiseerde
1731 1831 1999 1877 persoonen
2028 1831 2177 1877 onder
2205 1831 2266 1877 de
2295 1832 2355 1877 O.
2384 1831 2445 1877 I.
2471 1829 2623 1878 Comp.
2650 1828 2686 1877 e
2710 1836 2740 1881 „
2769 1836 2978 1887 Firando

395 1929 546 1978 1081
581 1925 621 1972 —
658 1913 1036 1967 Attestatie
1072 1912 1186 1959 ten
1224 1914 1563 1961 versoecke
1600 1916 1713 1961 van
1751 1916 1827 1961 d'
1864 1916 1940 1962 E.
1974 1913 2203 1963 Arnold
2241 1912 2316 1958 de
2352 1905 2658 1956 Vlamingh

2655 1941 2902 1991 vorderen

667 2001 772 2047 van
807 1996 1158 2046 Oudtshoorn
1193 1996 1333 2042 door
1368 1995 1474 2041 den
1509 1995 1895 2043 kerckenraet
1929 1998 2001 2044 op
2033 1998 2280 2046 Batavia
2315 1993 2633 2043 verleent.

2655 2049 2757 2095 syo
2790 2047 2928 2094 door

391 2088 542 2138 1082
579 2086 618 2132 a
653 2082 843 2129 1084.
879 2081 1030 2126 Twee
1066 2079 1406 2126 requesten
1443 2079 1594 2125 voor
1631 2081 1707 2127 de
1743 2082 2007 2128 burgers
2044 2081 2157 2126 van
2194 2081 2495 2129 Batavia.

397 2171 520 2222 1085
549 2169 581 2215 a
610 2164 766 2212 1086.
796 2164 1072 2210 Originele
1103 2165 1318 2212 missive
1349 2166 1441 2211 van
1471 2166 1533 2211 J.
1564 2166 1625 2211 R.
1655 2166 1748 2212 van
1778 2167 2024 2213 Deutecum
2055 2167 2116 2212 in
2147 2166 2270 2212 dato
2301 2165 2362 2210 15
2392 2164 2485 2210 Jan
2515 2165 2669 2212 1687.

388 2247 548 2299 1087
585 2249 627 2297 —
660 2250 859 2300 Copie
898 2249 1172 2294 missive
1211 2249 1329 2296 van
1366 2251 1446 2297 v.
1485 2252 1798 2299 Deutecum
1837 2254 1915 2299 in
1953 2252 2111 2299 dato
2148 2249 2189 2296 6
2227 2245 2384 2292 Oct.
2423 2243 2620 2291 1646.

2655 2270 2826 2329 Inden
2855 2280 2970 2330 _:o

380 2333 525 2381 1088
561 2332 598 2378 a
634 2333 815 2379 1093.
852 2333 1142 2379 Papieren
1178 2334 1614 2382 betrekkelijk
1648 2336 1723 2382 de
1758 2336 2013 2383 schepen
2049 2336 2158 2382 den
2194 2337 2485 2384 Oliphant
2519 2335 2666 2382 ende

2655 2391 2801 2438 hadde
2830 2392 3008 2443 connen

713 2418 803 2465 d:
847 2418 1163 2466 Coninck
1205 2419 1477 2466 Davidt

394 2499 541 2550 1094
574 2499 614 2549 —
647 2500 978 2550 Sommarium
1014 2501 1124 2546 der
1160 2501 1490 2553 ontvangen
1525 2508 2074 2560 coopmanschappen
2110 2515 2184 2561 22
2218 2515 2366 2561 Dec.
2402 2511 2586 2560 1646.
2620 2504 2768 2555 vrat
2804 2501 3024 2552 diende

381 2590 614 2642 1095

2137 2594 2196 2641 „
2252 2588 2428 2638 met
2479 2586 2611 2635 de

1390 2595 1498 2649 „

1749 2605 1820 2651 „

2671 2615 2884 2666 eijse

634 2670 879 2717 schepen
912 2670 1226 2720 Seelandia
1261 2675 1400 2721 ende
1435 2676 1504 2721 de
1539 2675 1852 2722 Provinsie
1886 2677 1957 2723 in
1991 2679 2130 2725 dato
2165 2680 2234 2725 22
2269 2678 2409 2725 Dec.
2443 2674 2617 2722 1646.

897 2756 1099 2803 Cabo
1149 2759 1251 2805 de
1300 2760 1451 2806 Boa
1502 2757 2006 2806 Esperance.

2008 2761 2026 2806 ƒ

2449 2766 2499 2813 „

2654 2780 2824 2828 uijgh
2857 2783 2926 2830 om

377 2843 521 2891 1096
556 2841 593 2887 a
628 2840 807 2888 1097.
842 2841 1165 2888 Originele
1200 2842 1451 2888 missive
1486 2842 1594 2888 van
1630 2841 1916 2888 Leendert
1952 2841 2168 2889 Jansz.
2203 2845 2310 2890 uit
2346 2845 2632 2894 veronge„

2663 2886 2937 2934 saem

590 2917 845 2972 luchte
888 2927 1100 2972 schip
1142 2924 1440 2971 Haerlem
1475 2924 1822 2972 sittende
1864 2926 1949 2971 op
1991 2926 2119 2971 een
2161 2916 2629 2972 santstrandt

2661 2991 2754 3042 den
2778 2997 2900 3044 uijt
2928 2995 2991 3042 de

667 3008 862 3056 jegen
901 3007 1057 3053 over
1096 3006 1174 3052 de
1213 3005 1602 3056 Tafelbaij,
1640 3011 1718 3056 in
1757 3010 1913 3056 dato
1951 3010 1990 3056 6
2029 3011 2224 3057 April
2262 3008 2459 3056 1647.

377 3099 529 3149 1098
565 3098 603 3143 —
640 3097 826 3144 Rolle
861 3095 974 3142 van
1011 3095 1086 3140 de
1123 3095 1495 3141 persoonen,
1531 3094 1643 3141 die
1680 3096 1792 3142 den
1829 3097 1979 3144 lant
2014 3099 2238 3145 zullen
2274 3098 2683 3145 verblijven.
2719 3095 2907 3141 waren

2669 3209 3011 3259 herwaerts

2670 3475 2752 3521 ons
2779 3475 2861 3521 tot
2886 3474 2942 3521 d'
2968 3473 3027 3520 op

2649 3588 2799 3637 noch
2832 3582 2986 3633 geen

2660 4111 2804 4159 den,
2838 4103 3090 4154 'twelck

2660 3905 2800 3953 heeft
2828 3905 3025 3953 becomen

2658 4007 2812 4054 esen
2849 4003 2968 4051 zal

2683 3801 2792 3847 off
2828 3800 2977 3851 niet

1606 491 1995 545 Journaelse
2033 491 2657 542 aenteijckeninghe
2696 493 2854 542 vand

1602 613 2034 665 gepasseerde
2074 613 2427 659 aengaende
2466 613 2821 665 s'Comp=es

1603 737 2256 785 aeleaentheijt
2306 737 2407 783 In
2457 738 2721 784 Javan

275 376 350 422 ao
387 374 536 420 1645
571 371 648 418 In
681 351 1205 413 Trangasackij/.

145 1162 219 1218 pril

164 2173 185 2218 .

115 2348 198 2394 k

63 2428 243 2487 trans„

162 3619 178 3664 k

140 3951 209 3998 en

0 4030 85 4077 pril
106 4027 214 4074 1646.

107 4522 163 4568 en

2664 4337 3005 4388 soect/.

2653 3679 2901 3730 tolck

2746 306 2907 358 628
