3792 4712
1599 889 1673 935 aan
1697 889 1770 934 den
1794 890 2036 939 winckelier
2060 892 2257 939 incolaas
2278 895 2400 946 paars
2423 902 2522 950 over
2545 906 2740 958 dwversch
2763 913 2788 959 s
2811 914 3055 969 verstrecte
3078 925 3299 980 goederen,

1692 980 1765 1029 tot
1787 985 1858 1032 den
1881 987 2071 1036 uytvaart
2093 991 2212 1036 wegen
2235 992 2305 1037 zyn
2329 992 2377 1038 E.
2400 993 2731 1045 begraaffenisse
2753 1001 2919 1053 gedaan,
2941 1009 3108 1059 breeder
3129 1015 3324 1068 blijcken

1688 1078 1735 1126 bi
1756 1076 1801 1121 de
1822 1077 1953 1123 Reecq.
1975 1078 1998 1123 e
2019 1079 2106 1124 daar
2128 1079 2195 1124 van
2216 1080 2326 1126 zinde
2347 1081 2369 1126 -
2391 1081 2413 1126 -
2434 1082 2458 1128 -
2478 1084 2500 1129 -
2522 1084 2545 1129 -
2566 1085 2588 1130 -
2609 1085 2634 1132 -
2653 1089 2675 1134 -
2696 1089 2720 1135 -
2740 1091 2764 1137 -
2784 1093 2807 1139 -
2828 1095 2851 1140 -
2871 1096 2896 1142 -
2915 1099 2939 1145 -
2959 1101 2982 1147 -
3002 1102 3027 1149 -
3046 1105 3070 1152 -
3089 1108 3114 1154 -
3133 1111 3159 1157 -
3176 1115 3204 1162 -
3219 1120 3266 1169 -.
3285 1126 3310 1172 r

3312 1128 3542 1180 1092„6

1597 1169 1670 1216 aan
1694 1167 1743 1213 d'
1766 1167 1817 1214 E.
1838 1171 2055 1218 president
2079 1173 2152 1218 Jan
2176 1173 2346 1222 Simonsz
2367 1177 2465 1224 over
2489 1179 2538 1225 so
2560 1180 2658 1229 veel
2681 1185 2923 1240 petronella
2945 1196 3188 1252 wonderaars
3208 1209 3243 1259 —

1691 1261 1896 1308 huysvrou
1922 1263 2077 1309 vanden
2102 1264 2155 1309 H.
2178 1266 2207 1312 r
2229 1269 2488 1323 Ontfanger,
2512 1279 2641 1327 Seald
2666 1283 2899 1334 wondenaar
2923 1290 2978 1339 p.
2999 1297 3027 1343 r
3050 1300 3234 1358 missive
3254 1317 3288 1366 —

1696 1352 1745 1399 de
1766 1354 1816 1400 H.
1839 1355 1864 1401 r
1886 1357 2029 1402 Gouv:r
2052 1356 2196 1403 witsen
2219 1358 2459 1411 aanschreef
2481 1367 2553 1416 aan
2576 1372 2745 1424 gemelte
2766 1380 2982 1437 president
3004 1393 3054 1441 te
3075 1398 3245 1455 betalen
3265 1412 3314 1459 —„

3378 1422 3507 1470 25„

1594 1455 1672 1501 aan
1697 1452 1750 1499 de
1774 1448 1958 1496 boedels
1984 1449 2062 1494 van
2088 1448 2245 1495 harman
2269 1451 2349 1498 van
2373 1454 2557 1510 Staden,
2580 1466 2687 1517 ende
2710 1474 2894 1527 adriaan
2918 1483 3206 1539 Suybrechtsz
3230 1495 3310 1544 van

1680 1538 1993 1588 Brandenb.
2028 1539 2063 1584 .
2097 1539 2445 1593 spruytende
2479 1549 2618 1599 over
2652 1554 2931 1608 gecochte
2964 1564 3314 1632 goederen-„

3371 1599 3537 1646 95„-

1595 1629 1671 1677 Aan
1694 1627 1797 1674 Cap.
1820 1630 1872 1676 tn
1895 1632 2070 1679 fredric
2094 1635 2370 1686 Gommersdorp
2393 1642 2494 1689 over
2518 1644 2593 1690 een
2618 1645 2719 1693 roer
2743 1649 2818 1695 dat
2842 1651 2944 1700 door
2967 1656 3094 1708 ordre
3116 1664 3193 1712 van
3216 1668 3295 1719 zyn

1702 1719 1748 1764 E.
1771 1719 1865 1766 zal.
1887 1722 1911 1767 r
1934 1722 2004 1767 een
2027 1722 2097 1768 van
2120 1722 2306 1771 desselfs
2328 1727 2515 1773 dienaars
2537 1729 2632 1775 in't
2653 1731 2771 1783 bosch
2792 1739 2980 1795 gebruyct
3000 1752 3048 1798 te
3069 1754 3212 1808 berste
3232 1765 3303 1813 ge„

1705 1806 1880 1855 schoten
1903 1811 1953 1856 is
1978 1811 2052 1856 als
2076 1811 2102 1857 p
2126 1813 2151 1858 r
2175 1813 2423 1861 attestatie
2447 1815 2547 1862 daar
2571 1817 2646 1865 van
2669 1821 2845 1870 beleyjt
2867 1827 3017 1879 breder
3039 1835 3093 1884 te
3113 1842 3215 1891 zien
3237 1848 3311 1899 is„

1597 1921 1676 1971 aan
1699 1916 1777 1965 den
1801 1915 1980 1961 fiscaat
2003 1917 2079 1962 Jan
2104 1917 2180 1962 van
2205 1917 2357 1964 Ronsen
2382 1920 2535 1967 over't
2558 1923 2938 1981 geconfisqueerde
2962 1937 3115 1988 wegens
3138 1944 3217 1993 een
3239 1950 3274 2000 —

1709 2013 1804 2061 last
1827 2012 1946 2059 witte
1968 2014 2086 2061 rijs,
2109 2016 2180 2061 als
2203 2017 2345 2065 breder
2367 2021 2438 2066 bij
2461 2021 2604 2072 Reecq.
2625 2028 2651 2074 e
2672 2030 2745 2077 van
2766 2033 3028 2089 condemnatie
3047 2046 3096 2093 te
3118 2049 3216 2101 zien
3235 2059 3307 2107 is„

1594 2114 1755 2164 aanden
1781 2114 2099 2161 Ondercoopman
2124 2117 2257 2165 Josua
2283 2119 2522 2167 Braconier
2546 2123 2812 2180 spruytende
2836 2136 2944 2188 over
2968 2144 3260 2200 verstrecten

1710 2198 1779 2246 rijs
1795 2200 1848 2247 als
1863 2203 1897 2248 p.
1913 2203 1931 2248 r
1947 2204 2050 2250 reecq.
2065 2205 2085 2251 e
2099 2207 2202 2256 breder
2217 2211 2253 2258 te
2268 2213 2336 2260 hier
2353 2215 2389 2262 is
2403 2218 2423 2264 -
2437 2220 2456 2266 -
2471 2222 2488 2267 -
2505 2222 2522 2267 -
2538 2223 2556 2268 -
2572 2223 2590 2269 -
2606 2224 2623 2269 -
2640 2224 2657 2269 -
2674 2224 2692 2269 -
2707 2225 2725 2270 -
2742 2225 2758 2270 -
2775 2225 2793 2270 -
2809 2226 2827 2271 -
2843 2227 2861 2272 -
2876 2227 2895 2273 -
2910 2229 2928 2274 -
2944 2230 2962 2275 -
2978 2230 2996 2276 -
3012 2231 3030 2277 -
3045 2232 3065 2278 -
3079 2234 3098 2280 -
3113 2236 3132 2282 -
3146 2238 3166 2284 -
3180 2240 3200 2286 -
3214 2242 3233 2288 -
3248 2244 3284 2291 -.

1591 2313 1669 2359 aan
1694 2311 1772 2358 den
1797 2309 2056 2356 dispencier
2081 2309 2237 2356 Marcus
2262 2310 2443 2361 Ruijter
2468 2317 2727 2369 spruytende
2752 2324 2857 2377 over
2881 2333 3141 2388 verstrecte
3164 2345 3273 2397 goe„

1713 2404 1796 2452 deren
1811 2406 1861 2451 als
1877 2406 1910 2451 p.
1926 2406 1943 2451 r
1959 2406 2057 2451 reecq.
2073 2406 2172 2451 blijct
2188 2406 2205 2452 -
2220 2407 2238 2452 -
2253 2408 2271 2453 -
2286 2409 2304 2455 -
2318 2410 2335 2455 -
2351 2410 2368 2455 -
2384 2410 2400 2455 -
2416 2410 2434 2456 -
2449 2411 2466 2457 -
2482 2412 2499 2458 -
2515 2413 2532 2458 -
2547 2414 2564 2459 -
2580 2414 2598 2460 -
2612 2416 2629 2461 -
2645 2416 2662 2461 -
2678 2416 2696 2462 -
2710 2418 2728 2464 -
2743 2419 2761 2465 -
2775 2421 2795 2467 -
2808 2423 2826 2468 -
2841 2424 2859 2470 -
2874 2425 2892 2471 -
2906 2427 2925 2473 -
2939 2429 2958 2474 -
2971 2431 2990 2476 -
3004 2432 3023 2478 -
3037 2434 3056 2480 -
3070 2436 3087 2482 -
3102 2437 3120 2482 -
3135 2438 3153 2483 -
3167 2439 3186 2485 -
3200 2440 3220 2486 -
3232 2443 3253 2489 -
3265 2446 3284 2492 „

1594 2497 1674 2547 aan
1700 2496 1777 2541 zyn
1803 2496 1854 2541 E.
1880 2495 2164 2541 Hoffmeester
2189 2495 2266 2542 Jan
2292 2494 2344 2540 de
2369 2494 2551 2540 Niwille
2575 2496 2834 2551 spruytende
2858 2508 2962 2559 over
2986 2515 3244 2567 verschoote

1712 2595 1946 2642 penningen
1972 2596 2024 2641 't
2049 2593 2206 2640 zedert
2232 2593 2285 2638 3.
2310 2591 2441 2637 Jaren
2466 2592 2702 2644 herwaarts
2726 2600 2780 2648 in
2804 2604 3039 2658 deversche
3064 2613 3228 2669 tijden

1711 2679 1912 2728 uytgegeven.
1930 2683 1948 2728 .
1966 2683 1984 2728 .
2002 2683 2021 2728 .
2038 2684 2057 2729 .
2074 2684 2093 2729 .
2111 2684 2129 2729 .
2147 2684 2165 2729 .
2183 2684 2201 2729 .
2219 2684 2238 2729 .
2255 2683 2274 2728 .
2292 2683 2310 2728 .
2328 2683 2347 2729 .
2363 2684 2382 2729 -
2400 2683 2419 2728 -
2436 2683 2455 2729 -
2472 2684 2491 2729 -
2509 2684 2527 2729 -
2545 2684 2564 2729 -
2581 2685 2601 2730 -
2617 2686 2637 2732 -
2653 2688 2673 2733 -
2689 2689 2709 2735 -
2725 2691 2746 2737 -
2761 2693 2781 2739 -
2798 2694 2817 2740 -
2834 2696 2854 2742 -
2870 2697 2890 2743 -
2906 2699 2926 2744 -
2942 2700 2962 2746 -
2979 2702 2997 2747 -
3015 2702 3034 2747 -
3051 2703 3070 2748 -
3087 2703 3106 2749 -
3123 2704 3142 2750 .
3159 2705 3178 2750 .
3196 2706 3216 2751 .
3231 2707 3252 2753 .
3267 2710 3291 2757 .

1593 2788 1769 2838 aanden
1798 2788 1975 2835 boedel
2004 2790 2092 2836 van
2122 2791 2299 2839 Arraan
2327 2795 2594 2848 Cornelisz
2621 2805 2740 2853 Boom
2767 2809 2974 2861 gewesen
3002 2817 3241 2874 schipper

1718 2878 1777 2926 op
1802 2883 1861 2931 't
1887 2888 2167 2937 fluytschip
2195 2891 2364 2938 petten
2391 2893 2504 2943 over
2531 2898 2617 2947 een
2642 2903 2784 2956 kaart
2811 2912 3289 2972 koocker---------„

1585 3000 1674 3048 aan
1702 2998 1792 3045 den
1818 3001 2256 3058 Opperchirurgijn
2284 3014 2518 3065 Jaacques
2546 3021 2605 3067 de
2633 3023 2838 3075 Rabiere
2866 3031 2925 3077 op
2954 3032 3013 3079 de
3041 3034 3276 3085 begraef„

1720 3097 1895 3143 fenisse
1917 3100 1991 3148 van
2015 3102 2090 3148 zin
2114 3102 2166 3150 E.
2188 3106 2288 3153 zal.
2311 3109 2362 3155 r.
2385 3110 2609 3165 versterct
2632 3121 2708 3168 als
2730 3125 2781 3173 p.
2804 3129 2831 3176 r
2853 3132 3125 3183 reeckeninge
3150 3138 3284 3187 blijt

1587 3240 1674 3290 aan
1700 3235 1841 3283 Lucca
1869 3233 1954 3279 vij
1981 3234 2150 3280 vrouws
2178 3234 2318 3282 overt
2346 3237 2571 3289 consyten
2598 3244 2684 3293 van
2710 3249 2768 3297 5.
2794 3253 2936 3304 potte
2962 3260 3104 3308 noten
3131 3264 3267 3314 mus„

1724 3332 1835 3379 caden
1856 3332 1880 3377 a
1901 3333 1945 3378 4.
1967 3334 2011 3380 R.
2033 3335 2055 3380 a
2076 3335 2165 3382 ider
2186 3337 2254 3384 pot
2274 3340 2296 3385 -
2318 3340 2341 3385 -
2362 3341 2385 3386 -
2406 3342 2428 3387 -
2450 3342 2472 3387 -
2494 3342 2516 3387 -
2538 3342 2562 3388 -
2582 3344 2605 3390 -
2626 3345 2648 3390 -
2670 3345 2693 3391 -
2714 3347 2737 3392 -
2758 3348 2782 3394 -
2801 3351 2826 3397 -
2845 3353 2868 3398 -
2889 3353 2914 3399 -
2933 3356 2956 3401 -
2978 3356 3000 3401 -
3021 3356 3045 3402 -
3065 3358 3088 3403 -
3109 3359 3133 3404 -
3153 3361 3179 3407 -
3196 3364 3222 3411 -
3240 3368 3263 3414 „

1667 3454 1752 3501 Aan
1779 3453 1863 3499 den
1890 3453 2085 3500 fiscaal
2112 3455 2195 3500 Jan
2223 3455 2306 3500 van
2334 3455 2502 3504 Tonsen
2527 3460 2806 3514 spruytende
2832 3469 2945 3517 over
2971 3473 3232 3525 verschote

1740 3551 2020 3600 penningen
2050 3551 2175 3600 inde
2205 3555 2639 3610 begraaffenisse
2669 3565 2949 3625 verstrect
2978 3582 3074 3631 als
3102 3587 3197 3636 p=r

1739 3644 1861 3690 Beecq:s
1878 3645 1982 3693 blijct
1999 3648 2016 3693 -
2033 3648 2051 3693 -
2068 3649 2086 3694 -
2101 3649 2120 3694 -
2136 3648 2155 3693 -
2171 3649 2189 3694 -
2206 3649 2224 3695 -
2240 3650 2258 3695 -
2275 3651 2293 3696 -
2309 3651 2327 3697 -
2344 3652 2362 3697 -
2378 3653 2397 3698 -
2412 3654 2431 3700 -
2447 3655 2465 3701 -
2482 3656 2500 3701 -
2516 3657 2534 3702 -
2550 3657 2570 3703 -
2585 3660 2605 3706 -
2619 3662 2639 3708 -
2654 3664 2672 3709 -
2688 3665 2708 3711 -
2722 3667 2742 3713 -
2757 3669 2777 3715 -
2791 3671 2812 3717 -
2826 3674 2846 3720 -
2860 3676 2880 3722 -
2895 3678 2914 3724 -
2929 3680 2948 3725 -
2964 3680 2982 3726 -
2999 3681 3017 3727 -
3033 3682 3053 3728 -
3067 3684 3087 3730 -
3102 3686 3121 3731 -
3136 3687 3156 3733 -
3170 3689 3190 3735 -
3204 3691 3228 3738 -
3238 3696 3257 3741 „

1637 3786 1697 3833 an
1717 3776 1811 3826 Jan
1839 3773 2103 3821 Hendrickz
2130 3778 2247 3825 ende
2275 3781 2451 3831 harman
2479 3787 2714 3842 Barentsz
2740 3799 3061 3857 lyfschutten
3089 3813 3181 3866 van

1743 3874 1845 3924 zijn
1869 3880 1919 3926 E.
1944 3881 2070 3928 hal.r
2094 3884 2195 3930 voor
2219 3886 2346 3934 goede
2369 3890 2570 3942 diensten
2594 3897 2771 3949 vereert
2794 3906 2897 3959 ende
2919 3915 3194 3971 geschoncken

3318 3926 3511 3974 40„-

1579 4012 1652 4060 aan
1674 4009 1723 4056 de
1745 4007 2005 4054 cleermakers
2028 4010 2123 4057 over
2146 4012 2194 4057 9.
2216 4013 2359 4062 packen
2381 4018 2524 4069 cleren
2545 4023 2617 4070 als
2640 4023 2783 4071 anders
2805 4027 2970 4080 genaijt
2993 4035 3018 4081 -
3040 4037 3064 4083 -
3087 4038 3112 4084 -
3134 4040 3161 4087 -
3181 4044 3206 4090 -
3228 4046 3254 4092 .

3319 4048 3534 4098 18„-

3335 3144 3522 3193 14„3.

3361 2714 3437 2760 60„

3372 2059 3487 2107 60„

3360 1851 3540 1901 20„-

1835 762 2222 818 Isterf-Hars
2255 772 2467 820 debet.

2072 4241 2635 4303 Transporteere
2674 4262 2934 4316 voorts
2975 4265 3062 4312 R.
3103 4265 3149 4314 a

3227 4264 3528 4315 1484„7

2196 498 2328 549 Camun
2353 495 2535 543 Millime
2561 495 2664 541 daor
2689 494 2768 540 den
2794 494 2873 541 .r.
2897 496 3131 544 directeur
3156 499 3287 547 Arent
