3573 4958
936 547 1242 601 vernamen
1281 546 1357 592 te
1394 544 1586 591 wesen
1624 539 1930 590 waermede
1967 537 2083 583 d:o
2121 537 2388 591 Rapport
2426 546 2733 592 gebracht
2769 546 3042 600 wierdt.

933 668 1236 727 Jnvougen
1273 664 1610 713 andermael
1647 663 1760 709 den
1796 659 1985 707 Tolcq
2020 660 2433 715 naongadingh
2467 669 2695 718 souden
2730 670 2844 716 dat
2880 666 3032 713 onse

928 793 1221 852 depesche
1256 789 1402 837 ende
1435 779 1763 831 betalinge
1798 775 1944 822 voor
1980 776 2090 824 den
2125 781 2380 832 Coningh
2414 789 2814 838 bevoirderen
2847 793 3031 840 wilde

943 916 1123 964 waer
1167 914 1258 961 op
1301 897 1840 956 tenantwoorde
1880 891 2199 941 diendet
2243 896 2334 944 nu
2377 900 2514 948 syn
2557 904 2781 955 volcq
2824 903 3056 955 vande

914 1044 1219 1104 Joncquen
1257 1039 1522 1089 gekomen
1559 1032 1749 1083 waren
1785 1020 2014 1075 tselve
2050 1018 2164 1066 met
2202 1019 2582 1072 mancqueren
2618 1028 2769 1077 ende
2806 1030 3038 1078 morgen

798 1201 880 1250 de
915 1188 1121 1244 sijde
1161 1174 1484 1232 gelevert
1523 1165 1726 1218 soude
1766 1154 2008 1208 worden
2048 1153 2169 1198 soo
2210 1153 2371 1198 veel
2411 1153 2816 1205 invoorraet
2855 1160 2977 1209 was

685 1310 787 1357 ady
821 1309 923 1355 15.
954 1303 1058 1354 d:o
1088 1296 1193 1347 den
1225 1288 1395 1339 Tolcq
1428 1282 1666 1332 wederom
1698 1275 1800 1325 bij
1833 1273 2139 1320 ongadingh
2171 1276 2443 1327 sendende
2476 1283 2579 1332 ten
2610 1288 2814 1339 eijnde
2847 1294 3052 1344 vooren

942 1413 1082 1466 gem:
1115 1407 1254 1456 quam
1288 1403 1426 1451 niet
1460 1400 1564 1448 bij
1598 1397 1668 1444 na
1698 1386 2013 1441 evensulcq
2046 1389 2357 1438 bescheijt
2390 1395 2563 1443 weder
2597 1398 2666 1443 om
2700 1398 2805 1445 als
2838 1397 3045 1446 gister

931 1534 1154 1593 hebben
1190 1524 1521 1578 denselven
1555 1518 1631 1567 te
1665 1508 1813 1561 hove
1848 1503 2145 1553 geweest,
2179 1509 2327 1556 daer
2362 1512 2474 1560 van
2510 1516 2767 1565 d'andre
2803 1520 3024 1572 uytge„

925 1649 1322 1706 lachtwierde
1357 1647 1609 1693 vermits
1645 1646 1717 1692 op
1753 1643 1898 1692 sijn
1931 1637 2365 1686 geboortdagh,
2399 1640 2544 1686 daer
2580 1640 2690 1687 met
2724 1644 3048 1694 opgedacht

934 1773 1156 1821 hadde)
1193 1768 1488 1817 uytgingh
1524 1766 1709 1813 sulcx
1745 1764 1893 1811 voor
1930 1764 2040 1810 ons
2077 1761 2225 1810 ijts
2261 1760 2704 1813 teverrighten
2740 1769 2998 1818 wederom

924 1899 1201 1954 gekeert
1238 1893 1397 1942 was,
1434 1888 1712 1938 mogende
1750 1888 1987 1936 omdies
2026 1888 2616 1935 willevoormorgen
2655 1890 2813 1936 niet
2852 1889 3014 1939 uijt

907 2025 1123 2078 gaen,
1164 2022 1295 2071 als
1337 2014 1638 2066 wanneer
1680 2013 2068 2059 sekerlijk
2110 2014 2326 2065 maken
2368 2020 2583 2066 soude
2625 2019 2713 2065 te
2754 2013 2972 2066 recht

938 2156 1291 2211 geholpen
1334 2148 1689 2199 wierden,
1731 2143 1909 2191 waer
1953 2143 2041 2192 op
2085 2144 2483 2195 denselven
2526 2149 3013 2198 wetenlieten

930 2292 1158 2345 morgen
1194 2289 1307 2336 met
1343 2285 1457 2334 den
1494 2280 1645 2329 dagh
1681 2275 1794 2324 een
1832 2275 2020 2322 vande
2056 2278 2320 2327 Schepen
2356 2284 2582 2337 lieten
2617 2293 2920 2343 affdrijv
2955 2300 3031 2349 en

925 2433 1072 2487 tbij
1106 2429 1180 2477 de
1214 2420 1432 2472 missie
1467 2421 1575 2467 off
1610 2420 1683 2465 te
1718 2416 1863 2464 geen
1899 2413 2188 2463 bequamen
2222 2420 2367 2468 ende
2402 2424 2511 2471 met
2546 2426 2619 2472 't
2654 2428 2835 2480 ander
2870 2436 2981 2486 een

872 2548 1028 2602 dagh
1067 2551 1298 2602 langer
1337 2549 1491 2596 nade
1529 2548 1684 2597 syde
1721 2546 1992 2595 wachten
2030 2546 2108 2592 op
2144 2546 2223 2592 't
2260 2547 2494 2596 welcke
2531 2552 2647 2599 ons
2685 2554 2841 2602 dede
2878 2558 2999 2610 re„

843 2688 1216 2757 „pliceren
1257 2682 1501 2732 tewege
1541 2677 1787 2726 brenge
1828 2672 2032 2720 wonde
2072 2673 2318 2725 morgen
2357 2680 2809 2728 voormiddagh
2847 2683 3013 2730 daer

919 2835 1048 2889 toe
1088 2822 1422 2878 licentie
1463 2813 1797 2866 bequamen
1837 2814 1963 2861 tot
2002 2814 2546 2863 teykenvandien
2585 2815 2795 2864 sondt
2836 2814 2964 2864 een

920 2967 1172 3020 annas
1219 2956 1525 3009 aenden
1573 2965 1925 3013 Capit:n
1975 2965 2528 3013 Broeckhorst
2578 2958 2981 3011 dewelcke

912 3109 1114 3164 sulcx
1150 3102 1274 3153 met
1313 3099 1553 3148 effect
1588 3087 1992 3144 sorterende
2031 3087 2151 3134 als
2191 3089 2630 3138 onwaerdiagh
2670 3090 2791 3136 aen
2829 3093 2993 3141 sijn

929 3240 1392 3294 geringhste
1435 3218 1759 3283 Jongers
1802 3208 2266 3262 soudegeven

829 3414 978 3476 Des
1025 3386 1511 3454 namiddaghs
1557 3379 1657 3428 de
1700 3363 2142 3422 Schippers
2190 3360 2337 3410 aen
2385 3356 2580 3405 land
2624 3356 2971 3405 gekomen

941 3516 1184 3566 sijnde
1220 3510 1387 3561 liet
1424 3505 1549 3554 den
1588 3492 2076 3549 oppercoopman
2116 3491 2400 3537 Antonio
2440 3491 2562 3537 van
2602 3493 3049 3551 Broeckhorst

936 3639 1156 3691 synen
1198 3629 1507 3682 Raeddes
1551 3629 1947 3679 Comptoirs
1989 3632 2341 3680 beroepen
2384 3633 2473 3679 by
2516 3633 2605 3681 de
2648 3637 2913 3686 welcke
2956 3641 3044 3688 na

877 3761 1261 3813 verscheide
1296 3751 1759 3806 deliberatien
1798 3751 2105 3802 besloten
2143 3757 2258 3805 is,
2296 3760 2412 3806 dat
2450 3761 2565 3807 men
2603 3762 2681 3811 om
2718 3767 3064 3818 prequante

932 3878 1234 3930 redenen
1275 3872 1406 3921 met
1447 3868 2093 3925 'taffdrijvender
2135 3879 2437 3928 Schepen
2479 3884 2652 3931 nogh
2694 3887 3000 3950 wachten

940 428 1237 484 hebbende
1272 421 1420 470 omen
1456 417 1753 466 tppheyen
1789 416 2011 463 verbij
2047 417 2123 465 de
2158 422 2344 475 logie
2379 432 2453 478 op
2490 433 2712 479 koeyen
2748 432 2971 479 welcke

2528 4034 2829 4102 sullen

116 600 191 647 :

153 1943 210 1990 e
