3560 4937
1505 1206 1779 1252 sodanige
1813 1204 1985 1252 eeren
2018 1205 2087 1252 en
2121 1207 2394 1254 weldaden
2425 1203 2668 1252 behoren
2701 1204 2940 1251 beloont
2974 1206 3043 1252 &n
3076 1207 3319 1253 bedanct

1521 1335 1591 1382 te
1625 1333 1867 1380 werden,
1898 1330 2006 1378 het
2040 1322 2352 1375 eenichste
2386 1321 2491 1367 dan
2525 1319 2664 1365 waer
2698 1319 2837 1366 mede
2871 1321 3114 1370 gedemct
3148 1323 3288 1370 haer

1517 1457 1621 1505 Ed.
1656 1457 1726 1502 te
1760 1451 2004 1501 belonen
2039 1449 2109 1496 en
2142 1445 2213 1493 te
2246 1435 2561 1489 bedancken
2596 1435 2701 1481 is,
2735 1436 2839 1481 dat
2874 1434 3292 1482 voorgenomen,

1524 1577 1729 1629 heeft,
1759 1566 2001 1619 gelijck
2034 1562 2239 1611 vanden
2272 1556 2512 1606 beginne
2546 1554 2717 1601 sijns
2748 1550 2989 1601 diensts
3022 1547 3230 1594 altoos

1518 1700 1686 1749 heeft
1718 1693 1989 1744 getracht
2021 1689 2090 1736 te
2122 1683 2291 1732 doen,
2323 1679 2392 1727 so
2425 1674 2560 1722 oock
2592 1672 2660 1718 nu
2692 1669 2795 1717 wel
2827 1657 3265 1714 insonderheijt

1526 1831 1657 1880 &nde
1687 1827 1753 1875 so
1784 1821 1914 1872 veel
1944 1813 2237 1866 ijveriger
2268 1807 2399 1856 ende
2430 1793 2722 1851 ernstiger
2753 1791 2850 1838 als
2881 1788 2947 1835 te
2978 1783 3141 1832 voren
3169 1778 3205 1824 —

1535 1962 1632 2009 als
1661 1957 1729 2006 de
1760 1949 2018 2002 genotene
2050 1942 2179 1992 eere
2211 1937 2340 1986 ende
2371 1929 2630 1981 weldaden
2660 1923 2888 1974 meerder
2918 1917 3048 1967 ende
3080 1914 3309 1962 groter—

1521 2102 1656 2156 sijn
1687 2098 1787 2147 als
1817 2094 1884 2141 de
1914 2079 2242 2137 voorledene
2274 2072 2438 2123 sijne
2469 2058 2796 2115 bedieninge
2827 2054 2926 2102 met
2959 2053 3024 2099 de
3056 2044 3317 2098 grootste

1533 2224 2093 2282 sorchvuldicheijt
2127 2220 2198 2268 en
2231 2214 2408 2264 ijver
2440 2201 2723 2256 sodanich
2757 2195 2898 2245 waer
2931 2191 3002 2239 te
3036 2187 3212 2235 nemen

1523 2375 1626 2421 dat
1659 2373 1762 2419 als
1796 2372 1899 2418 den
1932 2363 2173 2417 nieuwen
2203 2347 2514 2407 gouvern„r
2544 2342 2616 2391 op
2649 2339 2719 2386 't
2748 2330 2923 2383 begin
2957 2329 3060 2374 van

1496 2490 1567 2543 't
1602 2490 1950 2542 aenstaende
1984 2486 2125 2534 Jaer
2158 2479 2333 2530 comen
2367 2477 2473 2524 sal
2506 2471 2647 2521 sich
2679 2469 2821 2515 niet
2856 2467 2961 2514 sal
2994 2462 3206 2510 hebben

1506 2627 1579 2675 te
1613 2617 1901 2673 beclagen
1935 2615 2080 2661 over
2115 2609 2331 2660 eenige
2366 2596 2940 2654 ongereddertheijt
2975 2593 3048 2639 op
3081 2584 3298 2637 eenige

1504 2752 1874 2810 Comptoiren,
1907 2750 2008 2796 off
2041 2745 2175 2794 over
2208 2736 2510 2789 disordren
2542 2734 2610 2780 in
2643 2731 2744 2778 het
2777 2723 3181 2776 burgerlijcke

1528 2886 1865 2937 regiment,
1901 2881 2053 2931 ofte
2089 2874 2240 2923 over
2275 2867 2502 2917 eenige
2538 2862 2764 2912 andere
2801 2851 3214 2908 verwerringe

1523 3020 1820 3077 hoedanich
1851 3017 1918 3064 en
1950 3009 2147 3061 waerin
2178 3005 2278 3054 die
2308 3000 2409 3048 dan
2441 2998 2605 3045 soude
2636 2991 2801 3041 mogen
2833 2989 3030 3036 wesen,
3063 2988 3194 3034 maer
3225 2986 3326 3033 in—

1526 3158 1693 3206 allen
1725 3153 1893 3202 delen
1926 3150 2026 3197 het
2060 3136 2461 3195 gouvernement
2492 3132 2560 3179 so
2592 3128 2694 3177 wel
2726 3125 2794 3172 en
2827 3121 2961 3169 goed
2994 3117 3362 3166 gereguleert

1516 3295 1660 3342 over
1695 3294 1768 3339 te
1804 3289 2020 3338 geven,
2057 3284 2165 3334 als
2197 3275 2309 3328 het
2344 3266 2669 3317 ontfangen
2705 3262 2921 3311 heeft,
2955 3254 3209 3305 daertoe

1495 3440 1607 3491 God
1641 3429 1859 3483 sijnen
1893 3421 2076 3472 segen
2110 3409 2364 3464 gelieve
2398 3406 2472 3453 te
2506 3397 2797 3450 verlenen
2831 3396 3014 3442 amen,
3049 3394 3195 3442 doch

1494 3576 1755 3633 gelijck
1790 3566 1974 3620 hoede
2008 3547 2375 3610 bedieninge
2410 3547 2630 3595 groter
2665 3543 2739 3590 en
2774 3537 2885 3585 van
2919 3529 3177 3582 meerder

1512 3702 1850 3756 ommeslach
1884 3696 1999 3745 is,
2034 3689 2186 3741 daer
2222 3685 2373 3733 oock
2409 3675 2672 3728 meerder
2707 3664 2971 3717 saecken
3008 3662 3285 3712 incomen

1503 3833 1859 3890 voorvallen,
1891 3830 1988 3878 als
2019 3825 2085 3873 in
2116 3814 2407 3868 cleendere
2439 3805 2827 3858 bedieningen,
2859 3801 2988 3849 also
3020 3801 3149 3846 oock
3182 3799 3344 3847 licht

1488 3969 1765 4021 gebeuren
1799 3959 2006 4013 conde,
2038 3948 2247 4002 datter
2279 3939 2522 3990 meerder
2555 3933 2763 3984 dingen
2798 3932 3005 3978 gedaen
3038 3931 3282 3979 mochten

1499 4097 1695 4149 werden
1725 4093 1825 4141 die
1855 4079 2117 4137 d'Heeren
2148 4069 2378 4123 mochten
2410 4066 2605 4113 Juijst
2638 4061 2768 4111 niet
2800 4052 3029 4105 evenwel
3060 4049 3356 4097 gevallen,

1494 4222 1687 4273 twelck
1717 4214 1815 4265 hij
1844 4207 1941 4255 aen
1971 4203 2037 4251 't
2068 4197 2260 4247 geluck
2290 4195 2355 4241 en
2387 4192 2483 4240 der
2514 4186 2706 4235 heeren
2736 4179 2897 4229 gunst
2928 4177 3024 4223 ten
3055 4176 3184 4222 nael
3215 4172 3312 4221 ten

1486 4346 1577 4397 bij
1606 4339 1841 4390 oordeelt
1869 4332 2046 4383 soveel
2074 4328 2134 4376 te
2162 4320 2339 4372 hanghn
2367 4319 2456 4364 als
2485 4316 2574 4363 aen
2601 4311 2720 4361 wijs
2749 4308 2808 4355 en
2836 4303 3013 4352 cloecq
3041 4295 3277 4347 beleijt,

1465 897 1602 944 Int
1643 897 1963 945 Coninck
2009 897 2191 945 Kyck
2235 901 2371 947 van
2417 902 2780 952 Joncouin

1431 780 1614 827 Dagh
1658 779 2022 827 Register
2067 778 2340 829 wegens
2385 784 2476 830 't
2522 785 3022 836 gepasseerde

2981 4444 3152 4496 hoe

773 275 969 337 Julio
1003 267 1123 317 ao.
1160 264 1316 312 1646

2045 556 2290 612 pie

1997 432 2471 490 Jonckem

3011 440 3267 490 1641
