<?xml version="1.0" encoding="UTF-8"?>
<PcGts xmlns="http://schema.primaresearch.org/PAGE/gts/pagecontent/2013-07-15">
  <Metadata externalRef="8798edd0-ae0b-40ec-b61d-e93121399b5d">
    <Creator>Laypa</Creator>
    <Created>2023-09-08T02:21:49</Created>
    <LastChange>2023-09-08T03:38:19</LastChange>
    <Comment>license: CC0</Comment>
    <MetadataItem type="processingStep" name="layout-analysis" value="laypa">
      <Labels>
        <Label value="228a7d24385cff0e51687c00d0e65a2c2a9703d5" type="githash"/>
        <Label value="61334eb4-edff-4af5-b036-b5927f35bbcf" type="uuid"/>
        <Label value="https://hdl.handle.net/10622/VMSCBR" type="laypamodelremote"/>
      </Labels>
    </MetadataItem>
    <MetadataItem type="processingStep" name="region-analysis" value="laypa">
      <Labels>
        <Label value="0a3442b4-835c-44bc-9115-3fd08263a5dc" type="uuid"/>
        <Label value="https://hdl.handle.net/10622/DMAS2T" type="laypamodelremote"/>
      </Labels>
    </MetadataItem>
    <MetadataItem type="processingStep" name="htr" value="loghi-htr">
      <Labels>
        <Label value="9efb3e0ff4338dc6e07d110ac4d435f27f5b0e16&#10;" type="githash"/>
        <Label value="3a9bdaa3-493c-483e-bbb2-f51961b8e5a0" type="uuid"/>
        <Label value="64" type="batch_size"/>
        <Label value="https://hdl.handle.net/10622/X2JZYY" type="loghihtrmodelremote"/>
      </Labels>
    </MetadataItem>
    <MetadataItem type="processingStep" name="word-splitting" value="loghi-htr-tooling"/>
    <MetadataItem type="other" name="dataset" value="https://hdl.handle.net/10622/LVXSBW">
      <Labels>
        <Label value="VOC transcriptions v2 - GLOBALISE" type="name"/>
        <Label value="Dataset in pagexml and txt format, including data card." type="description"/>
        <Label value="https://globalise.huygens.knaw.nl/" type="creator"/>
        <Label value="https://hdl.handle.net/10622/LVXSBW" type="url"/>
      </Labels>
    </MetadataItem>
  </Metadata>
  <Page imageFilename="NL-HaNA_1.04.02_1161_0859.jpg" imageWidth="3505" imageHeight="4801">
    <ReadingOrder>
      <OrderedGroup id="orderedgroup_5a7f024e-655c-49e3-a113-0dbf22e2d720">
        <RegionRefIndexed index="0" regionRef="region_c45945b6-abfc-4c11-b421-6e6b2474f616_5"/>
        <RegionRefIndexed index="1" regionRef="region_1c4c3819-05a2-42a7-a49c-159fb5331834_3"/>
        <RegionRefIndexed index="2" regionRef="region_14437ac6-2680-4186-9381-7759bccf46ee_2"/>
        <RegionRefIndexed index="3" regionRef="region_b7c20dbf-a2ea-4d5f-bffd-9d10a20b33c4_1"/>
        <RegionRefIndexed index="4" regionRef="region_61e74124-ebc2-4de2-abdc-79779977fe86_4"/>
        <RegionRefIndexed index="5" regionRef="f39b7974-6cb4-4c2d-87af-30efb3e7e099"/>
        <RegionRefIndexed index="6" regionRef="db95ead3-e3af-4853-8269-a122f772f780"/>
        <RegionRefIndexed index="7" regionRef="region_61d48642-2984-49b9-bc5b-84c0786a94a8"/>
        <RegionRefIndexed index="8" regionRef="region_546a3630-4944-464a-8619-a60ce0419960"/>
      </OrderedGroup>
    </ReadingOrder>
    <TextRegion id="region_c45945b6-abfc-4c11-b421-6e6b2474f616_5" custom="structure {type:page-number;}">
      <Coords points="2903,500 2882,479 2875,479 2872,476 2838,476 2834,472 2810,472 2807,476 2783,476 2779,479 2766,479 2762,482 2755,482 2752,486 2745,486 2742,489 2735,489 2725,500 2725,503 2721,506 2721,520 2718,524 2718,527 2721,530 2721,541 2725,544 2725,551 2728,554 2731,554 2738,561 2742,561 2745,565 2759,565 2762,568 2793,568 2796,565 2827,565 2831,561 2865,561 2868,558 2882,558 2885,554 2889,554 2896,548 2896,541 2899,537 2899,534 2903,530"/>
      <TextLine id="line_57f1b747-f80a-479e-af6d-348eeb7c9066">
        <Coords points="2686,482 2950,478 2950,543 2826,545 2814,553 2783,553 2767,569 2686,565"/>
        <Baseline points="2718,552 2768,546 2818,539 2868,534 2918,527 2919,527"/>
        <Word id="word_3f95e753-a8cb-4a6b-be6e-696100742d26">
          <Coords points="2714,517 2764,511 2813,504 2865,499 2913,492 2919,492 2919,537 2919,537 2869,544 2819,549 2769,556 2719,562"/>
          <TextEquiv>
            <Unicode>1002</Unicode>
          </TextEquiv>
        </Word>
        <TextEquiv conf="0.9998839295496619">
          <Unicode>1002</Unicode>
        </TextEquiv>
        <TextStyle xHeight="36"/>
      </TextLine>
    </TextRegion>
    <TextRegion id="region_1c4c3819-05a2-42a7-a49c-159fb5331834_3" custom="structure {type:paragraph;}">
      <Coords points="3057,602 3043,592 3019,592 2947,613 2920,630 2844,640 2694,643 2663,654 2574,657 2516,667 2304,660 2252,654 2071,657 1790,650 1732,657 1427,657 1280,650 1215,654 1164,664 976,664 962,671 955,681 955,698 965,725 962,773 972,825 962,989 965,1051 958,1085 958,1187 965,1208 965,1266 958,1283 958,1372 952,1393 958,1540 955,1639 941,1749 941,1988 955,2081 945,2197 952,2214 979,2245 1003,2241 1013,2231 1085,2214 1482,2217 1605,2204 1790,2200 1975,2187 2256,2183 2297,2176 2725,2180 2834,2170 2947,2170 2995,2152 3033,2152 3050,2146 3063,2132 3070,2115 3074,2002 3081,1974 3074,1848 3063,1810 3067,1684 3074,1660 3070,1595 3081,1540 3077,1382 3084,1222 3091,1194 3084,927 3087,845 3070,753 3070,715 3077,698 3074,636"/>
      <TextLine id="line_26c6de19-5357-4774-a611-e2f01399e6b2">
        <Coords points="913,573 1642,565 1686,569 1726,607 1778,607 1785,613 1803,597 1866,659 1954,660 2001,641 2029,617 2053,616 2409,621 2441,612 2792,612 2848,659 2944,644 3009,644 3009,709 2641,715 2589,766 2575,770 2529,774 2489,749 2477,749 2453,770 2414,769 2400,782 2377,761 2361,757 2233,758 2225,766 2189,766 2173,765 2154,746 2105,746 2062,770 2049,769 2033,753 1906,753 1899,746 1806,742 1354,743 1314,742 1306,734 913,734"/>
        <Baseline points="945,702 995,703 1045,702 1095,700 1145,700 1195,700 1245,700 1295,700 1345,700 1395,701 1445,701 1495,701 1545,701 1595,701 1645,700 1695,700 1745,701 1795,699 1845,698 1895,699 1945,699 1995,699 2045,699 2095,700 2145,700 2195,700 2245,704 2295,704 2345,705 2395,704 2445,704 2495,703 2545,703 2595,702 2645,700 2695,699 2745,698 2795,698 2845,698 2895,698 2945,697 2978,693"/>
        <Word id="word_4c016711-c58b-4c21-8bb6-93f9281e26e4">
          <Coords points="946,667 996,668 1016,668 1017,713 995,713 945,712"/>
          <TextEquiv>
            <Unicode>'T</Unicode>
          </TextEquiv>
        </Word>
        <Word id="word_dab4fcea-25ab-49a5-99b5-b4a4b66e0036">
          <Coords points="1051,667 1093,665 1145,665 1195,665 1230,665 1230,710 1195,710 1145,710 1095,710 1052,712"/>
          <TextEquiv>
            <Unicode>soude</Unicode>
          </TextEquiv>
        </Word>
        <Word id="word_6972b1c6-52d8-46c3-9a3f-c73f4a2819ef">
          <Coords points="1266,665 1295,665 1345,665 1374,666 1373,711 1345,710 1295,710 1266,710"/>
          <TextEquiv>
            <Unicode>een</Unicode>
          </TextEquiv>
        </Word>
        <Word id="word_00a669eb-f3e6-46b2-812d-f2838cd5faf1">
          <Coords points="1408,666 1445,666 1495,666 1545,666 1595,666 1644,665 1694,665 1694,710 1645,710 1595,711 1545,711 1495,711 1445,711 1409,711"/>
          <TextEquiv>
            <Unicode>gewensse</Unicode>
          </TextEquiv>
        </Word>
        <Word id="word_6ff0c943-ddc3-4897-bdba-55b333013bb9">
          <Coords points="1732,665 1747,666 1794,664 1844,663 1896,664 1945,664 1979,664 1979,709 1945,709 1895,709 1845,708 1795,709 1744,711 1729,710"/>
          <TextEquiv>
            <Unicode>saacken</Unicode>
          </TextEquiv>
        </Word>
        <Word id="word_8f1acbac-35f5-456b-92e3-0a898b10229d">
          <Coords points="2015,664 2045,664 2096,665 2145,665 2158,665 2158,710 2145,710 2095,710 2045,709 2015,709"/>
          <TextEquiv>
            <Unicode>sijn</Unicode>
          </TextEquiv>
        </Word>
        <Word id="word_073bbc35-a982-4d9c-af08-f472ceb756bb">
          <Coords points="2194,665 2195,665 2248,669 2265,669 2265,714 2244,714 2195,710 2194,710"/>
          <TextEquiv>
            <Unicode>(:</Unicode>
          </TextEquiv>
        </Word>
        <Word id="word_13e86680-a707-457d-8dd9-cce04d674ee3">
          <Coords points="2301,669 2346,670 2394,669 2445,669 2494,668 2545,668 2549,668 2550,713 2545,713 2495,713 2445,714 2395,714 2345,715 2300,714"/>
          <TextEquiv>
            <Unicode>gelijck</Unicode>
          </TextEquiv>
        </Word>
        <Word id="word_693ad1ad-ce5d-40fc-8de8-524b642b2e73">
          <Coords points="2585,667 2594,667 2644,665 2694,664 2728,663 2729,708 2695,709 2645,710 2595,712 2586,712"/>
          <TextEquiv>
            <Unicode>zijn</Unicode>
          </TextEquiv>
        </Word>
        <Word id="word_10d667df-e665-4666-a033-5a77dea2e58b">
          <Coords points="2765,663 2795,663 2836,663 2836,708 2795,708 2764,708"/>
          <TextEquiv>
            <Unicode>E:</Unicode>
          </TextEquiv>
        </Word>
        <Word id="word_62abc45c-8848-4722-8f62-3e43bcb96127">
          <Coords points="2871,663 2895,663 2944,662 2974,658 2979,703 2945,707 2895,708 2871,708"/>
          <TextEquiv>
            <Unicode>aen</Unicode>
          </TextEquiv>
        </Word>
        <TextEquiv conf="0.8657612952654217">
          <Unicode>'T soude een gewensse saacken sijn (: gelijck zijn E: aen</Unicode>
        </TextEquiv>
        <TextStyle xHeight="45"/>
      </TextLine>
      <TextLine id="line_5f7e90ed-74c5-454a-9fdd-50299e0803d8">
        <Coords points="946,735 1312,735 1352,744 1384,736 1848,735 1856,743 2059,743 2079,760 2096,755 2115,736 2151,735 2183,764 2366,759 2397,780 2418,767 2455,772 2507,722 2587,722 2597,732 2627,736 2667,721 2699,721 2735,705 2927,712 2951,716 2963,727 3034,727 3056,736 3056,801 2725,798 2718,805 2579,805 2519,864 2493,848 2447,848 2423,836 2235,832 2159,832 2140,848 2063,845 2039,868 2003,864 1992,855 1928,851 1600,851 1588,840 1524,836 946,845"/>
        <Baseline points="978,815 1028,818 1078,816 1128,815 1178,809 1228,802 1278,800 1328,800 1378,801 1428,801 1478,802 1528,802 1578,801 1628,801 1678,800 1728,799 1778,800 1828,800 1878,799 1928,796 1978,796 2028,795 2078,796 2128,796 2178,796 2228,796 2278,796 2328,798 2378,797 2428,797 2478,797 2528,794 2578,794 2628,792 2678,791 2728,789 2778,787 2828,785 2878,785 2928,784 2978,784 3025,785"/>
        <Word id="word_4af8172b-b9f6-403a-a747-4cea59e9a0ac">
          <Coords points="980,780 1030,783 1077,781 1127,780 1174,774 1200,771 1206,815 1179,819 1128,825 1078,826 1027,828 977,825"/>
          <TextEquiv>
            <Unicode>uEd=le</Unicode>
          </TextEquiv>
        </Word>
        <Word id="word_257f7f08-075c-41b6-98fb-81d840fabaa5">
          <Coords points="1242,765 1278,765 1328,765 1379,766 1428,766 1479,767 1528,767 1545,767 1546,812 1528,812 1478,812 1428,811 1378,811 1328,810 1278,810 1242,810"/>
          <TextEquiv>
            <Unicode>carteert</Unicode>
          </TextEquiv>
        </Word>
        <Word id="word_86684946-d2f2-409a-9017-ca3877c695f9">
          <Coords points="1584,766 1628,766 1677,765 1697,765 1698,810 1678,810 1628,811 1584,811"/>
          <TextEquiv>
            <Unicode>dat</Unicode>
          </TextEquiv>
        </Word>
        <Word id="word_a6dc0c8d-479f-42b6-8a61-ed18a132a315">
          <Coords points="1736,764 1779,765 1811,765 1811,810 1778,810 1735,809"/>
          <TextEquiv>
            <Unicode>d'</Unicode>
          </TextEquiv>
        </Word>
        <Word id="word_dd3aea1d-d10d-41a5-93d4-a6e3333403a0">
          <Coords points="1848,765 1877,764 1926,761 1978,761 2027,760 2079,761 2128,761 2178,761 2191,761 2191,806 2178,806 2128,806 2078,806 2028,805 1978,806 1929,806 1878,809 1850,810"/>
          <TextEquiv>
            <Unicode>abbassijs</Unicode>
          </TextEquiv>
        </Word>
        <Word id="word_25c93fca-bdd0-43f1-8a3d-eb79f19ce795">
          <Coords points="2229,761 2278,761 2306,762 2304,807 2278,806 2229,806"/>
          <TextEquiv>
            <Unicode>jn</Unicode>
          </TextEquiv>
        </Word>
        <Word id="word_e5073bcf-5bba-474c-908a-737a48e14151">
          <Coords points="2341,764 2376,762 2428,762 2478,762 2526,759 2578,759 2627,757 2677,756 2727,754 2777,752 2827,750 2835,750 2835,795 2828,795 2778,797 2728,799 2678,801 2628,802 2578,804 2529,804 2478,807 2428,807 2378,807 2343,809"/>
          <TextEquiv>
            <Unicode>masulijpatnam</Unicode>
          </TextEquiv>
        </Word>
        <Word id="word_7264798b-f2c7-4b48-ad02-ff7d556448af">
          <Coords points="2873,750 2878,750 2927,749 2978,749 3026,750 3025,795 2978,794 2928,794 2878,795 2873,795"/>
          <TextEquiv>
            <Unicode>niet</Unicode>
          </TextEquiv>
        </Word>
        <TextEquiv conf="0.8996968375981642">
          <Unicode>uEd=le carteert dat d' abbassijs jn masulijpatnam niet</Unicode>
        </TextEquiv>
        <TextStyle xHeight="33"/>
      </TextLine>
      <TextLine id="d7a8001a-fffe-4597-945c-2a767fc591aa">
        <Coords points="938,846 1587,837 1603,853 1987,853 2003,864 2038,869 2066,845 2134,850 2150,838 2278,837 2343,846 2442,841 2450,849 2493,849 2514,865 2562,822 2690,818 2702,810 2728,810 2746,795 2759,795 2781,813 3001,813 3013,822 3111,814 3129,827 3138,821 3138,887 3122,903 3109,894 3093,894 3081,904 3041,904 3025,895 2446,900 2402,904 2378,924 2230,923 2187,900 2098,900 2090,908 1699,908 1543,916 1503,956 1455,976 1435,963 1144,955 1132,943 938,952"/>
        <Baseline points="970,923 1020,919 1070,917 1120,917 1170,915 1220,914 1270,913 1320,912 1370,911 1420,909 1470,908 1520,908 1570,907 1620,906 1670,903 1720,900 1770,899 1820,899 1870,898 1920,896 1970,895 2020,894 2070,894 2120,893 2170,891 2220,891 2270,890 2320,891 2370,891 2420,890 2470,889 2520,888 2570,886 2620,885 2670,885 2720,884 2770,882 2820,881 2870,880 2920,878 2970,877 3020,875 3070,874 3107,870"/>
        <Word id="word_90b8daf6-fca7-4f5d-a659-f965c1813ed7">
          <Coords points="967,888 1017,884 1069,882 1120,882 1120,927 1070,927 1021,929 971,933"/>
          <TextEquiv>
            <Unicode>meer</Unicode>
          </TextEquiv>
        </Word>
        <Word id="word_9d70fe32-3957-4296-8aed-f143807ff735">
          <Coords points="1152,882 1165,880 1219,879 1269,878 1270,923 1220,924 1172,925 1159,927"/>
          <TextEquiv>
            <Unicode>als</Unicode>
          </TextEquiv>
        </Word>
        <Word id="word_9dc82a1d-c51b-4c66-b4c9-51e29ce4ad9a">
          <Coords points="1307,877 1319,877 1344,877 1345,922 1320,922 1307,922"/>
          <TextEquiv>
            <Unicode>5</Unicode>
          </TextEquiv>
        </Word>
        <Word id="word_7fad838a-af22-4bdc-8d75-8d748968f68d">
          <Coords points="1381,876 1418,874 1420,919 1383,921"/>
          <TextEquiv>
            <Unicode>a</Unicode>
          </TextEquiv>
        </Word>
        <Word id="word_1764321c-8967-4973-a1e6-bacfec36d159">
          <Coords points="1459,872 1472,873 1495,873 1495,918 1469,918 1457,917"/>
          <TextEquiv>
            <Unicode>6</Unicode>
          </TextEquiv>
        </Word>
        <Word id="word_8a563e30-e518-458e-8026-c11ff6a0dfdb">
          <Coords points="1531,873 1569,872 1606,871 1607,916 1570,917 1532,918"/>
          <TextEquiv>
            <Unicode>pr</Unicode>
          </TextEquiv>
        </Word>
        <Word id="word_9c6bf281-a99c-44f1-a472-c9cd25134c92">
          <Coords points="1641,871 1667,868 1718,865 1769,864 1820,864 1831,864 1832,909 1820,909 1770,909 1721,910 1671,913 1646,915"/>
          <TextEquiv>
            <Unicode>cento</Unicode>
          </TextEquiv>
        </Word>
        <Word id="word_b41c691d-cb7a-4c54-abbc-8e7ec7987afe">
          <Coords points="1869,863 1869,863 1919,861 1969,860 2019,859 2070,859 2119,858 2131,858 2132,903 2120,903 2070,904 2020,904 1970,905 1920,906 1870,908 1870,908"/>
          <TextEquiv>
            <Unicode>verlies</Unicode>
          </TextEquiv>
        </Word>
        <Word id="word_fe0bfd91-f139-415e-a91d-e9791126ea26">
          <Coords points="2168,856 2169,856 2220,856 2244,856 2245,901 2220,901 2170,901 2170,901"/>
          <TextEquiv>
            <Unicode>en</Unicode>
          </TextEquiv>
        </Word>
        <Word id="word_573a4521-12a5-4fb3-8229-c124015405bb">
          <Coords points="2283,855 2321,856 2357,856 2357,901 2320,901 2282,900"/>
          <TextEquiv>
            <Unicode>d'</Unicode>
          </TextEquiv>
        </Word>
        <Word id="word_50747b6f-2cec-4014-99a5-03fa45e9b65c">
          <Coords points="2393,856 2419,855 2469,854 2519,853 2569,851 2619,850 2620,895 2570,896 2520,898 2470,899 2420,900 2395,901"/>
          <TextEquiv>
            <Unicode>realen</Unicode>
          </TextEquiv>
        </Word>
        <Word id="word_cf553181-5db4-4bb9-963a-3c3671bbf27e">
          <Coords points="2659,849 2672,850 2719,849 2769,847 2819,846 2869,845 2881,845 2882,890 2870,890 2820,891 2770,892 2720,894 2669,895 2656,894"/>
          <TextEquiv>
            <Unicode>minder</Unicode>
          </TextEquiv>
        </Word>
        <Word id="word_6bfdb96b-492c-44e0-84a4-cc88c5413163">
          <Coords points="2918,843 2919,843 2969,842 3019,840 3069,839 3103,835 3108,880 3070,884 3020,885 2970,887 2920,888 2920,888"/>
          <TextEquiv>
            <Unicode>reder</Unicode>
          </TextEquiv>
        </Word>
        <TextEquiv conf="0.8821400052188514">
          <Unicode>meer als 5 a 6 pr cento verlies en d' realen minder reder</Unicode>
        </TextEquiv>
        <TextStyle xHeight="32"/>
      </TextLine>
      <TextLine id="line_8d11f3d1-e58c-4ff6-b172-76b1f56e1740">
        <Coords points="940,976 1196,975 1206,965 1256,964 1436,964 1454,976 1501,957 1541,917 1749,906 2089,906 2186,898 2209,912 2378,912 2457,898 2537,894 2964,897 3032,901 3048,913 3122,910 3145,933 3149,928 3149,993 3136,991 3112,1003 3100,999 3040,1051 2984,1050 2972,1038 2924,1038 2880,994 2549,991 2161,999 2125,1019 2086,1022 1872,1027 1861,1017 1753,1017 1697,1067 1653,1058 1438,1071 1399,1098 1362,1090 1350,1078 1322,1078 1314,1070 1226,1062 940,1067"/>
        <Baseline points="972,1022 1022,1022 1072,1019 1122,1017 1172,1016 1222,1015 1272,1012 1322,1010 1372,1009 1422,1009 1472,1008 1522,1008 1572,1007 1622,1006 1672,1003 1722,1001 1772,999 1822,997 1872,995 1922,994 1972,994 2022,994 2072,992 2122,990 2172,988 2222,987 2272,988 2322,989 2372,987 2422,986 2472,986 2522,985 2572,984 2622,983 2672,982 2722,981 2772,980 2822,979 2872,978 2922,979 2972,979 3022,978 3072,977 3118,977"/>
        <Word id="word_01be16a2-0be1-4196-a218-b55ecdc4e92b">
          <Coords points="972,987 1022,987 1070,984 1080,984 1081,1029 1073,1029 1022,1032 972,1032"/>
          <TextEquiv>
            <Unicode>als</Unicode>
          </TextEquiv>
        </Word>
        <Word id="word_aab751f6-9a57-49b2-8b82-3a3bce7bb5ab">
          <Coords points="1116,982 1121,982 1171,981 1221,980 1270,977 1321,975 1371,974 1372,1019 1322,1020 1273,1022 1222,1025 1172,1026 1122,1027 1118,1027"/>
          <TextEquiv>
            <Unicode>wanneer</Unicode>
          </TextEquiv>
        </Word>
        <Word id="word_7eeaca54-fd56-4948-88e4-c7372a4b8f76">
          <Coords points="1410,973 1424,974 1471,973 1522,973 1571,972 1621,971 1670,968 1721,966 1771,964 1821,962 1871,960 1921,959 1972,959 1990,959 1990,1004 1972,1004 1922,1004 1872,1005 1822,1007 1772,1009 1722,1011 1673,1013 1622,1016 1572,1017 1522,1018 1472,1018 1421,1019 1408,1018"/>
          <TextEquiv>
            <Unicode>proffijtelijcker</Unicode>
          </TextEquiv>
        </Word>
        <Word id="word_540e3851-a6ef-4ee2-8ddd-75931206f478">
          <Coords points="2025,959 2070,957 2121,955 2171,953 2208,952 2209,997 2172,998 2122,1000 2072,1002 2027,1004"/>
          <TextEquiv>
            <Unicode>soud'</Unicode>
          </TextEquiv>
        </Word>
        <Word id="word_9b87a075-0d8a-4ad3-ac8c-9c25690065a2">
          <Coords points="2247,952 2274,953 2323,954 2371,952 2421,951 2472,951 2521,950 2571,949 2572,949 2572,994 2572,994 2522,995 2472,996 2422,996 2372,997 2322,999 2271,998 2244,997"/>
          <TextEquiv>
            <Unicode>oordeelen</Unicode>
          </TextEquiv>
        </Word>
        <Word id="word_fb47a739-9f27-4c61-b716-6b77f48d96b1">
          <Coords points="2608,948 2621,948 2671,947 2721,946 2753,945 2754,990 2722,991 2672,992 2622,993 2609,993"/>
          <TextEquiv>
            <Unicode>alle</Unicode>
          </TextEquiv>
        </Word>
        <Word id="word_e0a01825-8530-4a46-bd71-3f15fec23dcf">
          <Coords points="2790,945 2821,944 2863,943 2863,988 2822,989 2791,990"/>
          <TextEquiv>
            <Unicode>d'</Unicode>
          </TextEquiv>
        </Word>
        <Word id="word_e4e39bfe-75f4-4c37-bf04-99fd403641b9">
          <Coords points="2902,943 2924,944 2972,944 3021,943 3071,942 3118,942 3118,987 3072,987 3022,988 2972,989 2921,989 2899,987"/>
          <TextEquiv>
            <Unicode>overig</Unicode>
          </TextEquiv>
        </Word>
        <TextEquiv conf="0.942017402125617">
          <Unicode>als wanneer proffijtelijcker soud' oordeelen alle d' overig</Unicode>
        </TextEquiv>
        <TextStyle xHeight="38"/>
      </TextLine>
      <TextLine id="line_6399bbf0-d033-4e80-b4d9-edd211879e88">
        <Coords points="937,1064 1227,1063 1424,1080 1455,1063 1663,1059 1755,1068 1856,1064 1870,1076 1927,1021 2130,1017 2150,998 2882,997 2926,1040 2974,1036 2990,1049 3050,1049 3082,1019 3091,1025 3091,1091 2442,1095 2402,1127 2373,1098 2362,1098 2314,1131 1703,1126 1695,1118 1583,1118 1519,1163 1311,1154 1302,1163 1051,1162 1035,1175 1023,1175 1007,1162 937,1162"/>
        <Baseline points="969,1114 1019,1111 1069,1109 1119,1109 1169,1109 1219,1108 1269,1108 1319,1107 1369,1106 1419,1108 1469,1106 1519,1104 1569,1103 1619,1102 1669,1099 1719,1097 1769,1095 1819,1093 1869,1092 1919,1090 1969,1089 2019,1087 2069,1085 2119,1084 2169,1083 2219,1081 2269,1079 2319,1078 2369,1077 2419,1077 2469,1077 2519,1076 2569,1075 2619,1074 2669,1074 2719,1074 2769,1073 2819,1074 2869,1074 2919,1075 2969,1077 3019,1076 3060,1075"/>
        <Word id="word_d4d11e27-ecb5-4f0d-888e-39012c6f7fee">
          <Coords points="967,1079 1017,1076 1068,1074 1119,1074 1169,1074 1218,1073 1269,1073 1318,1072 1323,1072 1324,1117 1319,1117 1269,1118 1219,1118 1169,1119 1119,1119 1069,1119 1020,1121 970,1124"/>
          <TextEquiv>
            <Unicode>contanten</Unicode>
          </TextEquiv>
        </Word>
        <Word id="word_e4cb6365-cabf-40b0-a1ca-8df4541b1bd9">
          <Coords points="1363,1071 1368,1071 1420,1073 1468,1071 1480,1071 1482,1115 1469,1116 1419,1118 1369,1116 1364,1116"/>
          <TextEquiv>
            <Unicode>van</Unicode>
          </TextEquiv>
        </Word>
        <Word id="word_1f70d6a2-77e4-4c06-a998-eb7a80a6302d">
          <Coords points="1521,1069 1568,1068 1618,1067 1667,1064 1718,1062 1757,1060 1758,1105 1719,1107 1670,1109 1619,1112 1569,1113 1521,1114"/>
          <TextEquiv>
            <Unicode>persia</Unicode>
          </TextEquiv>
        </Word>
        <Word id="word_e59a525d-a4a6-4e85-aa79-632639d96668">
          <Coords points="1796,1059 1818,1058 1868,1057 1918,1055 1968,1054 2018,1052 2068,1050 2118,1049 2168,1048 2190,1047 2192,1092 2169,1093 2119,1094 2069,1095 2019,1097 1969,1099 1919,1100 1869,1102 1819,1103 1798,1104"/>
          <TextEquiv>
            <Unicode>derwaerts,</Unicode>
          </TextEquiv>
        </Word>
        <Word id="word_df173f48-ccd1-403d-af4b-2efee2654543">
          <Coords points="2230,1046 2268,1044 2310,1043 2310,1088 2269,1089 2232,1090"/>
          <TextEquiv>
            <Unicode>en</Unicode>
          </TextEquiv>
        </Word>
        <Word id="word_36162cff-05bf-4448-b957-5018a3e8fa58">
          <Coords points="2349,1042 2368,1042 2419,1042 2429,1042 2429,1087 2419,1087 2369,1087 2350,1087"/>
          <TextEquiv>
            <Unicode>jn</Unicode>
          </TextEquiv>
        </Word>
        <Word id="word_bf3c59e5-3c5e-4762-a4f0-749705bc1852">
          <Coords points="2468,1042 2469,1042 2518,1041 2568,1040 2618,1039 2669,1039 2705,1039 2705,1084 2669,1084 2619,1084 2569,1085 2519,1086 2469,1087 2468,1087"/>
          <TextEquiv>
            <Unicode>plaats</Unicode>
          </TextEquiv>
        </Word>
        <Word id="word_32e28ca7-413e-4377-9380-08154a559ae6">
          <Coords points="2743,1039 2768,1038 2820,1039 2863,1039 2863,1084 2819,1084 2769,1083 2745,1084"/>
          <TextEquiv>
            <Unicode>van</Unicode>
          </TextEquiv>
        </Word>
        <Word id="word_99cfab4d-bcb6-4052-aef9-b9f8684c663e">
          <Coords points="2904,1039 2921,1040 2970,1042 3018,1041 3059,1040 3060,1085 3019,1086 2969,1087 2918,1085 2902,1084"/>
          <TextEquiv>
            <Unicode>dien</Unicode>
          </TextEquiv>
        </Word>
        <TextEquiv conf="0.9750339080834938">
          <Unicode>contanten van persia derwaerts, en jn plaats van dien</Unicode>
        </TextEquiv>
        <TextStyle xHeight="34"/>
      </TextLine>
      <TextLine id="line_7ac23a54-c9bb-4736-b32c-348b8f28d18f">
        <Coords points="928,1132 1046,1132 1058,1144 1130,1149 1306,1144 1314,1152 1402,1152 1414,1163 1514,1164 1565,1132 2309,1133 2361,1100 2400,1129 2453,1085 2573,1085 2624,1088 2648,1108 2768,1108 2792,1124 3024,1120 3090,1124 3113,1135 3113,1200 3091,1217 3032,1213 3008,1194 2981,1190 2237,1202 2205,1233 2173,1241 1681,1232 1661,1249 1549,1249 1533,1261 1505,1260 1473,1228 1039,1228 954,1308 928,1302"/>
        <Baseline points="960,1213 1010,1215 1060,1214 1110,1211 1160,1208 1210,1205 1260,1203 1310,1201 1360,1201 1410,1200 1460,1199 1510,1197 1560,1195 1610,1194 1660,1193 1710,1191 1760,1190 1810,1189 1860,1188 1910,1186 1960,1187 2010,1188 2060,1187 2110,1185 2160,1185 2210,1184 2260,1181 2310,1181 2360,1179 2410,1177 2460,1177 2510,1177 2560,1177 2610,1176 2660,1176 2710,1176 2760,1178 2810,1179 2860,1179 2910,1179 2960,1181 3010,1184 3060,1185 3082,1184"/>
        <Word id="word_1c0f9649-200e-4234-ad93-f94f92012c51">
          <Coords points="961,1178 1011,1180 1059,1179 1108,1176 1115,1176 1118,1221 1111,1221 1060,1224 1010,1225 960,1223"/>
          <TextEquiv>
            <Unicode>hier</Unicode>
          </TextEquiv>
        </Word>
        <Word id="word_78f65730-d05b-41ae-99be-b75f3dfbe1c3">
          <Coords points="1154,1173 1158,1173 1208,1170 1233,1169 1235,1214 1211,1215 1161,1218 1157,1218"/>
          <TextEquiv>
            <Unicode>te</Unicode>
          </TextEquiv>
        </Word>
        <Word id="word_afa5f0db-4cbe-4dd9-9dec-85ab8a169733">
          <Coords points="1273,1167 1309,1166 1360,1166 1409,1165 1431,1165 1432,1210 1410,1210 1360,1211 1310,1211 1275,1212"/>
          <TextEquiv>
            <Unicode>meer</Unicode>
          </TextEquiv>
        </Word>
        <Word id="word_b6e5aa75-31a7-4266-924d-75d33e146b97">
          <Coords points="1469,1164 1508,1162 1559,1160 1588,1159 1589,1204 1560,1205 1510,1207 1471,1209"/>
          <TextEquiv>
            <Unicode>van</Unicode>
          </TextEquiv>
        </Word>
        <Word id="word_beaf027b-460e-4e27-9fc8-f03e96678430">
          <Coords points="1627,1159 1659,1158 1709,1156 1759,1155 1809,1154 1859,1153 1902,1151 1903,1196 1860,1198 1810,1199 1760,1200 1710,1201 1660,1203 1628,1204"/>
          <TextEquiv>
            <Unicode>jappans</Unicode>
          </TextEquiv>
        </Word>
        <Word id="word_a84a1c73-e554-4097-85fd-ce4d8ea65367">
          <Coords points="1947,1150 1964,1152 2011,1153 2059,1152 2109,1150 2139,1150 2139,1195 2110,1195 2060,1197 2010,1198 1959,1197 1941,1195"/>
          <TextEquiv>
            <Unicode>siver</Unicode>
          </TextEquiv>
        </Word>
        <Word id="word_5ca2dffb-7c97-48b3-a460-98ea478986c8">
          <Coords points="2177,1150 2209,1149 2258,1146 2310,1146 2359,1144 2409,1142 2453,1142 2453,1187 2410,1187 2360,1189 2310,1191 2261,1191 2210,1194 2178,1195"/>
          <TextEquiv>
            <Unicode>gesonde</Unicode>
          </TextEquiv>
        </Word>
        <Word id="word_6468aac8-e388-4328-a3f6-c0e8216c1bf0">
          <Coords points="2492,1142 2510,1142 2560,1142 2609,1141 2660,1141 2710,1141 2761,1143 2768,1143 2767,1188 2760,1188 2710,1186 2660,1186 2610,1186 2560,1187 2510,1187 2492,1187"/>
          <TextEquiv>
            <Unicode>wierde,</Unicode>
          </TextEquiv>
        </Word>
        <Word id="word_3e4fc76a-5926-4bba-ba2b-68579a43b38e">
          <Coords points="2807,1144 2811,1144 2860,1144 2910,1144 2961,1146 2966,1146 2963,1191 2960,1191 2910,1189 2860,1189 2810,1189 2807,1189"/>
          <TextEquiv>
            <Unicode>daer</Unicode>
          </TextEquiv>
        </Word>
        <Word id="word_21817b42-607d-418a-8c45-fdb1f44b8216">
          <Coords points="3005,1149 3012,1149 3061,1150 3080,1149 3082,1194 3060,1195 3009,1194 3003,1194"/>
          <TextEquiv>
            <Unicode>op</Unicode>
          </TextEquiv>
        </Word>
        <TextEquiv conf="0.9770895885747194">
          <Unicode>hier te meer van jappans siver gesonde wierde, daer op</Unicode>
        </TextEquiv>
        <TextStyle xHeight="37"/>
      </TextLine>
      <TextLine id="line_5df9a0cb-0ba1-4640-9b6a-549519cd91ba">
        <Coords points="920,1322 954,1306 1038,1230 1473,1230 1501,1258 1537,1259 1549,1251 1833,1247 1853,1239 2197,1239 2237,1203 2409,1198 2740,1206 2764,1230 2963,1238 2971,1246 3000,1227 3040,1226 3076,1254 3137,1228 3137,1294 3120,1303 3092,1298 2612,1304 2557,1347 2457,1351 2430,1330 2389,1326 2325,1355 2189,1342 2181,1334 2045,1330 1917,1330 1857,1339 1577,1339 1557,1322 1426,1315 1374,1359 1242,1350 1226,1363 920,1363"/>
        <Baseline points="952,1321 1002,1317 1052,1315 1102,1314 1152,1312 1202,1310 1252,1307 1302,1307 1352,1305 1402,1303 1452,1302 1502,1301 1552,1299 1602,1298 1652,1296 1702,1296 1752,1295 1802,1294 1852,1292 1902,1291 1952,1290 2002,1288 2052,1286 2102,1285 2152,1284 2202,1282 2252,1281 2302,1281 2352,1280 2402,1279 2452,1278 2502,1279 2552,1278 2602,1277 2652,1276 2702,1276 2752,1276 2802,1275 2852,1275 2902,1275 2952,1275 3002,1274 3052,1274 3102,1277 3106,1278"/>
        <Word id="word_6ccc3d84-ea96-4552-a6df-3333ef3d8036">
          <Coords points="949,1286 999,1282 1051,1280 1101,1279 1104,1279 1106,1324 1102,1324 1052,1325 1003,1327 953,1331"/>
          <TextEquiv>
            <Unicode>hier</Unicode>
          </TextEquiv>
        </Word>
        <Word id="word_c1ebdbba-42be-4ceb-98f4-2d0e42a1f38b">
          <Coords points="1143,1277 1151,1277 1201,1275 1250,1272 1298,1272 1298,1317 1253,1317 1202,1320 1152,1322 1145,1322"/>
          <TextEquiv>
            <Unicode>veel</Unicode>
          </TextEquiv>
        </Word>
        <Word id="word_654a8dc0-6535-4290-a248-1e823f35bdbc">
          <Coords points="1332,1272 1348,1270 1401,1268 1451,1267 1501,1266 1551,1264 1601,1263 1651,1261 1702,1261 1751,1260 1797,1259 1798,1304 1752,1305 1702,1306 1652,1306 1602,1308 1552,1309 1502,1311 1452,1312 1402,1313 1353,1315 1338,1317"/>
          <TextEquiv>
            <Unicode>geadvanceert</Unicode>
          </TextEquiv>
        </Word>
        <Word id="word_a0cda8c9-6108-4924-9206-c86bebb383e3">
          <Coords points="1834,1258 1849,1257 1901,1256 1913,1256 1914,1301 1902,1301 1853,1302 1837,1303"/>
          <TextEquiv>
            <Unicode>en</Unicode>
          </TextEquiv>
        </Word>
        <Word id="word_7844f3c4-1b6b-45fb-8298-6cf3a8160e4a">
          <Coords points="1951,1255 1951,1255 2001,1253 2027,1252 2029,1297 2002,1298 1952,1300 1952,1300"/>
          <TextEquiv>
            <Unicode>en</Unicode>
          </TextEquiv>
        </Word>
        <Word id="word_b9f36ec5-78ce-438c-8bcb-fba3213d6112">
          <Coords points="2067,1250 2102,1250 2151,1249 2201,1247 2251,1246 2298,1246 2298,1291 2252,1291 2202,1292 2152,1294 2102,1295 2067,1295"/>
          <TextEquiv>
            <Unicode>contra</Unicode>
          </TextEquiv>
        </Word>
        <Word id="word_9f905da3-6a2a-46bf-94a3-9117abb04fde">
          <Coords points="2334,1246 2350,1245 2401,1244 2413,1244 2414,1289 2402,1289 2353,1290 2337,1291"/>
          <TextEquiv>
            <Unicode>op</Unicode>
          </TextEquiv>
        </Word>
        <Word id="word_ef7a5302-e74a-492e-adda-af3213d9b551">
          <Coords points="2451,1243 2451,1243 2503,1244 2528,1243 2529,1288 2502,1289 2452,1288 2452,1288"/>
          <TextEquiv>
            <Unicode>d'</Unicode>
          </TextEquiv>
        </Word>
        <Word id="word_7fc0627b-1075-4028-b169-ed878f1b1727">
          <Coords points="2567,1243 2601,1242 2651,1241 2702,1241 2721,1241 2721,1286 2702,1286 2652,1286 2602,1287 2568,1288"/>
          <TextEquiv>
            <Unicode>cust</Unicode>
          </TextEquiv>
        </Word>
        <Word id="word_9529a2bb-436b-42d6-a01e-a2550f767359">
          <Coords points="2759,1241 2801,1240 2852,1240 2902,1240 2952,1240 3001,1239 3052,1239 3104,1242 3114,1244 3103,1288 3101,1287 3052,1284 3002,1284 2952,1285 2902,1285 2852,1285 2802,1285 2760,1286"/>
          <TextEquiv>
            <Unicode>verlooren</Unicode>
          </TextEquiv>
        </Word>
        <TextEquiv conf="0.9525193017407274">
          <Unicode>hier veel geadvanceert en en contra op d' cust verlooren</Unicode>
        </TextEquiv>
        <TextStyle xHeight="39"/>
      </TextLine>
      <TextLine id="line_95fbb39d-8552-4f07-b805-fb874ab66a9a">
        <Coords points="914,1344 1236,1344 1284,1348 1296,1356 1380,1357 1432,1312 1555,1320 1579,1341 2063,1340 2265,1345 2279,1356 2295,1357 2336,1352 2387,1324 2427,1328 2455,1349 2558,1345 2598,1316 3103,1327 3103,1392 3022,1390 2986,1425 2960,1437 2874,1436 2842,1420 2807,1386 2674,1386 2654,1390 2627,1413 2483,1412 2447,1445 2431,1449 2415,1436 2359,1441 2347,1432 2243,1432 2203,1424 1963,1425 1930,1402 1599,1410 1555,1421 1487,1421 1479,1429 1212,1428 1204,1420 1160,1420 1004,1429 928,1425 914,1433"/>
        <Baseline points="946,1419 996,1419 1046,1416 1096,1414 1146,1411 1196,1409 1246,1407 1296,1404 1346,1403 1396,1401 1446,1399 1496,1398 1546,1398 1596,1397 1646,1396 1696,1395 1746,1393 1796,1392 1846,1390 1896,1389 1946,1388 1996,1387 2046,1387 2096,1388 2146,1387 2196,1386 2246,1388 2296,1387 2346,1384 2396,1382 2446,1380 2496,1379 2546,1379 2596,1379 2646,1379 2696,1378 2746,1377 2796,1377 2846,1378 2896,1379 2946,1380 2996,1379 3046,1378 3072,1376"/>
        <Word id="word_1ff343c0-a223-4619-b8fe-754fc60db691">
          <Coords points="946,1384 996,1384 1044,1381 1095,1379 1141,1376 1143,1421 1096,1424 1047,1426 996,1429 946,1429"/>
          <TextEquiv>
            <Unicode>wert,</Unicode>
          </TextEquiv>
        </Word>
        <Word id="word_df603389-977b-4545-a22b-9de18b22bd27">
          <Coords points="1182,1374 1196,1374 1245,1372 1294,1369 1339,1368 1340,1413 1297,1414 1246,1417 1196,1419 1182,1419"/>
          <TextEquiv>
            <Unicode>dier</Unicode>
          </TextEquiv>
        </Word>
        <Word id="word_e6f4f8f0-4319-4e11-ab0d-ac791394c2dc">
          <Coords points="1376,1367 1393,1366 1445,1364 1495,1363 1546,1363 1595,1362 1645,1361 1695,1360 1732,1359 1734,1404 1696,1405 1646,1406 1596,1407 1546,1408 1496,1408 1446,1409 1397,1411 1380,1412"/>
          <TextEquiv>
            <Unicode>oorsaacke</Unicode>
          </TextEquiv>
        </Word>
        <Word id="word_4d4fd8fa-7eb2-43bc-8dcc-9cbce8964886">
          <Coords points="1773,1357 1796,1357 1845,1355 1895,1354 1929,1353 1930,1398 1896,1399 1846,1400 1796,1402 1773,1402"/>
          <TextEquiv>
            <Unicode>mijn</Unicode>
          </TextEquiv>
        </Word>
        <Word id="word_8ff488bd-0280-4125-8fb6-75669dcd9cde">
          <Coords points="1969,1353 1995,1352 2046,1352 2097,1353 2145,1352 2195,1351 2247,1353 2284,1352 2285,1397 2246,1398 2196,1396 2146,1397 2096,1398 2046,1397 1996,1397 1970,1398"/>
          <TextEquiv>
            <Unicode>tvoorsz:</Unicode>
          </TextEquiv>
        </Word>
        <Word id="word_c5938998-7837-48b0-8226-73a1150e84b5">
          <Coords points="2320,1352 2342,1349 2395,1347 2445,1345 2495,1344 2546,1344 2596,1344 2639,1344 2639,1389 2596,1389 2546,1389 2496,1389 2446,1390 2396,1392 2347,1394 2325,1396"/>
          <TextEquiv>
            <Unicode>weijnich</Unicode>
          </TextEquiv>
        </Word>
        <Word id="word_7e20a3d0-dcf5-4bc6-a16b-2701edb0a321">
          <Coords points="2676,1344 2694,1343 2745,1342 2796,1342 2847,1343 2897,1344 2947,1345 2953,1345 2954,1390 2946,1390 2896,1389 2846,1388 2796,1387 2746,1387 2697,1388 2679,1389"/>
          <TextEquiv>
            <Unicode>verlies</Unicode>
          </TextEquiv>
        </Word>
        <Word id="word_67343c32-a8df-46d1-9673-09da726a46a2">
          <Coords points="2992,1344 2995,1344 3045,1343 3069,1341 3073,1386 3046,1388 2996,1389 2993,1389"/>
          <TextEquiv>
            <Unicode>op</Unicode>
          </TextEquiv>
        </Word>
        <TextEquiv conf="0.9252940297541847">
          <Unicode>wert, dier oorsaacke mijn tvoorsz: weijnich verlies op</Unicode>
        </TextEquiv>
        <TextStyle xHeight="34"/>
      </TextLine>
      <TextLine id="line_80c144bf-e7da-44d7-b653-8a467fa2d993">
        <Coords points="929,1437 947,1429 1163,1417 1555,1421 1587,1417 1595,1409 1911,1405 1931,1398 1963,1425 2203,1424 2243,1432 2347,1432 2359,1441 2415,1436 2431,1449 2447,1445 2479,1413 2627,1413 2651,1389 2675,1385 2804,1385 2839,1420 2879,1437 2979,1437 2995,1422 3072,1422 3072,1487 3060,1490 2863,1490 2795,1498 2423,1489 2315,1526 2291,1526 2255,1561 2242,1561 2225,1544 2207,1544 2139,1501 2071,1497 1775,1502 1707,1561 1627,1552 1591,1525 1567,1517 1351,1517 1277,1581 1231,1576 1183,1529 967,1529 958,1521 929,1521"/>
        <Baseline points="961,1512 1011,1509 1061,1506 1111,1504 1161,1503 1211,1500 1261,1499 1311,1497 1361,1497 1411,1495 1461,1493 1511,1492 1561,1490 1611,1489 1661,1488 1711,1486 1761,1484 1811,1483 1861,1482 1911,1480 1961,1480 2011,1479 2061,1477 2111,1477 2161,1476 2211,1476 2261,1476 2311,1475 2361,1474 2411,1474 2461,1475 2511,1474 2561,1473 2611,1473 2661,1471 2711,1471 2761,1470 2811,1470 2861,1470 2911,1468 2961,1469 3011,1470 3041,1471"/>
        <Word id="word_23136090-d067-454a-aa70-15d5076ca9e8">
          <Coords points="959,1477 1009,1474 1033,1473 1036,1518 1012,1519 962,1522"/>
          <TextEquiv>
            <Unicode>de</Unicode>
          </TextEquiv>
        </Word>
        <Word id="word_c95d453c-6a22-4d20-90db-69945922d718">
          <Coords points="1071,1470 1110,1469 1160,1468 1209,1465 1260,1464 1310,1462 1361,1462 1405,1460 1407,1505 1361,1507 1311,1507 1261,1509 1212,1510 1161,1513 1111,1514 1073,1515"/>
          <TextEquiv>
            <Unicode>abbassijs</Unicode>
          </TextEquiv>
        </Word>
        <Word id="word_5e7fd011-a9f5-4ba9-a331-12d2a50f15b6">
          <Coords points="1442,1459 1460,1458 1510,1457 1560,1455 1591,1454 1592,1499 1561,1500 1511,1502 1461,1503 1444,1504"/>
          <TextEquiv>
            <Unicode>niet</Unicode>
          </TextEquiv>
        </Word>
        <Word id="word_d10c06ac-404f-4ad7-bf98-5a30582f406a">
          <Coords points="1629,1454 1660,1453 1710,1451 1739,1450 1741,1495 1711,1496 1661,1498 1630,1499"/>
          <TextEquiv>
            <Unicode>can</Unicode>
          </TextEquiv>
        </Word>
        <Word id="word_8810cb11-bc59-411f-8e90-68f67f71c977">
          <Coords points="1778,1448 1811,1448 1860,1447 1910,1445 1961,1445 2010,1444 2060,1442 2111,1442 2112,1442 2112,1487 2111,1487 2061,1487 2011,1489 1961,1490 1911,1490 1861,1492 1811,1493 1778,1493"/>
          <TextEquiv>
            <Unicode>jnbeelden</Unicode>
          </TextEquiv>
        </Word>
        <Word id="word_f90ab26c-881e-456b-bfe7-e4efb52de8b6">
          <Coords points="2149,1441 2160,1441 2211,1441 2224,1441 2224,1486 2211,1486 2161,1486 2150,1486"/>
          <TextEquiv>
            <Unicode>om</Unicode>
          </TextEquiv>
        </Word>
        <Word id="word_7e9289a9-fd15-47aa-a011-bb92879a4912">
          <Coords points="2261,1441 2261,1441 2310,1440 2360,1439 2372,1439 2372,1484 2361,1484 2311,1485 2261,1486 2261,1486"/>
          <TextEquiv>
            <Unicode>dat</Unicode>
          </TextEquiv>
        </Word>
        <Word id="word_16582a50-dbeb-4b7b-bf34-30fd73fcc338">
          <Coords points="2409,1439 2411,1439 2462,1440 2510,1439 2520,1439 2521,1484 2511,1484 2461,1485 2411,1484 2409,1484"/>
          <TextEquiv>
            <Unicode>het</Unicode>
          </TextEquiv>
        </Word>
        <Word id="word_6e4393ad-c1cd-4ebf-bea9-bcbf4fe37b98">
          <Coords points="2557,1438 2560,1438 2611,1438 2660,1436 2711,1436 2760,1435 2781,1435 2781,1480 2761,1480 2711,1481 2661,1481 2611,1483 2561,1483 2558,1483"/>
          <TextEquiv>
            <Unicode>silver</Unicode>
          </TextEquiv>
        </Word>
        <Word id="word_c895cb56-cbd5-4a39-b12a-e38130e36eef">
          <Coords points="2818,1435 2861,1435 2910,1433 2962,1434 3012,1435 3042,1436 3041,1481 3011,1480 2961,1479 2911,1478 2861,1480 2818,1480"/>
          <TextEquiv>
            <Unicode>aldaer</Unicode>
          </TextEquiv>
        </Word>
        <TextEquiv conf="0.9597049222669145">
          <Unicode>de abbassijs niet can jnbeelden om dat het silver aldaer</Unicode>
        </TextEquiv>
        <TextStyle xHeight="37"/>
      </TextLine>
      <TextLine id="line_46235ab9-f7d9-4c02-afcc-d67e097089c0">
        <Coords points="920,1522 959,1522 966,1529 1182,1529 1230,1576 1276,1581 1350,1517 1570,1517 1630,1552 1709,1561 1790,1493 2141,1501 2162,1521 2197,1533 2209,1545 2225,1545 2242,1561 2266,1553 2293,1526 2373,1510 2417,1489 2581,1489 2589,1497 2945,1493 2957,1505 3086,1505 3103,1521 3126,1507 3126,1573 3115,1561 3013,1571 2537,1579 2461,1645 2441,1645 2409,1625 2309,1625 2289,1634 1866,1629 1838,1605 1578,1598 1570,1606 1346,1610 1278,1676 1266,1666 1186,1669 1174,1657 1050,1657 970,1633 955,1618 920,1617"/>
        <Baseline points="952,1610 1002,1612 1052,1609 1102,1608 1152,1607 1202,1605 1252,1603 1302,1602 1352,1601 1402,1599 1452,1597 1502,1594 1552,1592 1602,1591 1652,1590 1702,1588 1752,1586 1802,1583 1852,1580 1902,1578 1952,1577 2002,1576 2052,1576 2102,1576 2152,1575 2202,1574 2252,1573 2302,1573 2352,1573 2402,1573 2452,1572 2502,1571 2552,1570 2602,1569 2652,1567 2702,1565 2752,1566 2802,1566 2852,1563 2902,1562 2952,1560 3002,1560 3052,1560 3095,1557"/>
        <Word id="word_5d39684d-850d-494d-a21c-016454beb001">
          <Coords points="953,1575 1003,1577 1050,1574 1101,1573 1151,1572 1176,1571 1178,1616 1152,1617 1102,1618 1053,1619 1002,1622 952,1620"/>
          <TextEquiv>
            <Unicode>Beeter</Unicode>
          </TextEquiv>
        </Word>
        <Word id="word_821426c6-8466-48e6-88a7-3374a09af9b2">
          <Coords points="1214,1570 1251,1568 1301,1567 1351,1566 1364,1565 1366,1610 1352,1611 1302,1612 1252,1613 1216,1614"/>
          <TextEquiv>
            <Unicode>coop</Unicode>
          </TextEquiv>
        </Word>
        <Word id="word_0141b8e7-9a48-4d9f-8615-bca5fe416e8a">
          <Coords points="1402,1564 1451,1562 1500,1559 1514,1558 1516,1603 1503,1604 1452,1607 1404,1609"/>
          <TextEquiv>
            <Unicode>als</Unicode>
          </TextEquiv>
        </Word>
        <Word id="word_c86ea6ae-a3d2-44ef-99a2-5cd572910097">
          <Coords points="1553,1557 1601,1556 1651,1555 1701,1553 1702,1553 1704,1598 1702,1598 1652,1600 1602,1601 1554,1602"/>
          <TextEquiv>
            <Unicode>hier</Unicode>
          </TextEquiv>
        </Word>
        <Word id="word_a756e053-74f4-4361-bf5b-cf7597bd9eb3">
          <Coords points="1740,1551 1751,1551 1800,1548 1850,1545 1853,1545 1854,1590 1853,1590 1803,1593 1752,1596 1742,1596"/>
          <TextEquiv>
            <Unicode>is,</Unicode>
          </TextEquiv>
        </Word>
        <Word id="word_e1502b2e-c85e-421d-8e18-cdb4e2e6fa0f">
          <Coords points="1890,1543 1901,1543 1951,1542 2001,1541 2042,1541 2042,1586 2002,1586 1952,1587 1902,1588 1892,1588"/>
          <TextEquiv>
            <Unicode>maer</Unicode>
          </TextEquiv>
        </Word>
        <Word id="word_b5be36d2-efeb-4362-9199-501b46f320da">
          <Coords points="2080,1541 2102,1541 2151,1540 2201,1539 2251,1538 2268,1538 2268,1583 2252,1583 2202,1584 2152,1585 2102,1586 2080,1586"/>
          <TextEquiv>
            <Unicode>soude</Unicode>
          </TextEquiv>
        </Word>
        <Word id="word_e3948908-5760-4b28-b4d2-bfa965bd20fa">
          <Coords points="2305,1538 2352,1538 2381,1538 2381,1583 2352,1583 2305,1583"/>
          <TextEquiv>
            <Unicode>in</Unicode>
          </TextEquiv>
        </Word>
        <Word id="word_97e4f1b7-4bd1-4608-8ba7-74be2a80990c">
          <Coords points="2417,1538 2451,1537 2501,1536 2551,1535 2601,1534 2651,1532 2701,1530 2753,1531 2757,1531 2757,1576 2752,1576 2702,1575 2652,1577 2602,1579 2552,1580 2502,1581 2452,1582 2419,1583"/>
          <TextEquiv>
            <Unicode>tegendeel</Unicode>
          </TextEquiv>
        </Word>
        <Word id="word_4642e63f-f28a-42f8-845a-b2ebfd348a78">
          <Coords points="2794,1531 2802,1531 2850,1528 2901,1527 2951,1525 3002,1525 3052,1525 3093,1522 3096,1567 3052,1570 3002,1570 2952,1570 2902,1572 2853,1573 2802,1576 2794,1576"/>
          <TextEquiv>
            <Unicode>sustiner</Unicode>
          </TextEquiv>
        </Word>
        <TextEquiv conf="0.9462850683778439">
          <Unicode>Beeter coop als hier is, maer soude in tegendeel sustiner</Unicode>
        </TextEquiv>
        <TextStyle xHeight="35"/>
      </TextLine>
      <TextLine id="line_70bfc3ed-facd-4ce0-9475-85cd5bbbde69">
        <Coords points="931,1618 954,1619 973,1634 1045,1634 1101,1654 1173,1654 1189,1670 1264,1666 1281,1675 1349,1608 1441,1604 1649,1600 1845,1607 1868,1630 2408,1626 2420,1638 2464,1646 2536,1580 2708,1572 2763,1626 3051,1627 3117,1567 3172,1613 3172,1680 3130,1692 3108,1692 3084,1673 3027,1673 3019,1681 2683,1685 2676,1692 2635,1696 1828,1696 1808,1716 1652,1716 1640,1724 1544,1724 1512,1711 1085,1712 931,1720"/>
        <Baseline points="963,1713 1013,1709 1063,1706 1113,1702 1163,1700 1213,1699 1263,1698 1313,1695 1363,1694 1413,1693 1463,1691 1513,1690 1563,1688 1613,1687 1663,1686 1713,1684 1763,1682 1813,1681 1863,1680 1913,1679 1963,1678 2013,1677 2063,1676 2113,1676 2163,1675 2213,1673 2263,1670 2313,1669 2363,1669 2413,1668 2463,1668 2513,1667 2563,1667 2613,1668 2663,1668 2713,1667 2763,1666 2813,1665 2863,1665 2913,1664 2963,1664 3013,1664 3063,1665 3113,1665 3141,1663"/>
        <Word id="word_15bc9bd5-5b69-4de6-b84c-073844201bf8">
          <Coords points="960,1678 1010,1674 1061,1671 1110,1667 1162,1665 1191,1664 1192,1709 1163,1710 1114,1712 1064,1716 1014,1719 964,1723"/>
          <TextEquiv>
            <Unicode>aldaer</Unicode>
          </TextEquiv>
        </Word>
        <Word id="word_64c6cf55-347f-4366-9ed0-252aa707d92b">
          <Coords points="1229,1664 1262,1663 1311,1660 1362,1659 1382,1659 1383,1704 1363,1704 1314,1705 1263,1708 1230,1709"/>
          <TextEquiv>
            <Unicode>meer</Unicode>
          </TextEquiv>
        </Word>
        <Word id="word_090fc9c1-b46b-42c2-b4bf-1b7d40668262">
          <Coords points="1420,1658 1461,1656 1512,1655 1534,1654 1536,1699 1513,1700 1463,1701 1422,1703"/>
          <TextEquiv>
            <Unicode>als</Unicode>
          </TextEquiv>
        </Word>
        <Word id="word_4778c15e-132e-44b2-abb5-dc5b33127b01">
          <Coords points="1574,1653 1612,1652 1662,1651 1712,1649 1725,1648 1727,1693 1713,1694 1663,1696 1613,1697 1574,1698"/>
          <TextEquiv>
            <Unicode>hier</Unicode>
          </TextEquiv>
        </Word>
        <Word id="word_bddbf2f8-8c01-43d3-aefe-a0813b8656cd">
          <Coords points="1764,1647 1812,1646 1862,1645 1879,1645 1880,1690 1863,1690 1813,1691 1765,1692"/>
          <TextEquiv>
            <Unicode>sal</Unicode>
          </TextEquiv>
        </Word>
        <Word id="word_3de893a9-87c2-44de-869f-32ca08e43e6d">
          <Coords points="1917,1644 1962,1643 2012,1642 2062,1641 2113,1641 2162,1640 2212,1638 2260,1635 2262,1680 2213,1683 2163,1685 2113,1686 2063,1686 2013,1687 1963,1688 1918,1689"/>
          <TextEquiv>
            <Unicode>verlooren</Unicode>
          </TextEquiv>
        </Word>
        <Word id="word_5b405cb2-ddea-4e07-a767-a705ec590ae4">
          <Coords points="2303,1633 2316,1634 2363,1634 2412,1633 2463,1633 2512,1632 2563,1632 2568,1632 2567,1677 2563,1677 2513,1677 2463,1678 2413,1678 2363,1679 2312,1679 2299,1678"/>
          <TextEquiv>
            <Unicode>werden,</Unicode>
          </TextEquiv>
        </Word>
        <Word id="word_846dca78-cab0-4b8e-b160-3da8719221d2">
          <Coords points="2606,1633 2614,1633 2663,1633 2712,1632 2720,1632 2721,1677 2713,1677 2663,1678 2613,1678 2606,1678"/>
          <TextEquiv>
            <Unicode>ken</Unicode>
          </TextEquiv>
        </Word>
        <Word id="word_8c6bdced-ad74-4883-9cd4-872b1a87a47e">
          <Coords points="2758,1631 2762,1631 2812,1630 2863,1630 2912,1629 2963,1629 3013,1629 3064,1630 3113,1630 3138,1628 3142,1673 3113,1675 3063,1675 3013,1674 2963,1674 2913,1674 2863,1675 2813,1675 2763,1676 2759,1676"/>
          <TextEquiv>
            <Unicode>contrarier</Unicode>
          </TextEquiv>
        </Word>
        <TextEquiv conf="0.9328215846692027">
          <Unicode>aldaer meer als hier sal verlooren werden, ken contrarier</Unicode>
        </TextEquiv>
        <TextStyle xHeight="34"/>
      </TextLine>
      <TextLine id="a671918e-d3b4-4f31-b8c6-07ef81060c0b">
        <Coords points="930,1722 1040,1714 1520,1713 1544,1726 1632,1726 1656,1714 1808,1714 1832,1698 2492,1699 2636,1695 2684,1686 3024,1678 3064,1678 3097,1709 3097,1775 3089,1783 2752,1780 2696,1834 2669,1846 2636,1841 2604,1818 2060,1818 2040,1834 1920,1829 1881,1861 1840,1861 1801,1826 1376,1822 1340,1854 1310,1854 1297,1846 1100,1846 1068,1822 930,1829"/>
        <Baseline points="962,1800 1012,1800 1062,1798 1112,1796 1162,1793 1212,1791 1262,1790 1312,1789 1362,1785 1412,1785 1462,1785 1512,1785 1562,1782 1612,1781 1662,1780 1712,1778 1762,1776 1812,1776 1862,1775 1912,1775 1962,1775 2012,1773 2062,1772 2112,1772 2162,1772 2212,1772 2262,1771 2312,1770 2362,1770 2412,1769 2462,1768 2512,1767 2562,1766 2612,1766 2662,1765 2712,1765 2762,1765 2812,1764 2862,1764 2912,1764 2962,1763 3012,1762 3062,1758 3066,1758"/>
        <Word id="word_8bbad934-b52a-4854-ba8a-30a1ef8b701d">
          <Coords points="962,1765 1012,1765 1061,1763 1111,1761 1113,1761 1116,1806 1112,1806 1062,1808 1012,1810 962,1810"/>
          <TextEquiv>
            <Unicode>niet</Unicode>
          </TextEquiv>
        </Word>
        <Word id="word_124ff0e1-f096-40e2-a4fd-a5dcf24e7ab9">
          <Coords points="1151,1759 1160,1758 1211,1756 1261,1755 1267,1755 1268,1800 1262,1800 1212,1801 1163,1803 1154,1804"/>
          <TextEquiv>
            <Unicode>dat</Unicode>
          </TextEquiv>
        </Word>
        <Word id="word_1a174379-b30d-4894-9b34-6d7eb3c80630">
          <Coords points="1306,1754 1311,1754 1359,1750 1412,1750 1459,1750 1459,1795 1412,1795 1363,1795 1312,1799 1306,1799"/>
          <TextEquiv>
            <Unicode>sijn</Unicode>
          </TextEquiv>
        </Word>
        <Word id="word_4c30b29c-c1fd-4f8c-a31a-767988a907a8">
          <Coords points="1497,1750 1512,1750 1560,1747 1573,1747 1574,1792 1563,1792 1512,1795 1497,1795"/>
          <TextEquiv>
            <Unicode>E:</Unicode>
          </TextEquiv>
        </Word>
        <Word id="word_01d84cf9-9bab-4cb8-99d3-14aaaf250778">
          <Coords points="1611,1746 1661,1745 1711,1743 1725,1742 1727,1787 1712,1788 1662,1790 1612,1791"/>
          <TextEquiv>
            <Unicode>soo</Unicode>
          </TextEquiv>
        </Word>
        <Word id="word_f78bf6c5-f799-4c3b-a9cd-ec10f7095ebc">
          <Coords points="1765,1741 1812,1741 1861,1740 1912,1740 1962,1740 1993,1739 1995,1784 1962,1785 1912,1785 1862,1785 1812,1786 1765,1786"/>
          <TextEquiv>
            <Unicode>danich</Unicode>
          </TextEquiv>
        </Word>
        <Word id="word_205611f6-f8dd-46ba-9720-14edcf910c87">
          <Coords points="2033,1737 2062,1737 2112,1737 2162,1737 2212,1737 2261,1736 2311,1735 2362,1735 2411,1734 2415,1734 2416,1779 2412,1779 2362,1780 2312,1780 2262,1781 2212,1782 2162,1782 2112,1782 2062,1782 2033,1782"/>
          <TextEquiv>
            <Unicode>onderrecht</Unicode>
          </TextEquiv>
        </Word>
        <Word id="word_8e796cee-aef9-4059-b3e4-27fc746886c5">
          <Coords points="2453,1733 2461,1733 2511,1732 2561,1731 2569,1731 2569,1776 2562,1776 2512,1777 2462,1778 2454,1778"/>
          <TextEquiv>
            <Unicode>is,</Unicode>
          </TextEquiv>
        </Word>
        <Word id="word_e719fd6e-07b2-4c87-b24c-1ce740319eaf">
          <Coords points="2607,1731 2612,1731 2661,1730 2712,1730 2760,1730 2760,1775 2712,1775 2662,1775 2612,1776 2607,1776"/>
          <TextEquiv>
            <Unicode>maer</Unicode>
          </TextEquiv>
        </Word>
        <Word id="word_094d841c-9691-48b4-a83b-b82699adae94">
          <Coords points="2796,1730 2809,1729 2862,1729 2912,1729 2961,1728 3011,1727 3059,1723 3066,1723 3066,1768 3063,1768 3012,1772 2962,1773 2912,1774 2862,1774 2813,1774 2799,1775"/>
          <TextEquiv>
            <Unicode>geloove</Unicode>
          </TextEquiv>
        </Word>
        <TextEquiv conf="0.9327147172293117">
          <Unicode>niet dat sijn E: soo danich onderrecht is, maer geloove</Unicode>
        </TextEquiv>
        <TextStyle xHeight="40"/>
      </TextLine>
      <TextLine id="line_9085de4a-c9a6-4a55-bf68-999cb4c908b9">
        <Coords points="924,1816 1066,1820 1102,1847 1301,1847 1311,1856 1337,1856 1381,1813 1701,1813 1887,1800 1917,1828 2040,1833 2056,1820 2600,1820 2661,1848 2696,1836 2739,1796 2823,1796 2835,1805 2964,1804 2964,1869 2943,1878 2831,1878 2771,1929 2756,1929 2746,1920 2655,1920 2626,1940 2612,1931 2420,1931 2400,1946 2375,1924 2268,1920 2224,1941 2214,1933 2108,1932 2096,1924 1921,1924 1909,1912 1857,1904 1277,1904 1269,1897 1225,1941 924,1941"/>
        <Baseline points="956,1899 1006,1899 1056,1896 1106,1895 1156,1893 1206,1890 1256,1888 1306,1886 1356,1884 1406,1883 1456,1882 1506,1881 1556,1880 1606,1879 1656,1878 1706,1876 1756,1873 1806,1871 1856,1869 1906,1868 1956,1869 2006,1867 2056,1866 2106,1865 2156,1865 2206,1864 2256,1865 2306,1867 2356,1868 2406,1867 2456,1868 2506,1867 2556,1866 2606,1864 2656,1862 2706,1861 2756,1860 2806,1858 2856,1854 2906,1852 2933,1853"/>
        <Word id="word_318b6399-7216-45d9-8a51-ac74c95f8dc6">
          <Coords points="956,1864 1006,1864 1054,1861 1105,1860 1155,1858 1196,1856 1199,1900 1156,1903 1106,1905 1057,1906 1006,1909 956,1909"/>
          <TextEquiv>
            <Unicode>sulcks</Unicode>
          </TextEquiv>
        </Word>
        <Word id="word_c75e879c-b331-47ca-9e83-c911a7f12c33">
          <Coords points="1238,1853 1256,1853 1305,1851 1355,1849 1405,1848 1455,1847 1505,1846 1555,1845 1560,1845 1561,1890 1556,1890 1506,1891 1456,1892 1406,1893 1356,1894 1306,1896 1256,1898 1238,1898"/>
          <TextEquiv>
            <Unicode>gemeendt</Unicode>
          </TextEquiv>
        </Word>
        <Word id="word_ae9f9ac7-2550-468c-9f84-005278105d5a">
          <Coords points="1601,1844 1605,1844 1655,1843 1705,1841 1754,1838 1761,1838 1763,1883 1757,1883 1706,1886 1656,1888 1606,1889 1602,1889"/>
          <TextEquiv>
            <Unicode>wert</Unicode>
          </TextEquiv>
        </Word>
        <Word id="word_7be17ba0-af01-4b97-884a-2e2aff878ecb">
          <Coords points="1802,1836 1805,1836 1855,1834 1905,1833 1925,1833 1924,1878 1906,1878 1856,1879 1806,1881 1804,1881"/>
          <TextEquiv>
            <Unicode>tot</Unicode>
          </TextEquiv>
        </Word>
        <Word id="word_bca80bb0-3d02-4527-8d66-18def660b18d">
          <Coords points="1963,1834 2004,1832 2055,1831 2105,1830 2156,1830 2205,1829 2248,1830 2247,1875 2206,1874 2156,1875 2106,1875 2056,1876 2007,1877 1965,1879"/>
          <TextEquiv>
            <Unicode>sulcken</Unicode>
          </TextEquiv>
        </Word>
        <Word id="word_90b8ae23-13c8-4d59-ab1e-4f62362abfda">
          <Coords points="2290,1831 2309,1832 2357,1833 2405,1832 2457,1833 2489,1832 2489,1877 2456,1878 2406,1877 2356,1878 2305,1877 2287,1876"/>
          <TextEquiv>
            <Unicode>prijs</Unicode>
          </TextEquiv>
        </Word>
        <Word id="word_2633c39f-6de0-4aa2-8280-fd77dbc4cda3">
          <Coords points="2529,1832 2555,1831 2605,1829 2655,1827 2705,1826 2755,1825 2805,1823 2809,1823 2813,1867 2806,1868 2756,1870 2706,1871 2656,1872 2606,1874 2556,1876 2530,1877"/>
          <TextEquiv>
            <Unicode>gelijck</Unicode>
          </TextEquiv>
        </Word>
        <Word id="word_c8c091ae-9648-4900-badf-ec910805d9b6">
          <Coords points="2849,1819 2853,1819 2905,1817 2934,1818 2933,1863 2906,1862 2857,1864 2853,1864"/>
          <TextEquiv>
            <Unicode>jn</Unicode>
          </TextEquiv>
        </Word>
        <TextEquiv conf="0.9605579032657126">
          <Unicode>sulcks gemeendt wert tot sulcken prijs gelijck jn</Unicode>
        </TextEquiv>
        <TextStyle xHeight="36"/>
      </TextLine>
      <TextLine id="line_3a0e02aa-7cc3-425d-8f9a-0a46bdb3a5ca">
        <Coords points="906,1941 1224,1941 1269,1897 1276,1904 1856,1904 1908,1912 1924,1924 2096,1924 2108,1932 2213,1933 2223,1941 2260,1921 2335,1920 2375,1924 2401,1945 2428,1921 2508,1921 2560,1873 2651,1875 2665,1869 2716,1920 2772,1929 2828,1877 2947,1877 2960,1864 3056,1868 3107,1916 3114,1909 3137,1913 3137,1978 3128,1969 3112,1985 3102,1977 3085,1986 2684,1989 2646,2018 2556,2017 2489,1978 2176,1982 2164,1994 2071,1994 2061,1986 1760,1990 1700,1994 1653,2029 1580,2029 1564,2013 1204,2022 1188,2013 1064,2009 1048,2022 1012,2021 941,2092 924,2081 906,2081"/>
        <Baseline points="938,2004 988,1997 1038,1993 1088,1990 1138,1989 1188,1988 1238,1986 1288,1986 1338,1985 1388,1984 1438,1983 1488,1982 1538,1981 1588,1980 1638,1981 1688,1979 1738,1977 1788,1976 1838,1975 1888,1974 1938,1973 1988,1972 2038,1972 2088,1971 2138,1970 2188,1970 2238,1968 2288,1968 2338,1967 2388,1966 2438,1965 2488,1966 2538,1966 2588,1965 2638,1965 2688,1963 2738,1961 2788,1960 2838,1960 2888,1961 2938,1960 2988,1960 3038,1960 3088,1960 3106,1962"/>
        <Word id="word_9a4d4c68-1f80-4f6b-8068-681e949112cb">
          <Coords points="933,1969 983,1962 1035,1958 1086,1955 1137,1954 1187,1953 1191,1953 1193,1998 1188,1998 1138,1999 1089,2000 1039,2003 989,2007 939,2014"/>
          <TextEquiv>
            <Unicode>gamron</Unicode>
          </TextEquiv>
        </Word>
        <Word id="word_451cf6da-a265-4ff4-b736-61d348d0c5a2">
          <Coords points="1234,1951 1237,1951 1288,1951 1337,1950 1387,1949 1437,1948 1487,1947 1537,1946 1587,1945 1618,1946 1618,1991 1588,1990 1538,1991 1488,1992 1438,1993 1388,1994 1338,1995 1288,1996 1238,1996 1235,1996"/>
          <TextEquiv>
            <Unicode>ordinaris</Unicode>
          </TextEquiv>
        </Word>
        <Word id="word_644e5080-2a1b-4572-8fbe-8eea4a0ac5df">
          <Coords points="1657,1947 1685,1944 1737,1942 1787,1941 1837,1940 1887,1939 1937,1938 1987,1937 2038,1937 2087,1936 2127,1935 2128,1980 2088,1981 2038,1982 1988,1982 1938,1983 1888,1984 1838,1985 1788,1986 1738,1987 1689,1989 1661,1991"/>
          <TextEquiv>
            <Unicode>gereduceert</Unicode>
          </TextEquiv>
        </Word>
        <Word id="word_68b6b2ee-9c6d-44bb-aa0b-4d75fc0ac77f">
          <Coords points="2172,1934 2189,1935 2237,1933 2288,1933 2337,1932 2387,1931 2437,1930 2469,1931 2468,1976 2438,1975 2388,1976 2338,1977 2288,1978 2238,1978 2188,1980 2170,1979"/>
          <TextEquiv>
            <Unicode>werden,</Unicode>
          </TextEquiv>
        </Word>
        <Word id="word_29cd9147-cf46-4753-b616-870db7b0f661">
          <Coords points="2510,1931 2537,1931 2587,1930 2638,1930 2687,1928 2737,1926 2787,1925 2808,1925 2808,1970 2788,1970 2738,1971 2688,1973 2638,1975 2588,1975 2538,1976 2511,1976"/>
          <TextEquiv>
            <Unicode>volgens</Unicode>
          </TextEquiv>
        </Word>
        <Word id="word_6ccf31fb-7695-4316-b563-3c871a8cd973">
          <Coords points="2852,1925 2889,1926 2937,1925 2988,1925 3038,1925 3088,1925 3110,1927 3105,1972 3088,1970 3038,1970 2988,1970 2938,1970 2888,1971 2851,1970"/>
          <TextEquiv>
            <Unicode>welcke</Unicode>
          </TextEquiv>
        </Word>
        <TextEquiv conf="0.959272801720892">
          <Unicode>gamron ordinaris gereduceert werden, volgens welcke</Unicode>
        </TextEquiv>
        <TextStyle xHeight="37"/>
      </TextLine>
      <TextLine id="ff3895e8-e330-4b97-8044-adafe0830133">
        <Coords points="887,2081 925,2081 942,2091 1013,2021 1049,2021 1065,2008 1185,2012 1205,2021 1544,2012 1565,2016 1577,2028 1657,2029 1705,1985 1997,1982 2108,1993 2148,1978 2489,1974 2512,1996 2564,2017 2648,2017 2684,1988 2768,1988 2788,2000 2996,2000 3012,2013 3081,2006 3081,2072 3041,2063 2720,2071 2680,2111 2627,2144 2612,2130 2580,2126 2568,2114 2488,2114 2456,2102 2348,2094 1425,2095 1365,2123 1273,2131 1249,2143 1145,2142 1117,2122 909,2118 887,2127"/>
        <Baseline points="919,2102 969,2098 1019,2098 1069,2096 1119,2094 1169,2092 1219,2090 1269,2088 1319,2086 1369,2086 1419,2086 1469,2084 1519,2082 1569,2080 1619,2079 1669,2078 1719,2077 1769,2076 1819,2074 1869,2073 1919,2071 1969,2070 2019,2069 2069,2068 2119,2068 2169,2067 2219,2066 2269,2066 2319,2065 2369,2063 2419,2061 2469,2061 2519,2062 2569,2063 2619,2062 2669,2062 2719,2063 2769,2062 2819,2059 2869,2057 2919,2056 2969,2054 3019,2053 3050,2056"/>
        <Word id="word_daa26903-78ce-48cb-b2de-84a8bb5a5d96">
          <Coords points="916,2067 966,2063 1019,2063 1068,2061 1118,2059 1168,2057 1218,2055 1268,2053 1318,2051 1369,2051 1378,2051 1378,2096 1369,2096 1319,2096 1269,2098 1219,2100 1169,2102 1119,2104 1069,2106 1019,2108 970,2108 920,2112"/>
          <TextEquiv>
            <Unicode>reeckeningh</Unicode>
          </TextEquiv>
        </Word>
        <Word id="word_363ad829-3958-49c3-ab52-39a96cdb169f">
          <Coords points="1419,2051 1468,2049 1518,2047 1568,2045 1587,2045 1588,2090 1569,2090 1519,2092 1469,2094 1421,2096"/>
          <TextEquiv>
            <Unicode>hier</Unicode>
          </TextEquiv>
        </Word>
        <Word id="word_4586021a-8886-47d0-a6f7-19880840e349">
          <Coords points="1628,2044 1668,2043 1718,2042 1768,2041 1795,2040 1797,2085 1769,2086 1719,2087 1669,2088 1629,2089"/>
          <TextEquiv>
            <Unicode>niet</Unicode>
          </TextEquiv>
        </Word>
        <Word id="word_92f02613-dbb6-4946-ae5c-164a5718f60a">
          <Coords points="1838,2038 1869,2038 1918,2036 1968,2035 2005,2034 2006,2079 1969,2080 1919,2081 1869,2083 1838,2083"/>
          <TextEquiv>
            <Unicode>meer</Unicode>
          </TextEquiv>
        </Word>
        <Word id="word_9d0a705a-529f-4fa9-ab76-280b24c181a1">
          <Coords points="2046,2033 2068,2033 2119,2033 2168,2032 2172,2032 2173,2077 2169,2077 2119,2078 2069,2078 2047,2078"/>
          <TextEquiv>
            <Unicode>als</Unicode>
          </TextEquiv>
        </Word>
        <Word id="word_9b716771-f511-42bf-a759-2c19b4c0ed21">
          <Coords points="2214,2031 2218,2031 2269,2031 2318,2030 2368,2028 2418,2026 2469,2026 2520,2027 2549,2028 2548,2073 2519,2072 2469,2071 2419,2071 2369,2073 2319,2075 2269,2076 2219,2076 2215,2076"/>
          <TextEquiv>
            <Unicode>ontrendt</Unicode>
          </TextEquiv>
        </Word>
        <Word id="word_afcecf1d-5b06-4320-8094-8a639227c77d">
          <Coords points="2589,2028 2617,2027 2632,2027 2632,2072 2620,2072 2591,2073"/>
          <TextEquiv>
            <Unicode>3</Unicode>
          </TextEquiv>
        </Word>
        <Word id="word_c62f9001-d311-47da-ade2-678e2cda8236">
          <Coords points="2675,2027 2720,2028 2768,2027 2797,2025 2800,2070 2769,2072 2719,2073 2674,2072"/>
          <TextEquiv>
            <Unicode>p=r</Unicode>
          </TextEquiv>
        </Word>
        <Word id="word_f1973280-c938-4c39-bc25-57e0a412b123">
          <Coords points="2840,2023 2868,2022 2918,2021 2968,2019 3018,2018 3053,2021 3049,2066 3019,2063 2969,2064 2919,2066 2869,2067 2841,2068"/>
          <TextEquiv>
            <Unicode>cento</Unicode>
          </TextEquiv>
        </Word>
        <TextEquiv conf="0.920650775006713">
          <Unicode>reeckeningh hier niet meer als ontrendt 3 p=r cento</Unicode>
        </TextEquiv>
        <TextStyle xHeight="38"/>
      </TextLine>
      <TextLine id="line_85f76d9d-e398-47b0-9514-d36366c0f40e">
        <Coords points="929,2118 1115,2122 1147,2142 1252,2142 1275,2131 1351,2123 1411,2107 1427,2095 1459,2091 2351,2094 2455,2102 2487,2114 2567,2114 2579,2126 2611,2130 2626,2144 2647,2126 2671,2119 2711,2082 2980,2093 2980,2158 2927,2156 2751,2247 2523,2246 2511,2238 2231,2247 1679,2246 1239,2238 1219,2230 1063,2226 1019,2247 929,2255"/>
        <Baseline points="961,2205 1011,2205 1061,2204 1111,2202 1161,2200 1211,2198 1261,2196 1311,2195 1361,2194 1411,2192 1461,2191 1511,2189 1561,2188 1611,2184 1661,2181 1711,2179 1761,2178 1811,2175 1861,2173 1911,2172 1961,2170 2011,2168 2061,2167 2111,2166 2161,2165 2211,2165 2261,2162 2311,2161 2361,2160 2411,2159 2461,2158 2511,2156 2561,2156 2611,2155 2661,2155 2711,2154 2761,2152 2811,2149 2861,2147 2911,2144 2949,2142"/>
        <Word id="word_6dc9fc91-a38c-4a7b-a40f-db155035a89c">
          <Coords points="961,2170 1011,2170 1060,2169 1110,2167 1160,2165 1210,2163 1238,2162 1240,2207 1211,2208 1161,2210 1111,2212 1061,2214 1011,2215 961,2215"/>
          <TextEquiv>
            <Unicode>schaade</Unicode>
          </TextEquiv>
        </Word>
        <Word id="word_97e06624-e5c1-43ad-9f3d-7c8c81c3b892">
          <Coords points="1279,2160 1311,2160 1360,2159 1410,2157 1460,2156 1510,2154 1557,2153 1558,2198 1511,2199 1461,2201 1411,2202 1361,2204 1311,2205 1279,2205"/>
          <TextEquiv>
            <Unicode>voorden</Unicode>
          </TextEquiv>
        </Word>
        <Word id="word_16c51aba-839d-4125-ad95-48cae0c37f77">
          <Coords points="1589,2153 1603,2150 1659,2146 1710,2144 1755,2143 1756,2188 1711,2189 1662,2191 1613,2194 1600,2197"/>
          <TextEquiv>
            <Unicode>thol</Unicode>
          </TextEquiv>
        </Word>
        <Word id="word_6aad0ce7-4966-44b2-a676-b78ad547382d">
          <Coords points="1790,2143 1806,2140 1860,2138 1874,2138 1875,2183 1861,2183 1812,2185 1797,2187"/>
          <TextEquiv>
            <Unicode>en</Unicode>
          </TextEquiv>
        </Word>
        <Word id="word_30a62aea-9ff7-48ac-b6cb-da1f1f9572e4">
          <Coords points="1913,2137 1960,2135 2010,2133 2060,2132 2110,2131 2160,2130 2211,2130 2259,2127 2310,2126 2312,2126 2313,2171 2311,2171 2262,2172 2211,2175 2161,2175 2111,2176 2061,2177 2011,2178 1961,2180 1915,2182"/>
          <TextEquiv>
            <Unicode>onderwicht</Unicode>
          </TextEquiv>
        </Word>
        <Word id="word_27f76c33-48ae-43a5-b056-16e89a49d031">
          <Coords points="2352,2125 2360,2125 2410,2124 2460,2123 2510,2121 2561,2121 2610,2120 2661,2120 2710,2119 2710,2164 2661,2165 2611,2165 2561,2166 2511,2166 2461,2168 2411,2169 2361,2170 2352,2170"/>
          <TextEquiv>
            <Unicode>rendeeren</Unicode>
          </TextEquiv>
        </Word>
        <Word id="word_6b41702b-c6e6-4098-b988-855dc804959e">
          <Coords points="2746,2118 2757,2117 2809,2114 2860,2112 2909,2109 2947,2107 2949,2152 2912,2154 2861,2157 2812,2159 2762,2162 2751,2163"/>
          <TextEquiv>
            <Unicode>soude</Unicode>
          </TextEquiv>
        </Word>
        <TextEquiv conf="0.9600778851081757">
          <Unicode>schaade voorden thol en onderwicht rendeeren soude</Unicode>
        </TextEquiv>
        <TextStyle xHeight="45"/>
      </TextLine>
    </TextRegion>
    <TextRegion id="region_14437ac6-2680-4186-9381-7759bccf46ee_2" custom="structure {type:paragraph;}">
      <Coords points="921,2330 941,2371 938,2385 941,2389 938,2409 941,2501 938,2539 924,2577 924,2625 934,2649 934,2707 941,2734 941,2827 948,2861 948,2926 952,2929 948,2953 952,3008 941,3052 945,3152 952,3176 955,3254 965,3271 989,3282 1106,3285 1164,3278 1424,3278 1489,3271 1629,3271 1804,3258 1920,3258 1948,3251 1972,3234 1975,3220 1958,3200 1958,3189 1968,3179 1989,3169 2019,3162 2112,3162 2115,3165 2119,3162 2180,3162 2228,3152 2280,3165 2321,3186 2348,3186 2365,3179 2403,3176 2417,3179 2420,3176 2502,3176 2632,3165 2814,3162 2858,3155 3039,3165 3067,3158 3077,3141 3084,3063 3081,3011 3084,3008 3084,2864 3087,2861 3084,2809 3077,2785 3087,2365 3077,2327 3053,2303 2947,2300 2903,2306 2660,2306 2622,2313 2410,2313 2406,2317 2187,2317 2184,2313 1985,2313 1982,2310 1954,2313 1889,2306 1585,2310 1581,2306 1431,2306 1328,2296 1242,2303 1219,2300 1078,2303 1027,2296 976,2258 962,2282 948,2282"/>
      <TextLine id="cb09e023-88df-45d5-942d-6d6026bf8546">
        <Coords points="827,2250 965,2254 1021,2246 1061,2226 1220,2230 1252,2249 1596,2253 1612,2269 1660,2273 1860,2273 1896,2297 2219,2300 2231,2309 2483,2305 2527,2262 2539,2261 2575,2297 2676,2297 2707,2305 2894,2300 2950,2309 3089,2307 3096,2301 3103,2308 3103,2374 3071,2367 3054,2375 2655,2374 2633,2387 2608,2366 1956,2366 1919,2399 1888,2369 1796,2369 1725,2430 1696,2406 1664,2402 1616,2402 1600,2415 1588,2409 1469,2406 1364,2411 1228,2406 1212,2398 1041,2403 1021,2386 827,2383"/>
        <Baseline points="859,2349 909,2351 959,2353 1009,2354 1059,2353 1109,2353 1159,2353 1209,2352 1259,2352 1309,2352 1359,2352 1409,2352 1459,2352 1509,2351 1559,2352 1609,2351 1659,2354 1709,2354 1759,2353 1809,2352 1859,2352 1909,2353 1959,2352 2009,2353 2059,2353 2109,2353 2159,2352 2209,2353 2259,2352 2309,2352 2359,2351 2409,2351 2459,2352 2509,2352 2559,2351 2609,2351 2659,2351 2709,2350 2759,2350 2809,2350 2859,2350 2909,2351 2959,2351 3009,2353 3059,2355 3072,2358"/>
        <Word id="word_05d4a369-77f8-4351-a1c6-a0c89b8b132f">
          <Coords points="860,2314 910,2316 960,2318 968,2318 968,2363 959,2363 909,2361 859,2359"/>
          <TextEquiv>
            <Unicode>Soo</Unicode>
          </TextEquiv>
        </Word>
        <Word id="word_51556f86-1122-4a12-a89c-11de5c359ba9">
          <Coords points="1005,2319 1010,2319 1058,2318 1109,2318 1159,2318 1185,2317 1186,2362 1159,2363 1109,2363 1059,2363 1009,2364 1004,2364"/>
          <TextEquiv>
            <Unicode>hebbe</Unicode>
          </TextEquiv>
        </Word>
        <Word id="word_d1c17a6d-8a43-4ba7-8af6-86e83c6276ef">
          <Coords points="1222,2317 1259,2317 1309,2317 1359,2317 1367,2317 1367,2362 1359,2362 1309,2362 1259,2362 1222,2362"/>
          <TextEquiv>
            <Unicode>oock</Unicode>
          </TextEquiv>
        </Word>
        <Word id="word_ffc1e5e3-ec92-48a9-8b61-1c469a8f5815">
          <Coords points="1403,2317 1409,2317 1459,2317 1508,2316 1549,2317 1548,2362 1509,2361 1459,2362 1409,2362 1403,2362"/>
          <TextEquiv>
            <Unicode>uijt</Unicode>
          </TextEquiv>
        </Word>
        <Word id="word_4b11b764-4012-4e88-ade2-c5d0a12a9e77">
          <Coords points="1583,2318 1607,2316 1661,2319 1709,2319 1729,2319 1730,2364 1709,2364 1658,2364 1610,2361 1585,2362"/>
          <TextEquiv>
            <Unicode>sijn</Unicode>
          </TextEquiv>
        </Word>
        <Word id="word_0b5d3a89-b7dd-4504-beba-516936c85572">
          <Coords points="1765,2318 1808,2317 1839,2317 1839,2362 1809,2362 1766,2363"/>
          <TextEquiv>
            <Unicode>E:</Unicode>
          </TextEquiv>
        </Word>
        <Word id="word_eb0fc2e0-2e33-4595-869f-19d5911ce28e">
          <Coords points="1876,2317 1910,2318 1958,2317 2010,2318 2059,2318 2109,2318 2158,2317 2202,2318 2201,2363 2159,2362 2109,2363 2059,2363 2009,2363 1959,2362 1909,2363 1875,2362"/>
          <TextEquiv>
            <Unicode>generaele</Unicode>
          </TextEquiv>
        </Word>
        <Word id="word_96726ebb-737e-4dfa-adae-1c67c89c1dad">
          <Coords points="2235,2319 2256,2317 2309,2317 2358,2316 2409,2316 2460,2317 2509,2317 2527,2317 2528,2362 2509,2362 2459,2362 2409,2361 2359,2361 2309,2362 2260,2362 2238,2364"/>
          <TextEquiv>
            <Unicode>missiven</Unicode>
          </TextEquiv>
        </Word>
        <Word id="word_e5c4a590-1d7a-4b6e-9d73-e943df5efb98">
          <Coords points="2564,2316 2609,2316 2659,2316 2708,2315 2759,2315 2809,2315 2859,2315 2910,2316 2959,2316 3010,2318 3060,2320 3080,2324 3070,2368 3059,2365 3009,2363 2959,2361 2909,2361 2859,2360 2809,2360 2759,2360 2709,2360 2659,2361 2609,2361 2564,2361"/>
          <TextEquiv>
            <Unicode>gecollecteert,</Unicode>
          </TextEquiv>
        </Word>
        <TextEquiv conf="0.9518750831132664">
          <Unicode>Soo hebbe oock uijt sijn E: generaele missiven gecollecteert,</Unicode>
        </TextEquiv>
        <TextStyle xHeight="40"/>
      </TextLine>
      <TextLine id="f37ebe60-334e-4837-8c49-0f86ceb98808">
        <Coords points="926,2386 1188,2390 1228,2406 1363,2411 1472,2406 1587,2409 1599,2415 1619,2402 1666,2402 1699,2406 1728,2430 1771,2391 1871,2389 1878,2395 1888,2387 1920,2399 1959,2366 2098,2374 2110,2386 2458,2390 2474,2403 2534,2403 2562,2379 2574,2378 2600,2378 2625,2399 2658,2374 3062,2381 3061,2448 3033,2440 2706,2444 2663,2487 2578,2491 2562,2499 2547,2487 2534,2487 2510,2463 2414,2463 2390,2484 2366,2484 2336,2511 2326,2511 2305,2490 1823,2484 1793,2459 1783,2467 1769,2459 1620,2456 1383,2464 1370,2456 1280,2460 1212,2519 1164,2510 1128,2483 926,2479"/>
        <Baseline points="958,2446 1008,2450 1058,2450 1108,2450 1158,2449 1208,2449 1258,2449 1308,2448 1358,2447 1408,2448 1458,2448 1508,2447 1558,2446 1608,2446 1658,2446 1708,2447 1758,2447 1808,2447 1858,2446 1908,2445 1958,2444 2008,2445 2058,2446 2108,2445 2158,2443 2208,2443 2258,2442 2308,2442 2358,2442 2408,2440 2458,2437 2508,2437 2558,2435 2608,2434 2658,2435 2708,2434 2758,2434 2808,2433 2858,2433 2908,2432 2958,2431 3008,2430 3031,2430"/>
        <Word id="word_3a93d74f-96ca-4b73-9383-7c71ce9ba7c1">
          <Coords points="961,2411 1011,2415 1058,2415 1071,2415 1071,2460 1058,2460 1007,2460 957,2456"/>
          <TextEquiv>
            <Unicode>tot</Unicode>
          </TextEquiv>
        </Word>
        <Word id="word_1b782b2f-6e9b-40ab-a6f5-803b2e6efbdc">
          <Coords points="1108,2415 1157,2414 1208,2414 1222,2414 1222,2459 1208,2459 1158,2459 1109,2460"/>
          <TextEquiv>
            <Unicode>wat</Unicode>
          </TextEquiv>
        </Word>
        <Word id="word_f165722c-5606-4467-856d-a3f14dede6a5">
          <Coords points="1259,2414 1307,2413 1357,2412 1409,2413 1458,2413 1485,2412 1486,2457 1458,2458 1408,2458 1358,2457 1308,2458 1260,2459"/>
          <TextEquiv>
            <Unicode>prijse</Unicode>
          </TextEquiv>
        </Word>
        <Word id="word_6ae6f0c0-85c5-4d0e-ae28-9b1d5ba25e37">
          <Coords points="1523,2412 1557,2411 1608,2411 1658,2411 1675,2411 1674,2456 1658,2456 1608,2456 1558,2456 1524,2457"/>
          <TextEquiv>
            <Unicode>alle</Unicode>
          </TextEquiv>
        </Word>
        <Word id="word_149978b1-b1b2-479c-8434-a2ea1d5e1b3b">
          <Coords points="1712,2412 1758,2412 1808,2412 1857,2411 1907,2410 1957,2409 2009,2410 2052,2411 2051,2456 2008,2455 1958,2454 1908,2455 1858,2456 1808,2457 1758,2457 1712,2457"/>
          <TextEquiv>
            <Unicode>d'agrasen</Unicode>
          </TextEquiv>
        </Word>
        <Word id="word_50485a6d-6489-4ea6-939e-ada6668b8c7d">
          <Coords points="2086,2412 2105,2410 2157,2408 2208,2408 2257,2407 2308,2407 2358,2407 2407,2405 2456,2402 2466,2402 2466,2447 2459,2447 2408,2450 2358,2452 2308,2452 2258,2452 2208,2453 2158,2453 2109,2455 2090,2457"/>
          <TextEquiv>
            <Unicode>sorteringe</Unicode>
          </TextEquiv>
        </Word>
        <Word id="word_82124dff-cacd-46e7-98fd-3c42e86190d3">
          <Coords points="2503,2402 2508,2402 2557,2400 2607,2399 2655,2400 2654,2445 2608,2444 2558,2445 2508,2447 2503,2447"/>
          <TextEquiv>
            <Unicode>uijt</Unicode>
          </TextEquiv>
        </Word>
        <Word id="word_4a6d8603-6d1d-403d-9576-dd7dd214e1a8">
          <Coords points="2688,2401 2704,2399 2758,2399 2807,2398 2858,2398 2907,2397 2957,2396 3007,2395 3031,2395 3031,2440 3008,2440 2958,2441 2908,2442 2858,2443 2808,2443 2758,2444 2709,2444 2693,2446"/>
          <TextEquiv>
            <Unicode>gesondert</Unicode>
          </TextEquiv>
        </Word>
        <TextEquiv conf="0.9385366317742607">
          <Unicode>tot wat prijse alle d'agrasen sorteringe uijt gesondert</Unicode>
        </TextEquiv>
        <TextStyle xHeight="30"/>
      </TextLine>
      <TextLine id="cd93583b-3801-4323-b265-dfa69262ba5a">
        <Coords points="922,2481 1144,2481 1176,2511 1199,2520 1228,2508 1362,2513 1404,2477 1700,2481 1744,2513 1800,2481 2308,2493 2329,2513 2368,2486 2388,2486 2416,2461 2504,2461 2557,2497 2628,2494 2660,2490 2704,2446 3036,2438 3048,2429 3056,2429 3101,2473 3117,2475 3116,2542 3095,2527 3068,2539 3008,2539 2993,2531 2964,2531 2956,2538 2948,2531 2920,2531 2904,2539 2797,2542 2785,2535 2532,2535 2468,2543 2212,2543 2156,2547 2120,2582 1848,2582 1828,2581 1820,2573 1624,2570 1604,2590 1508,2590 1474,2617 1424,2613 1404,2593 1204,2593 1153,2632 1116,2632 1091,2620 922,2621"/>
        <Baseline points="954,2552 1004,2549 1054,2548 1104,2547 1154,2545 1204,2543 1254,2542 1304,2542 1354,2541 1404,2539 1454,2537 1504,2536 1554,2538 1604,2538 1654,2535 1704,2535 1754,2534 1804,2533 1854,2533 1904,2533 1954,2533 2004,2533 2054,2533 2104,2531 2154,2530 2204,2531 2254,2532 2304,2533 2354,2532 2404,2531 2454,2530 2504,2528 2554,2528 2604,2526 2654,2526 2704,2526 2754,2525 2804,2525 2854,2526 2904,2525 2954,2523 3004,2522 3054,2521 3086,2524"/>
        <Word id="word_961aedad-64fc-4540-b700-0c883cd11471">
          <Coords points="952,2517 1002,2514 1029,2513 1030,2558 1005,2559 955,2562"/>
          <TextEquiv>
            <Unicode>de</Unicode>
          </TextEquiv>
        </Word>
        <Word id="word_438665df-84d7-448a-a575-1ca8079619e0">
          <Coords points="1067,2513 1103,2512 1153,2510 1203,2508 1253,2507 1304,2507 1353,2506 1403,2504 1453,2502 1503,2501 1555,2503 1563,2503 1563,2548 1554,2548 1504,2546 1454,2547 1404,2549 1354,2551 1304,2552 1254,2552 1204,2553 1154,2555 1104,2557 1068,2558"/>
          <TextEquiv>
            <Unicode>Caijmghanijs,</Unicode>
          </TextEquiv>
        </Word>
        <Word id="word_4b6bac5c-cd0d-4119-8bca-937efbdc493b">
          <Coords points="1601,2503 1604,2503 1652,2500 1704,2500 1753,2499 1803,2498 1854,2498 1904,2498 1954,2498 2004,2498 2020,2498 2020,2543 2004,2543 1954,2543 1904,2543 1854,2543 1804,2543 1754,2544 1704,2545 1655,2545 1604,2548 1601,2548"/>
          <TextEquiv>
            <Unicode>gedebiteert</Unicode>
          </TextEquiv>
        </Word>
        <Word id="word_b3083610-d438-4776-b3de-af6e08bda3f5">
          <Coords points="2057,2498 2102,2496 2153,2495 2205,2496 2249,2497 2248,2542 2204,2541 2154,2540 2104,2541 2059,2543"/>
          <TextEquiv>
            <Unicode>sijn,</Unicode>
          </TextEquiv>
        </Word>
        <Word id="word_f32fe1c1-acbf-44d4-afff-d1a73002bf90">
          <Coords points="2287,2498 2305,2498 2353,2497 2403,2496 2438,2495 2439,2540 2404,2541 2354,2542 2304,2543 2286,2543"/>
          <TextEquiv>
            <Unicode>ende</Unicode>
          </TextEquiv>
        </Word>
        <Word id="word_5752eb7a-b989-459c-97de-6c2cc8a26bc2">
          <Coords points="2475,2495 2502,2493 2554,2493 2603,2491 2654,2491 2704,2491 2743,2490 2744,2535 2704,2536 2654,2536 2604,2536 2554,2538 2505,2538 2477,2540"/>
          <TextEquiv>
            <Unicode>bevinde</Unicode>
          </TextEquiv>
        </Word>
        <Word id="word_c982f9a9-2828-4f6c-b0dc-284f93584127">
          <Coords points="2782,2489 2805,2490 2855,2491 2903,2490 2953,2488 3003,2487 3053,2486 3089,2489 3085,2534 3054,2531 3004,2532 2954,2533 2904,2535 2854,2536 2804,2535 2781,2534"/>
          <TextEquiv>
            <Unicode>qualijck</Unicode>
          </TextEquiv>
        </Word>
        <TextEquiv conf="0.928872053554543">
          <Unicode>de Caijmghanijs, gedebiteert sijn, ende bevinde qualijck</Unicode>
        </TextEquiv>
        <TextStyle xHeight="35"/>
      </TextLine>
      <TextLine id="line_5ec8bb94-f496-468d-b3c0-f89c485c36f8">
        <Coords points="920,2610 1090,2618 1118,2631 1153,2631 1171,2626 1210,2590 1402,2590 1426,2614 1479,2615 1509,2591 1601,2591 1613,2583 2117,2583 2153,2548 2783,2547 2793,2555 2812,2536 2908,2531 2992,2531 3052,2586 3105,2583 3105,2649 3098,2656 2530,2645 2509,2645 2502,2652 2313,2652 2273,2692 2253,2692 2217,2719 2057,2718 1997,2659 1753,2660 1701,2664 1657,2680 1605,2680 1577,2667 1130,2664 1030,2672 982,2707 920,2707"/>
        <Baseline points="952,2664 1002,2665 1052,2662 1102,2659 1152,2656 1202,2654 1252,2652 1302,2651 1352,2649 1402,2648 1452,2645 1502,2643 1552,2642 1602,2641 1652,2640 1702,2639 1752,2638 1802,2637 1852,2637 1902,2636 1952,2635 2002,2635 2052,2634 2102,2634 2152,2635 2202,2635 2252,2633 2302,2634 2352,2634 2402,2633 2452,2632 2502,2632 2552,2631 2602,2631 2652,2631 2702,2631 2752,2631 2802,2630 2852,2630 2902,2629 2952,2629 3002,2629 3052,2627 3074,2632"/>
        <Word id="word_06be7373-4a79-4d02-8663-0b95c0b58838">
          <Coords points="953,2629 1003,2630 1023,2629 1026,2674 1002,2675 952,2674"/>
          <TextEquiv>
            <Unicode>19</Unicode>
          </TextEquiv>
        </Word>
        <Word id="word_d7997f05-5717-466c-9ddf-b64b52c1e1ac">
          <Coords points="1060,2626 1100,2624 1150,2621 1170,2620 1172,2665 1153,2666 1103,2669 1062,2671"/>
          <TextEquiv>
            <Unicode>p=r</Unicode>
          </TextEquiv>
        </Word>
        <Word id="word_d086f25a-9447-4d5e-b592-dc209f56ac1f">
          <Coords points="1207,2619 1251,2617 1301,2616 1351,2614 1390,2613 1391,2658 1352,2659 1302,2661 1252,2662 1208,2664"/>
          <TextEquiv>
            <Unicode>cento</Unicode>
          </TextEquiv>
        </Word>
        <Word id="word_943aedaa-7226-4361-a064-20b6ede2c97b">
          <Coords points="1424,2613 1448,2610 1501,2608 1551,2607 1573,2607 1574,2652 1552,2652 1502,2653 1453,2655 1429,2657"/>
          <TextEquiv>
            <Unicode>daer</Unicode>
          </TextEquiv>
        </Word>
        <Word id="word_621846ce-2bda-45e6-ba45-674fbc1e4497">
          <Coords points="1610,2606 1651,2605 1683,2604 1684,2649 1652,2650 1611,2651"/>
          <TextEquiv>
            <Unicode>op</Unicode>
          </TextEquiv>
        </Word>
        <Word id="word_8a28af69-91be-4c8d-bfcd-538d7b302471">
          <Coords points="1719,2604 1751,2603 1801,2602 1852,2602 1901,2601 1951,2600 2002,2600 2051,2599 2102,2599 2153,2600 2159,2600 2159,2645 2152,2645 2102,2644 2052,2644 2002,2645 1952,2645 1902,2646 1852,2647 1802,2647 1752,2648 1720,2649"/>
          <TextEquiv>
            <Unicode>geadvanceert</Unicode>
          </TextEquiv>
        </Word>
        <Word id="word_cf51948d-2c7d-4d58-a94d-18ecbbc5dc06">
          <Coords points="2196,2600 2202,2600 2251,2598 2303,2599 2342,2599 2342,2644 2302,2644 2252,2643 2202,2645 2196,2645"/>
          <TextEquiv>
            <Unicode>sij,</Unicode>
          </TextEquiv>
        </Word>
        <Word id="word_bd6a2b7c-2cf4-45dc-b2b7-fc0de299765d">
          <Coords points="2378,2599 2400,2598 2451,2597 2502,2597 2525,2597 2526,2642 2502,2642 2452,2642 2402,2643 2379,2644"/>
          <TextEquiv>
            <Unicode>dese</Unicode>
          </TextEquiv>
        </Word>
        <Word id="word_7f1dd759-4c8b-4b48-bc07-bccd2aa242d9">
          <Coords points="2562,2596 2602,2596 2652,2596 2702,2596 2752,2596 2781,2595 2782,2640 2752,2641 2702,2641 2652,2641 2602,2641 2562,2641"/>
          <TextEquiv>
            <Unicode>sobere</Unicode>
          </TextEquiv>
        </Word>
        <Word id="word_82230900-871f-415c-86fd-b7f2d2c4ed7d">
          <Coords points="2819,2595 2852,2595 2901,2594 2952,2594 3002,2594 3051,2592 3082,2598 3072,2642 3052,2637 3002,2639 2952,2639 2902,2639 2852,2640 2818,2640"/>
          <TextEquiv>
            <Unicode>winsten</Unicode>
          </TextEquiv>
        </Word>
        <TextEquiv conf="0.9750006765070183">
          <Unicode>19 p=r cento daer op geadvanceert sij, dese sobere winsten</Unicode>
        </TextEquiv>
        <TextStyle xHeight="37"/>
      </TextLine>
      <TextLine id="line_229dc67b-4e21-4c45-9e29-dadd4db18968">
        <Coords points="923,2707 981,2707 1025,2678 1461,2682 1485,2706 1518,2706 1541,2723 1588,2679 1658,2679 1701,2664 1753,2660 1996,2659 2056,2718 2216,2719 2244,2695 2272,2695 2312,2659 3028,2655 3056,2682 3065,2682 3065,2747 3012,2747 3006,2753 2104,2764 2069,2799 2036,2815 2008,2802 1469,2799 1349,2807 1313,2839 1289,2838 1281,2830 1270,2838 1193,2818 1101,2818 1077,2835 929,2834 923,2828"/>
        <Baseline points="955,2773 1005,2770 1055,2768 1105,2764 1155,2762 1205,2761 1255,2760 1305,2757 1355,2754 1405,2754 1455,2753 1505,2752 1555,2750 1605,2750 1655,2748 1705,2747 1755,2747 1805,2746 1855,2746 1905,2746 1955,2747 2005,2746 2055,2745 2105,2745 2155,2746 2205,2745 2255,2744 2305,2743 2355,2744 2405,2743 2455,2742 2505,2741 2555,2739 2605,2737 2655,2736 2705,2734 2755,2734 2805,2734 2855,2731 2905,2733 2955,2735 3005,2734 3034,2731"/>
        <Word id="word_468e53fe-9e1b-43d0-8a5f-53433d3d8ff3">
          <Coords points="953,2738 1003,2735 1054,2733 1102,2729 1154,2727 1204,2726 1219,2726 1220,2771 1205,2771 1155,2772 1106,2774 1055,2778 1006,2780 956,2783"/>
          <TextEquiv>
            <Unicode>schijnt</Unicode>
          </TextEquiv>
        </Word>
        <Word id="word_f4225763-92d9-4032-a45c-48b3c1fff1c8">
          <Coords points="1255,2725 1303,2722 1353,2719 1405,2719 1408,2719 1409,2764 1405,2764 1356,2764 1306,2767 1258,2770"/>
          <TextEquiv>
            <Unicode>sijn</Unicode>
          </TextEquiv>
        </Word>
        <Word id="word_d5794806-af3b-4cef-89eb-ac09eba67a8e">
          <Coords points="1445,2718 1454,2718 1504,2717 1520,2716 1522,2761 1505,2762 1455,2763 1446,2763"/>
          <TextEquiv>
            <Unicode>E:</Unicode>
          </TextEquiv>
        </Word>
        <Word id="word_9d0100cb-ba65-4f0d-909a-b7d67bd1268b">
          <Coords points="1560,2715 1605,2715 1654,2713 1672,2713 1673,2758 1655,2758 1605,2760 1560,2760"/>
          <TextEquiv>
            <Unicode>ons</Unicode>
          </TextEquiv>
        </Word>
        <Word id="word_ea76281c-9023-4302-8420-3470bc851c7f">
          <Coords points="1711,2712 1755,2712 1804,2711 1855,2711 1862,2711 1862,2756 1855,2756 1805,2756 1755,2757 1711,2757"/>
          <TextEquiv>
            <Unicode>mede</Unicode>
          </TextEquiv>
        </Word>
        <Word id="word_a2a27b0f-9747-41b6-8eb3-7182182256cd">
          <Coords points="1900,2711 1905,2711 1956,2712 1975,2712 1976,2757 1955,2757 1905,2756 1900,2756"/>
          <TextEquiv>
            <Unicode>t'</Unicode>
          </TextEquiv>
        </Word>
        <Word id="word_45f191eb-e2bb-442f-852f-2b4be007b6bf">
          <Coords points="2013,2711 2054,2710 2105,2710 2156,2711 2204,2710 2254,2709 2304,2708 2356,2709 2404,2708 2429,2708 2430,2753 2405,2753 2355,2754 2305,2753 2255,2754 2205,2755 2155,2756 2105,2755 2055,2755 2014,2756"/>
          <TextEquiv>
            <Unicode>nuputeeren,</Unicode>
          </TextEquiv>
        </Word>
        <Word id="word_790ceea0-c07f-4bca-950c-e7f87ce1dbc6">
          <Coords points="2466,2707 2504,2706 2541,2705 2543,2749 2505,2751 2467,2752"/>
          <TextEquiv>
            <Unicode>om</Unicode>
          </TextEquiv>
        </Word>
        <Word id="word_873dc837-cf88-41e2-81ca-d7766807744c">
          <Coords points="2579,2703 2604,2702 2654,2701 2693,2699 2694,2744 2655,2746 2605,2747 2581,2748"/>
          <TextEquiv>
            <Unicode>dat</Unicode>
          </TextEquiv>
        </Word>
        <Word id="word_fac0bf0a-9d86-4cdf-aef5-d3c8edf7250c">
          <Coords points="2733,2698 2757,2699 2805,2699 2805,2699 2808,2744 2805,2744 2755,2744 2731,2743"/>
          <TextEquiv>
            <Unicode>de</Unicode>
          </TextEquiv>
        </Word>
        <Word id="word_7db000a0-e0df-4f60-b901-e0cc86814133">
          <Coords points="2843,2697 2853,2696 2906,2698 2956,2700 3004,2699 3030,2696 3035,2741 3005,2744 2955,2745 2905,2743 2856,2741 2846,2742"/>
          <TextEquiv>
            <Unicode>selve</Unicode>
          </TextEquiv>
        </Word>
        <TextEquiv conf="0.9167825819421471">
          <Unicode>schijnt sijn E: ons mede t' nuputeeren, om dat de selve</Unicode>
        </TextEquiv>
        <TextStyle xHeight="41"/>
      </TextLine>
      <TextLine id="line_752fedf9-3865-4f96-8366-539ce13f7d5d">
        <Coords points="921,2826 931,2834 1075,2835 1099,2818 1195,2818 1207,2825 1271,2825 1294,2838 1313,2839 1366,2792 1526,2787 1718,2787 1762,2804 2010,2803 2046,2815 2105,2764 2605,2763 2617,2775 2665,2779 3003,2779 3040,2791 3088,2792 3119,2782 3129,2788 3129,2853 3119,2845 3097,2857 2780,2858 2765,2846 2517,2850 2466,2901 2441,2885 2381,2873 2369,2861 2113,2861 2057,2910 2025,2926 2012,2917 1962,2917 1954,2909 1894,2905 1854,2865 1318,2870 1243,2878 1232,2889 1214,2881 921,2886"/>
        <Baseline points="953,2869 1003,2869 1053,2869 1103,2867 1153,2867 1203,2866 1253,2866 1303,2864 1353,2862 1403,2861 1453,2860 1503,2859 1553,2858 1603,2857 1653,2856 1703,2854 1753,2851 1803,2849 1853,2849 1903,2850 1953,2851 2003,2850 2053,2849 2103,2848 2153,2846 2203,2846 2253,2845 2303,2844 2353,2842 2403,2841 2453,2840 2503,2838 2553,2836 2603,2835 2653,2835 2703,2836 2753,2835 2803,2834 2853,2835 2903,2834 2953,2832 3003,2833 3053,2834 3098,2837"/>
        <Word id="word_6b493096-b09a-45d1-acc0-a98954c8258a">
          <Coords points="953,2834 1003,2834 1053,2834 1057,2834 1059,2879 1053,2879 1003,2879 953,2879"/>
          <TextEquiv>
            <Unicode>met</Unicode>
          </TextEquiv>
        </Word>
        <Word id="word_34be4970-e92d-4dfa-9bd0-f4e498d82b29">
          <Coords points="1092,2832 1102,2832 1153,2832 1163,2832 1164,2877 1153,2877 1103,2877 1094,2877"/>
          <TextEquiv>
            <Unicode>12</Unicode>
          </TextEquiv>
        </Word>
        <Word id="word_35771a08-c274-4fdf-b890-ddec176ea585">
          <Coords points="1198,2831 1202,2831 1253,2831 1268,2830 1270,2875 1253,2876 1203,2876 1199,2876"/>
          <TextEquiv>
            <Unicode>pr</Unicode>
          </TextEquiv>
        </Word>
        <Word id="word_5444aeb8-e529-4240-a1fa-5ace9b42330e">
          <Coords points="1303,2829 1352,2827 1402,2826 1452,2825 1480,2824 1481,2869 1453,2870 1403,2871 1353,2872 1305,2874"/>
          <TextEquiv>
            <Unicode>cento</Unicode>
          </TextEquiv>
        </Word>
        <Word id="word_1e07e788-9c67-43d6-b4ea-3d2a1c3c0f7f">
          <Coords points="1515,2824 1552,2823 1602,2822 1652,2821 1655,2821 1657,2866 1653,2866 1603,2867 1553,2868 1516,2869"/>
          <TextEquiv>
            <Unicode>voor</Unicode>
          </TextEquiv>
        </Word>
        <Word id="word_977aab25-5d53-4ea9-94c7-9cb9d1a35767">
          <Coords points="1690,2819 1702,2819 1751,2816 1760,2816 1762,2861 1754,2861 1703,2864 1692,2864"/>
          <TextEquiv>
            <Unicode>t'</Unicode>
          </TextEquiv>
        </Word>
        <Word id="word_41253514-0fb8-44a7-aa3d-3b5c58a8eac2">
          <Coords points="1796,2814 1802,2814 1853,2814 1904,2815 1954,2816 2002,2815 2042,2814 2043,2859 2003,2860 1953,2861 1903,2860 1853,2859 1803,2859 1797,2859"/>
          <TextEquiv>
            <Unicode>verlies</Unicode>
          </TextEquiv>
        </Word>
        <Word id="word_1ada88bb-be0a-42f7-a42a-b3c5d9c0b820">
          <Coords points="2078,2814 2102,2813 2147,2811 2149,2856 2103,2858 2078,2858"/>
          <TextEquiv>
            <Unicode>op</Unicode>
          </TextEquiv>
        </Word>
        <Word id="word_96d7b1d1-7137-4826-9b4e-53fe6f22d7bc">
          <Coords points="2186,2810 2205,2811 2252,2810 2253,2810 2254,2855 2253,2855 2202,2856 2183,2855"/>
          <TextEquiv>
            <Unicode>d'</Unicode>
          </TextEquiv>
        </Word>
        <Word id="word_475a7658-ef27-46b7-8ab5-90c49cbe3511">
          <Coords points="2289,2809 2302,2809 2352,2807 2402,2806 2452,2805 2502,2803 2552,2801 2602,2800 2606,2800 2606,2845 2603,2845 2553,2846 2503,2848 2453,2850 2403,2851 2353,2852 2303,2854 2289,2854"/>
          <TextEquiv>
            <Unicode>abbassijs</Unicode>
          </TextEquiv>
        </Word>
        <Word id="word_834e2bbf-71cd-42d5-9723-99cb85084a55">
          <Coords points="2641,2800 2653,2800 2704,2801 2752,2800 2802,2799 2854,2800 2902,2799 2921,2798 2923,2843 2903,2844 2853,2845 2803,2844 2753,2845 2703,2846 2653,2845 2641,2845"/>
          <TextEquiv>
            <Unicode>beswaert</Unicode>
          </TextEquiv>
        </Word>
        <Word id="word_1095292b-006f-470b-8379-d0f2815ff660">
          <Coords points="2958,2797 3004,2798 3054,2799 3100,2802 3097,2847 3053,2844 3003,2843 2957,2842"/>
          <TextEquiv>
            <Unicode>hebb</Unicode>
          </TextEquiv>
        </Word>
        <TextEquiv conf="0.9334543642502048">
          <Unicode>met 12 pr cento voor t' verlies op d' abbassijs beswaert hebb</Unicode>
        </TextEquiv>
        <TextStyle xHeight="34"/>
      </TextLine>
      <TextLine id="b1dbbb64-c6df-4335-bafd-08d40222e601">
        <Coords points="1708,2864 1901,2858 1901,2923 1708,2923"/>
        <Baseline points="1740,2910 1790,2910 1840,2908 1870,2907"/>
        <Word id="word_eb804457-bdc0-4f89-a223-65df808d4d1f">
          <Coords points="1740,2875 1790,2875 1839,2873 1869,2872 1870,2917 1840,2918 1790,2920 1740,2920"/>
          <TextEquiv>
            <Unicode>tles</Unicode>
          </TextEquiv>
        </Word>
        <TextEquiv conf="0.8735804177937441">
          <Unicode>tles</Unicode>
        </TextEquiv>
        <TextStyle xHeight="26"/>
      </TextLine>
      <TextLine id="bd6de198-f646-4d35-a154-89eac00a8c43">
        <Coords points="914,2885 1209,2884 1219,2893 1240,2881 1628,2881 1635,2888 1671,2888 1703,2917 1871,2917 1883,2908 1951,2908 1993,2920 2014,2937 2042,2913 2058,2909 2110,2861 2370,2861 2382,2873 2458,2879 2470,2889 2510,2850 2765,2841 2797,2873 2833,2892 2905,2892 2917,2901 2957,2901 3005,2897 3013,2889 3094,2888 3094,2953 3088,2946 2973,2947 2917,2998 2881,2997 2853,2977 2785,2977 2777,2969 1939,2966 1787,2974 1272,2974 1199,3040 1189,3032 1164,3032 1148,3018 914,3018"/>
        <Baseline points="946,2975 996,2972 1046,2971 1096,2970 1146,2968 1196,2968 1246,2967 1296,2967 1346,2966 1396,2966 1446,2965 1496,2964 1546,2964 1596,2963 1646,2963 1696,2963 1746,2964 1796,2963 1846,2963 1896,2962 1946,2959 1996,2958 2046,2957 2096,2956 2146,2954 2196,2953 2246,2952 2296,2952 2346,2951 2396,2951 2446,2950 2496,2948 2546,2947 2596,2947 2646,2947 2696,2946 2746,2946 2796,2944 2846,2943 2896,2942 2946,2940 2996,2939 3046,2938 3063,2937"/>
        <Word id="word_307f8add-dbdd-4b84-84a9-bc786b8daa9e">
          <Coords points="944,2940 994,2937 1045,2936 1095,2935 1107,2935 1109,2979 1096,2980 1046,2981 997,2982 947,2985"/>
          <TextEquiv>
            <Unicode>maer</Unicode>
          </TextEquiv>
        </Word>
        <Word id="word_0bf30f72-666a-44a6-82d7-efbd2e81fe09">
          <Coords points="1150,2933 1196,2933 1245,2932 1296,2932 1345,2931 1394,2931 1394,2976 1346,2976 1296,2977 1246,2977 1196,2978 1149,2978"/>
          <TextEquiv>
            <Unicode>jndien</Unicode>
          </TextEquiv>
        </Word>
        <Word id="word_611b5127-399d-4b1f-a9e9-ec90c7fb9d1e">
          <Coords points="1431,2931 1443,2930 1474,2929 1475,2974 1447,2975 1435,2976"/>
          <TextEquiv>
            <Unicode>t</Unicode>
          </TextEquiv>
        </Word>
        <Word id="word_a002908a-7b47-4e5d-aca9-c70d849d5d04">
          <Coords points="1516,2929 1546,2929 1595,2928 1646,2928 1696,2928 1720,2928 1719,2973 1696,2973 1646,2973 1596,2973 1546,2974 1516,2974"/>
          <TextEquiv>
            <Unicode>ued=e</Unicode>
          </TextEquiv>
        </Word>
        <Word id="word_697b337f-a3c9-4092-95a2-c917913e1078">
          <Coords points="1759,2929 1795,2928 1846,2928 1895,2927 1921,2925 1924,2970 1896,2972 1846,2973 1796,2973 1761,2974"/>
          <TextEquiv>
            <Unicode>niet</Unicode>
          </TextEquiv>
        </Word>
        <Word id="word_b30af703-1039-4afc-8f76-319c5280aba2">
          <Coords points="1964,2923 1996,2923 2044,2922 2045,2967 1996,2968 1964,2968"/>
          <TextEquiv>
            <Unicode>en</Unicode>
          </TextEquiv>
        </Word>
        <Word id="word_401b2ec1-6ca0-4625-9d59-4b7e63dfb88f">
          <Coords points="2085,2921 2095,2921 2145,2919 2195,2918 2245,2917 2296,2917 2345,2916 2396,2916 2445,2915 2492,2913 2493,2958 2446,2960 2396,2961 2346,2961 2296,2962 2246,2962 2196,2963 2146,2964 2096,2966 2086,2966"/>
          <TextEquiv>
            <Unicode>verveelde,</Unicode>
          </TextEquiv>
        </Word>
        <Word id="word_174cef84-1360-4384-9a05-4da1fe58ce92">
          <Coords points="2535,2912 2547,2912 2596,2912 2646,2912 2655,2912 2656,2957 2646,2957 2596,2957 2546,2957 2533,2956"/>
          <TextEquiv>
            <Unicode>soo</Unicode>
          </TextEquiv>
        </Word>
        <Word id="word_d3704574-6b9b-4a62-8a78-7f698b15837c">
          <Coords points="2697,2911 2746,2911 2795,2909 2845,2908 2895,2907 2899,2907 2900,2952 2896,2952 2846,2953 2796,2954 2746,2956 2697,2956"/>
          <TextEquiv>
            <Unicode>soude</Unicode>
          </TextEquiv>
        </Word>
        <Word id="word_82958816-bdcf-4438-a485-bd8facfb5a7e">
          <Coords points="2939,2905 2945,2905 2995,2904 3045,2903 3061,2902 3063,2947 3046,2948 2996,2949 2946,2950 2941,2950"/>
          <TextEquiv>
            <Unicode>jck</Unicode>
          </TextEquiv>
        </Word>
        <TextEquiv conf="0.8966844982454171">
          <Unicode>maer jndien t ued=e niet en verveelde, soo soude jck</Unicode>
        </TextEquiv>
        <TextStyle xHeight="36"/>
      </TextLine>
      <TextLine id="line_80e70639-7719-48d2-b166-1ad12b412abf">
        <Coords points="916,2984 1425,2972 2580,2963 2588,2971 2779,2971 2787,2979 2859,2979 2883,3000 3012,2996 3012,3061 2827,3061 2819,3069 2348,3069 2332,3057 2264,3057 2256,3065 2160,3069 1857,3068 1817,3069 1809,3077 1625,3077 1565,3136 1489,3131 1481,3123 1273,3124 1250,3136 1122,3135 1082,3115 1062,3096 916,3096"/>
        <Baseline points="948,3071 998,3068 1048,3069 1098,3067 1148,3065 1198,3064 1248,3062 1298,3062 1348,3064 1398,3064 1448,3062 1498,3061 1548,3059 1598,3058 1648,3057 1698,3055 1748,3055 1798,3054 1848,3052 1898,3050 1948,3048 1998,3047 2048,3046 2098,3046 2148,3046 2198,3047 2248,3046 2298,3046 2348,3045 2398,3044 2448,3043 2498,3041 2548,3040 2598,3039 2648,3039 2698,3040 2748,3042 2798,3043 2848,3043 2898,3044 2948,3044 2981,3045"/>
        <Word id="word_68873a4b-0358-442f-8153-66a7569ad49a">
          <Coords points="946,3036 996,3033 1049,3034 1097,3032 1147,3030 1197,3029 1247,3027 1298,3027 1308,3027 1306,3072 1298,3072 1248,3072 1198,3074 1148,3075 1098,3077 1048,3079 999,3078 949,3081"/>
          <TextEquiv>
            <Unicode>contrarij</Unicode>
          </TextEquiv>
        </Word>
        <Word id="word_aa7d8835-f301-49f5-9314-aa3e35da7b04">
          <Coords points="1348,3029 1349,3029 1398,3029 1447,3027 1497,3026 1547,3024 1597,3023 1647,3022 1664,3021 1666,3066 1648,3067 1598,3068 1548,3069 1498,3071 1448,3072 1398,3074 1348,3074 1346,3074"/>
          <TextEquiv>
            <Unicode>Bewijsen</Unicode>
          </TextEquiv>
        </Word>
        <Word id="word_f228b40e-bc0f-42bc-94ac-3e7ba76743ba">
          <Coords points="1705,3020 1748,3020 1797,3019 1847,3017 1897,3015 1943,3013 1945,3058 1898,3060 1848,3062 1798,3064 1748,3065 1705,3065"/>
          <TextEquiv>
            <Unicode>connen</Unicode>
          </TextEquiv>
        </Word>
        <Word id="word_f0e966bc-4bb5-4e65-b933-188111f882c8">
          <Coords points="1985,3012 1999,3012 2047,3011 2098,3011 2148,3011 2199,3012 2223,3011 2224,3056 2198,3057 2148,3056 2098,3056 2048,3056 1998,3057 1984,3057"/>
          <TextEquiv>
            <Unicode>echter</Unicode>
          </TextEquiv>
        </Word>
        <Word id="word_242814f1-fcae-45d3-8e7b-3b178bc878eb">
          <Coords points="2264,3011 2298,3011 2342,3010 2343,3055 2298,3056 2263,3056"/>
          <TextEquiv>
            <Unicode>op</Unicode>
          </TextEquiv>
        </Word>
        <Word id="word_e8521a68-722a-4501-aa69-ec1b813a769a">
          <Coords points="2382,3009 2397,3009 2447,3008 2497,3006 2502,3006 2503,3051 2498,3051 2448,3053 2398,3054 2383,3054"/>
          <TextEquiv>
            <Unicode>dat</Unicode>
          </TextEquiv>
        </Word>
        <Word id="word_82ea26c1-65e2-43e5-bca8-eea246306667">
          <Coords points="2542,3005 2547,3005 2597,3004 2648,3004 2699,3005 2749,3007 2782,3008 2781,3053 2748,3052 2698,3050 2648,3049 2598,3049 2548,3050 2543,3050"/>
          <TextEquiv>
            <Unicode>uEdle</Unicode>
          </TextEquiv>
        </Word>
        <Word id="word_d854a23e-7c4c-4f76-b580-324465464d43">
          <Coords points="2821,3008 2847,3008 2899,3009 2948,3009 2982,3010 2981,3055 2948,3054 2898,3054 2848,3053 2822,3053"/>
          <TextEquiv>
            <Unicode>hier</Unicode>
          </TextEquiv>
        </Word>
        <TextEquiv conf="0.9202909681781756">
          <Unicode>contrarij Bewijsen connen echter op dat uEdle hier</Unicode>
        </TextEquiv>
        <TextStyle xHeight="39"/>
      </TextLine>
      <TextLine id="line_31afb1b7-5a62-4fd1-9c6a-accaf29f4791">
        <Coords points="910,3099 1060,3099 1120,3134 1255,3135 1272,3123 1481,3123 1516,3134 1568,3135 1628,3076 2164,3072 2176,3064 2256,3064 2264,3056 2341,3052 2356,3067 2380,3071 2692,3067 2760,3071 2776,3082 3021,3082 3021,3147 2988,3147 2976,3157 2856,3161 2500,3153 2452,3196 2368,3196 2327,3224 1948,3228 1936,3219 1904,3219 1892,3207 910,3207"/>
        <Baseline points="942,3182 992,3181 1042,3177 1092,3175 1142,3172 1192,3170 1242,3167 1292,3165 1342,3164 1392,3163 1442,3161 1492,3159 1542,3159 1592,3157 1642,3156 1692,3154 1742,3153 1792,3151 1842,3149 1892,3148 1942,3147 1992,3146 2042,3145 2092,3145 2142,3143 2192,3141 2242,3139 2292,3138 2342,3138 2392,3137 2442,3136 2492,3137 2542,3137 2592,3137 2642,3137 2692,3136 2742,3137 2792,3137 2842,3136 2892,3135 2942,3134 2990,3131"/>
        <Word id="word_ec5d1450-e72a-4291-8f7c-cda2847e2559">
          <Coords points="941,3147 991,3146 1039,3142 1091,3140 1140,3137 1191,3135 1201,3134 1204,3179 1192,3180 1143,3182 1092,3185 1043,3187 992,3191 942,3192"/>
          <TextEquiv>
            <Unicode>vanden</Unicode>
          </TextEquiv>
        </Word>
        <Word id="word_35643d81-8c5e-4a31-8f75-449d48fcf51e">
          <Coords points="1245,3132 1291,3130 1341,3129 1391,3128 1441,3126 1491,3124 1542,3124 1550,3124 1552,3169 1542,3169 1492,3169 1442,3171 1392,3173 1342,3174 1292,3175 1247,3177"/>
          <TextEquiv>
            <Unicode>rechten</Unicode>
          </TextEquiv>
        </Word>
        <Word id="word_80dea19d-918b-45a5-9fad-3485fb914538">
          <Coords points="1595,3122 1641,3121 1691,3119 1741,3118 1791,3116 1841,3114 1856,3114 1857,3159 1842,3159 1792,3161 1742,3163 1692,3164 1642,3166 1596,3167"/>
          <TextEquiv>
            <Unicode>grondt</Unicode>
          </TextEquiv>
        </Word>
        <Word id="word_214a5b7b-f6b9-4b8c-9eef-6e4056cda859">
          <Coords points="1900,3113 1941,3112 1991,3111 2041,3110 2092,3110 2141,3108 2160,3107 2162,3152 2142,3153 2092,3155 2042,3155 1992,3156 1942,3157 1901,3158"/>
          <TextEquiv>
            <Unicode>connen</Unicode>
          </TextEquiv>
        </Word>
        <Word id="word_c4359c0d-a543-41b5-bf05-d5e4d721b067">
          <Coords points="2204,3105 2241,3104 2291,3103 2342,3103 2391,3102 2441,3101 2493,3102 2542,3102 2592,3102 2641,3102 2641,3147 2592,3147 2542,3147 2492,3147 2442,3146 2392,3147 2342,3148 2292,3148 2242,3149 2206,3150"/>
          <TextEquiv>
            <Unicode>begrijpen,</Unicode>
          </TextEquiv>
        </Word>
        <Word id="word_478b36d2-7bcf-4ce1-8309-87f19f2957f9">
          <Coords points="2680,3102 2687,3101 2743,3102 2792,3102 2815,3102 2816,3147 2792,3147 2742,3147 2693,3146 2686,3147"/>
          <TextEquiv>
            <Unicode>soo</Unicode>
          </TextEquiv>
        </Word>
        <Word id="word_812b4ebc-4bc9-455e-9bb7-5ea5aa8d1eb5">
          <Coords points="2859,3101 2891,3100 2941,3099 2988,3096 2991,3141 2942,3144 2892,3145 2859,3146"/>
          <TextEquiv>
            <Unicode>sal</Unicode>
          </TextEquiv>
        </Word>
        <TextEquiv conf="0.9532292157236133">
          <Unicode>vanden rechten grondt connen begrijpen, soo sal</Unicode>
        </TextEquiv>
        <TextStyle xHeight="39"/>
      </TextLine>
      <TextLine id="line_6d06cce2-e856-414f-b47f-451a26fdaefd">
        <Coords points="920,3208 1549,3205 1657,3201 1665,3193 2010,3198 2010,3263 1797,3263 1693,3335 1609,3355 1302,3338 1042,3338 1022,3322 998,3322 982,3310 920,3306"/>
        <Baseline points="952,3278 1002,3278 1052,3274 1102,3268 1152,3264 1202,3262 1252,3258 1302,3257 1352,3255 1402,3254 1452,3251 1502,3250 1552,3249 1602,3249 1652,3247 1702,3246 1752,3245 1802,3245 1852,3245 1902,3245 1952,3245 1979,3247"/>
        <Word id="word_2cfe57eb-1467-400f-af99-311c4226715c">
          <Coords points="952,3243 1002,3243 1038,3240 1042,3285 1002,3288 952,3288"/>
          <TextEquiv>
            <Unicode>'t</Unicode>
          </TextEquiv>
        </Word>
        <Word id="word_f7005d2a-1b28-41fa-8f2d-3a58f3c885a7">
          <Coords points="1079,3237 1095,3234 1149,3229 1201,3227 1217,3226 1220,3271 1202,3272 1153,3274 1104,3278 1088,3281"/>
          <TextEquiv>
            <Unicode>int</Unicode>
          </TextEquiv>
        </Word>
        <Word id="word_356b08b0-64ae-4619-97b1-963f1e0c2cde">
          <Coords points="1264,3222 1302,3222 1351,3220 1401,3219 1450,3216 1487,3215 1487,3260 1453,3261 1402,3264 1352,3265 1302,3267 1264,3267"/>
          <TextEquiv>
            <Unicode>corte</Unicode>
          </TextEquiv>
        </Word>
        <Word id="word_8af00953-c8ad-44e7-9e37-db2f5b888432">
          <Coords points="1531,3214 1551,3214 1602,3214 1651,3212 1701,3211 1751,3210 1802,3210 1852,3210 1902,3210 1952,3210 1981,3212 1978,3257 1952,3255 1902,3255 1852,3255 1802,3255 1752,3255 1702,3256 1652,3257 1602,3259 1552,3259 1532,3259"/>
          <TextEquiv>
            <Unicode>overloopen</Unicode>
          </TextEquiv>
        </Word>
        <TextEquiv conf="0.9371443210772071">
          <Unicode>'t int corte overloopen</Unicode>
        </TextEquiv>
        <TextStyle xHeight="43"/>
      </TextLine>
    </TextRegion>
    <TextRegion id="region_b7c20dbf-a2ea-4d5f-bffd-9d10a20b33c4_1" custom="structure {type:paragraph;}">
      <Coords points="3105,3422 3091,3401 3070,3391 3057,3377 3029,3371 2985,3371 2961,3381 2944,3381 2868,3401 2677,3395 2673,3391 2639,3395 2547,3381 2444,3391 2310,3391 2307,3388 2047,3391 2016,3398 1776,3398 1667,3405 1636,3401 1633,3405 1448,3405 1290,3391 1212,3391 1154,3398 1041,3398 1037,3395 969,3398 938,3419 924,3436 924,3456 934,3494 928,3525 934,3590 924,3617 921,3733 928,3754 928,3819 945,3867 941,3884 945,3997 934,4099 938,4144 934,4356 945,4377 965,4397 1006,4401 1054,4390 1205,4387 1318,4377 1475,4377 1479,4380 1646,4377 1705,4384 1944,4384 1948,4380 1954,4384 2040,4384 2043,4380 2102,4384 2105,4380 2194,4380 2317,4363 2444,4363 2547,4353 2601,4356 2605,4353 2738,4366 2885,4370 2957,4387 2988,4407 3026,4411 3046,4401 3067,4370 3074,4284 3070,3819 3077,3764 3084,3747 3087,3696 3108,3593 3105,3566 3111,3446"/>
      <TextLine id="line_5edf01ac-4cb2-4891-8db4-04768fa3144a">
        <Coords points="839,3307 969,3307 997,3322 1029,3326 1053,3350 1324,3350 1332,3358 1529,3355 1536,3362 1899,3370 2658,3366 2666,3374 2782,3374 2830,3406 2939,3404 2939,3469 2710,3470 2702,3478 2463,3473 2371,3521 2347,3520 2339,3512 2223,3512 2191,3500 2131,3496 2115,3481 2063,3473 2007,3473 1971,3501 1928,3505 1911,3489 1732,3489 1708,3465 1456,3465 1410,3497 1073,3496 1067,3490 1046,3497 839,3496"/>
        <Baseline points="871,3455 921,3451 971,3447 1021,3445 1071,3444 1121,3444 1171,3443 1221,3443 1271,3444 1321,3443 1371,3441 1421,3442 1471,3443 1521,3443 1571,3443 1621,3443 1671,3444 1721,3444 1771,3443 1821,3443 1871,3443 1921,3442 1971,3443 2021,3443 2071,3443 2121,3444 2171,3444 2221,3445 2271,3445 2321,3446 2371,3448 2421,3447 2471,3447 2521,3447 2571,3449 2621,3449 2671,3450 2721,3449 2771,3448 2821,3449 2871,3449 2908,3453"/>
        <Word id="word_b4272c1b-e1c4-46b6-8179-d69559aee8e1">
          <Coords points="868,3420 918,3416 945,3414 948,3459 922,3461 872,3465"/>
          <TextEquiv>
            <Unicode>De</Unicode>
          </TextEquiv>
        </Word>
        <Word id="word_6b66f5b3-ad6d-4aaf-bb62-a7c2ebd74701">
          <Coords points="985,3411 1020,3410 1070,3409 1121,3409 1170,3408 1221,3408 1272,3409 1293,3409 1294,3454 1271,3454 1221,3453 1171,3453 1121,3454 1071,3454 1021,3455 986,3456"/>
          <TextEquiv>
            <Unicode>geseijde</Unicode>
          </TextEquiv>
        </Word>
        <Word id="word_7032fb8f-28dd-4772-a2ed-1915fa79be7e">
          <Coords points="1330,3408 1369,3406 1422,3407 1472,3408 1521,3408 1571,3408 1601,3408 1601,3453 1571,3453 1521,3453 1471,3453 1421,3452 1371,3451 1332,3453"/>
          <TextEquiv>
            <Unicode>agrasen</Unicode>
          </TextEquiv>
        </Word>
        <Word id="word_c9fbfecd-ae9e-483e-a1ad-d8cabd98839b">
          <Coords points="1641,3408 1672,3409 1721,3409 1770,3408 1821,3408 1871,3408 1920,3407 1972,3408 2021,3408 2024,3408 2024,3453 2021,3453 1971,3453 1921,3452 1871,3453 1821,3453 1771,3453 1721,3454 1671,3454 1639,3453"/>
          <TextEquiv>
            <Unicode>sorteringe</Unicode>
          </TextEquiv>
        </Word>
        <Word id="word_ebf4c59c-b538-46e1-b886-75f79a8762e9">
          <Coords points="2062,3408 2071,3408 2122,3409 2171,3409 2178,3409 2178,3454 2171,3454 2121,3454 2071,3453 2062,3453"/>
          <TextEquiv>
            <Unicode>dan</Unicode>
          </TextEquiv>
        </Word>
        <Word id="word_cbecc3c3-d6f6-4eed-aece-457dc253823a">
          <Coords points="2217,3410 2222,3410 2271,3410 2322,3411 2372,3413 2408,3412 2409,3457 2371,3458 2321,3456 2271,3455 2221,3455 2216,3455"/>
          <TextEquiv>
            <Unicode>hebbe</Unicode>
          </TextEquiv>
        </Word>
        <Word id="word_d2088bd1-38dd-49b9-b360-da3c8120888a">
          <Coords points="2448,3411 2472,3412 2521,3412 2525,3412 2523,3457 2521,3457 2471,3457 2447,3456"/>
          <TextEquiv>
            <Unicode>p.</Unicode>
          </TextEquiv>
        </Word>
        <Word id="word_5897ecec-af25-4c30-be7d-6cf4f8b53245">
          <Coords points="2564,3414 2572,3414 2601,3414 2601,3459 2571,3459 2562,3459"/>
          <TextEquiv>
            <Unicode>r</Unicode>
          </TextEquiv>
        </Word>
        <Word id="word_c9e643e9-04ef-4521-a492-922ea2df344d">
          <Coords points="2640,3414 2672,3415 2720,3414 2770,3413 2822,3414 2871,3414 2912,3418 2907,3463 2871,3459 2821,3459 2771,3458 2721,3459 2671,3460 2639,3459"/>
          <TextEquiv>
            <Unicode>factura</Unicode>
          </TextEquiv>
        </Word>
        <TextEquiv conf="0.9218255772050458">
          <Unicode>De geseijde agrasen sorteringe dan hebbe p. r factura</Unicode>
        </TextEquiv>
        <TextStyle xHeight="47"/>
      </TextLine>
      <TextLine id="b22f6ed4-65c8-4b31-8fed-447a5b8a78e8">
        <Coords points="903,3493 1073,3505 1406,3497 1449,3465 1709,3465 1733,3489 1909,3489 1925,3505 1948,3506 1977,3498 2009,3473 2113,3477 2133,3497 2193,3501 2225,3513 2341,3513 2353,3522 2392,3514 2441,3486 2913,3485 2928,3498 3033,3497 3075,3501 3090,3513 3110,3499 3106,3570 3090,3554 3065,3563 2953,3563 2933,3579 2817,3579 2809,3587 2741,3587 2730,3597 2715,3586 2545,3590 2265,3578 2101,3578 2073,3594 2057,3594 2034,3571 2008,3590 2001,3583 1845,3578 1605,3578 1577,3590 1557,3574 1141,3575 1113,3579 1105,3587 903,3587"/>
        <Baseline points="935,3553 985,3551 1035,3548 1085,3548 1135,3547 1185,3546 1235,3545 1285,3542 1335,3540 1385,3540 1435,3538 1485,3536 1535,3535 1585,3535 1635,3534 1685,3534 1735,3534 1785,3533 1835,3533 1885,3534 1935,3534 1985,3536 2035,3537 2085,3539 2135,3540 2185,3542 2235,3543 2285,3545 2335,3545 2385,3547 2435,3546 2485,3547 2535,3547 2585,3546 2635,3545 2685,3546 2735,3547 2785,3546 2835,3547 2885,3546 2935,3548 2985,3549 3035,3546 3079,3549"/>
        <Word id="word_88155e29-3edf-486d-90a6-3784bd204687">
          <Coords points="934,3518 984,3516 999,3515 1002,3560 985,3561 935,3563"/>
          <TextEquiv>
            <Unicode>(:</Unicode>
          </TextEquiv>
        </Word>
        <Word id="word_7a318e2a-f7b6-456d-bb69-9940cf4385ab">
          <Coords points="1032,3513 1033,3513 1085,3513 1099,3513 1100,3558 1085,3558 1036,3558 1034,3558"/>
          <TextEquiv>
            <Unicode>de</Unicode>
          </TextEquiv>
        </Word>
        <Word id="word_d17ed85b-6042-42ae-83aa-7665227c2510">
          <Coords points="1132,3512 1134,3512 1184,3511 1234,3510 1283,3507 1334,3505 1385,3505 1434,3503 1484,3501 1528,3500 1529,3545 1485,3546 1435,3548 1385,3550 1335,3550 1286,3552 1235,3555 1185,3556 1135,3557 1133,3557"/>
          <TextEquiv>
            <Unicode>voorschreven</Unicode>
          </TextEquiv>
        </Word>
        <Word id="word_36d2f16f-176e-4840-a19e-3730c4a46e8a">
          <Coords points="1562,3499 1586,3500 1627,3499 1628,3544 1585,3545 1561,3544"/>
          <TextEquiv>
            <Unicode>12</Unicode>
          </TextEquiv>
        </Word>
        <Word id="word_2fa9bc59-6c9a-449f-b4eb-0ddc5363d7fa">
          <Coords points="1661,3498 1686,3499 1735,3499 1759,3499 1760,3544 1735,3544 1685,3544 1660,3543"/>
          <TextEquiv>
            <Unicode>p=r</Unicode>
          </TextEquiv>
        </Word>
        <Word id="word_d0c36f9d-1cb9-4de1-978a-baedef7e7a19">
          <Coords points="1793,3498 1835,3498 1886,3499 1935,3499 1959,3500 1957,3545 1935,3544 1885,3544 1835,3543 1793,3543"/>
          <TextEquiv>
            <Unicode>cento</Unicode>
          </TextEquiv>
        </Word>
        <Word id="word_d1f015c5-a192-416e-ba44-09343890e1cf">
          <Coords points="1991,3501 2036,3502 2086,3504 2136,3505 2186,3507 2236,3508 2286,3510 2335,3510 2386,3512 2386,3512 2387,3557 2385,3557 2335,3555 2285,3555 2235,3553 2185,3552 2135,3550 2085,3549 2035,3547 1990,3546"/>
          <TextEquiv>
            <Unicode>affgetrocken</Unicode>
          </TextEquiv>
        </Word>
        <Word id="word_7d04d1f2-dc5b-47ab-943f-e1c84fe22b40">
          <Coords points="2419,3511 2434,3511 2485,3512 2486,3512 2485,3557 2485,3557 2435,3556 2420,3556"/>
          <TextEquiv>
            <Unicode>:)</Unicode>
          </TextEquiv>
        </Word>
        <Word id="word_ed7db74a-6747-429e-aa03-6099b6821951">
          <Coords points="2518,3512 2535,3512 2584,3511 2634,3510 2686,3511 2717,3512 2716,3557 2685,3556 2635,3555 2585,3556 2535,3557 2518,3557"/>
          <TextEquiv>
            <Unicode>geacht</Unicode>
          </TextEquiv>
        </Word>
        <Word id="word_034de5ac-8fc5-42ae-a382-e217363cb475">
          <Coords points="2748,3512 2781,3511 2783,3556 2750,3557"/>
          <TextEquiv>
            <Unicode></Unicode>
          </TextEquiv>
        </Word>
        <Word id="word_b266348e-2c48-4f99-aa8b-46e11161628a">
          <Coords points="2819,3510 2839,3512 2884,3511 2936,3513 2986,3514 3033,3511 3081,3514 3078,3559 3036,3556 2985,3559 2935,3558 2885,3556 2834,3557 2814,3555"/>
          <TextEquiv>
            <Unicode>28493//-</Unicode>
          </TextEquiv>
        </Word>
        <TextEquiv conf="0.8557479369516408">
          <Unicode>(: de voorschreven 12 p=r cento affgetrocken :) geacht  28493//-</Unicode>
        </TextEquiv>
        <TextStyle xHeight="35"/>
      </TextLine>
      <TextLine id="ba025d5b-0bc7-4382-bf88-512085d27646">
        <Coords points="919,3572 1413,3572 1561,3576 1581,3589 1601,3580 1849,3580 1861,3592 1993,3592 2005,3603 2034,3580 2073,3592 2080,3585 2092,3589 2108,3576 2234,3576 2272,3584 2552,3588 2604,3592 2612,3600 2694,3600 2707,3608 2768,3565 2792,3585 2912,3584 2968,3593 3068,3584 3089,3593 3117,3589 3117,3653 3108,3654 3016,3647 3008,3655 2935,3650 2924,3658 2909,3647 2700,3647 2692,3655 2648,3655 2636,3667 2536,3671 2212,3662 2204,3654 2060,3647 1966,3699 1937,3686 1557,3686 1529,3682 1494,3647 1473,3647 1429,3687 1393,3687 1366,3707 1309,3698 1301,3690 1173,3690 1161,3678 919,3674"/>
        <Baseline points="951,3646 1001,3642 1051,3638 1101,3637 1151,3634 1201,3631 1251,3630 1301,3627 1351,3627 1401,3627 1451,3625 1501,3624 1551,3625 1601,3624 1651,3623 1701,3624 1751,3623 1801,3623 1851,3621 1901,3621 1951,3624 2001,3624 2051,3626 2101,3627 2151,3628 2201,3627 2251,3628 2301,3629 2351,3630 2401,3632 2451,3633 2501,3635 2551,3638 2601,3639 2651,3639 2701,3638 2751,3638 2801,3638 2851,3637 2901,3637 2951,3637 3001,3639 3051,3638 3086,3637"/>
        <Word id="word_739d2c63-971e-4888-aab4-1539b8814997">
          <Coords points="948,3611 998,3607 1048,3603 1066,3603 1067,3648 1052,3648 1002,3652 952,3656"/>
          <TextEquiv>
            <Unicode>11</Unicode>
          </TextEquiv>
        </Word>
        <Word id="word_e1272f40-fa80-45f2-b247-60caf1e5ec84">
          <Coords points="1104,3602 1149,3599 1199,3596 1222,3596 1223,3641 1202,3641 1152,3644 1107,3647"/>
          <TextEquiv>
            <Unicode>11</Unicode>
          </TextEquiv>
        </Word>
        <Word id="word_19b992a8-0263-4378-a734-6355fc9665ae">
          <Coords points="1259,3595 1299,3592 1351,3592 1401,3592 1415,3591 1417,3636 1401,3637 1351,3637 1302,3637 1262,3640"/>
          <TextEquiv>
            <Unicode>ende</Unicode>
          </TextEquiv>
        </Word>
        <Word id="word_2c5fee1d-5414-46cc-81d0-48843872059a">
          <Coords points="1455,3590 1500,3589 1552,3590 1600,3589 1610,3589 1611,3634 1601,3634 1551,3635 1501,3634 1455,3635"/>
          <TextEquiv>
            <Unicode>sijn</Unicode>
          </TextEquiv>
        </Word>
        <Word id="word_6896185a-a63d-4738-9b5f-4da7993df9c2">
          <Coords points="1649,3588 1650,3588 1702,3589 1750,3588 1801,3588 1803,3588 1805,3633 1801,3633 1751,3633 1701,3634 1651,3633 1650,3633"/>
          <TextEquiv>
            <Unicode>daer</Unicode>
          </TextEquiv>
        </Word>
        <Word id="word_798d47b7-a428-4727-9216-90ef0a1786fd">
          <Coords points="1842,3586 1850,3586 1901,3586 1953,3589 1960,3589 1960,3634 1950,3634 1901,3631 1851,3631 1844,3631"/>
          <TextEquiv>
            <Unicode>van</Unicode>
          </TextEquiv>
        </Word>
        <Word id="word_59bc7943-8619-4986-bed3-40bb24b885be">
          <Coords points="1999,3589 2001,3589 2052,3591 2102,3592 2152,3593 2200,3592 2252,3593 2302,3594 2352,3595 2402,3597 2452,3598 2466,3599 2464,3644 2451,3643 2401,3642 2351,3640 2301,3639 2251,3638 2201,3637 2151,3638 2101,3637 2051,3636 2001,3634 1999,3634"/>
          <TextEquiv>
            <Unicode>geprovideert</Unicode>
          </TextEquiv>
        </Word>
        <Word id="word_0f53f359-7a41-48fc-bc03-2062b63e1af2">
          <Coords points="2506,3600 2553,3603 2602,3604 2651,3604 2700,3603 2736,3603 2736,3648 2701,3648 2651,3649 2601,3649 2550,3648 2503,3645"/>
          <TextEquiv>
            <Unicode>75497</Unicode>
          </TextEquiv>
        </Word>
        <Word id="word_bf689de3-c229-445c-8b06-7dc64e3ddf57">
          <Coords points="2775,3603 2801,3603 2850,3602 2901,3602 2951,3602 3002,3604 3050,3603 3085,3602 3086,3647 3051,3648 3001,3649 2951,3647 2901,3647 2851,3647 2801,3648 2775,3648"/>
          <TextEquiv>
            <Unicode>larijnen</Unicode>
          </TextEquiv>
        </Word>
        <TextEquiv conf="0.888412595574666">
          <Unicode>11 11 ende sijn daer van geprovideert 75497 larijnen</Unicode>
        </TextEquiv>
        <TextStyle xHeight="36"/>
      </TextLine>
      <TextLine id="fe34b02b-8676-4180-aea6-ad02491ba271">
        <Coords points="903,3656 1026,3648 1033,3655 1205,3655 1213,3663 1372,3663 1396,3687 1428,3688 1469,3648 1489,3643 1532,3683 1967,3683 1980,3691 2063,3647 2551,3672 2635,3668 2651,3652 2687,3656 2699,3648 2927,3644 2934,3651 2962,3651 3014,3695 3042,3695 3074,3720 3115,3684 3115,3749 3108,3756 3082,3748 2778,3748 2730,3788 2647,3780 2639,3772 2355,3764 2227,3764 2195,3784 2179,3784 2147,3768 2111,3764 1776,3765 1664,3756 1033,3761 1008,3745 903,3753"/>
        <Baseline points="935,3743 985,3740 1035,3736 1085,3736 1135,3735 1185,3735 1235,3734 1285,3735 1335,3736 1385,3730 1435,3730 1485,3728 1535,3726 1585,3725 1635,3724 1685,3723 1735,3724 1785,3725 1835,3724 1885,3724 1935,3724 1985,3724 2035,3724 2085,3724 2135,3724 2185,3724 2235,3725 2285,3724 2335,3724 2385,3723 2435,3724 2485,3723 2535,3723 2585,3723 2635,3724 2685,3725 2735,3724 2785,3724 2835,3725 2885,3726 2935,3725 2985,3729 3035,3733 3084,3732"/>
        <Word id="word_2bf9a82d-9cea-4021-bac1-5afda476d173">
          <Coords points="933,3708 983,3705 1032,3701 1085,3701 1134,3700 1161,3700 1161,3745 1135,3745 1085,3746 1036,3746 986,3750 936,3753"/>
          <TextEquiv>
            <Unicode>sijnde</Unicode>
          </TextEquiv>
        </Word>
        <Word id="word_f5c473d5-1b69-4c40-8c02-a440f9bd04ae">
          <Coords points="1198,3700 1234,3699 1286,3700 1313,3701 1312,3746 1285,3745 1235,3744 1199,3745"/>
          <TextEquiv>
            <Unicode>943</Unicode>
          </TextEquiv>
        </Word>
        <Word id="word_08ec32f9-cb08-4390-b257-4e41fa46c8f8">
          <Coords points="1344,3702 1379,3696 1435,3695 1484,3693 1534,3691 1537,3691 1538,3736 1535,3736 1485,3738 1435,3740 1387,3740 1351,3746"/>
          <TextEquiv>
            <Unicode>23/32</Unicode>
          </TextEquiv>
        </Word>
        <Word id="word_89fd09e6-78ed-4369-bf90-8700c6db3f22">
          <Coords points="1575,3690 1584,3690 1634,3689 1684,3688 1736,3689 1786,3690 1834,3689 1839,3689 1839,3734 1835,3734 1785,3735 1735,3734 1685,3733 1635,3734 1585,3735 1576,3735"/>
          <TextEquiv>
            <Unicode>thoman,</Unicode>
          </TextEquiv>
        </Word>
        <Word id="word_3c310aa1-6680-4e5c-a3b4-536326a1ee0b">
          <Coords points="1877,3689 1885,3689 1935,3689 1985,3689 2035,3689 2085,3689 2103,3689 2103,3734 2085,3734 2035,3734 1985,3734 1935,3734 1885,3734 1877,3734"/>
          <TextEquiv>
            <Unicode>welcke</Unicode>
          </TextEquiv>
        </Word>
        <Word id="word_ceb64ef4-672f-4a19-b3b9-35df0a226e1a">
          <Coords points="2141,3689 2185,3689 2217,3690 2216,3735 2185,3734 2141,3734"/>
          <TextEquiv>
            <Unicode>nu</Unicode>
          </TextEquiv>
        </Word>
        <Word id="word_28cff717-3816-47d8-bedb-be9a334bc2ce">
          <Coords points="2253,3690 2283,3689 2335,3689 2384,3688 2436,3689 2484,3688 2535,3688 2585,3688 2636,3689 2670,3690 2669,3735 2635,3734 2585,3733 2535,3733 2485,3733 2435,3734 2385,3733 2335,3734 2285,3734 2255,3735"/>
          <TextEquiv>
            <Unicode>gereduceert</Unicode>
          </TextEquiv>
        </Word>
        <Word id="word_e24431df-03d9-4307-8150-9aa15306464f">
          <Coords points="2705,3690 2733,3689 2785,3689 2836,3690 2886,3691 2932,3690 2933,3735 2885,3736 2835,3735 2785,3734 2736,3734 2707,3735"/>
          <TextEquiv>
            <Unicode>sijnde</Unicode>
          </TextEquiv>
        </Word>
        <Word id="word_271121a4-84c5-45fb-8a5d-e7f596f9ec9d">
          <Coords points="2982,3691 2996,3696 3038,3698 3082,3697 3083,3742 3034,3743 2982,3738 2968,3734"/>
          <TextEquiv>
            <Unicode>tot</Unicode>
          </TextEquiv>
        </Word>
        <TextEquiv conf="0.8617943355815453">
          <Unicode>sijnde 943 23/32 thoman, welcke nu gereduceert sijnde tot</Unicode>
        </TextEquiv>
        <TextStyle xHeight="37"/>
      </TextLine>
      <TextLine id="line_48363fe6-860e-4c61-a253-fe916e3b7b0b">
        <Coords points="883,3750 1008,3746 1033,3761 1665,3756 1777,3765 2112,3764 2120,3772 2172,3776 2181,3785 2204,3781 2228,3764 2356,3764 2640,3772 2648,3780 2696,3780 2708,3789 2740,3785 2776,3753 2853,3753 2876,3776 3067,3772 3085,3778 3085,3842 2984,3846 2925,3889 2892,3865 2488,3865 2476,3853 2360,3858 2304,3857 2296,3849 1793,3845 1724,3909 1681,3908 1645,3888 1609,3892 1587,3877 1570,3893 1065,3896 1038,3919 993,3919 921,3876 883,3876"/>
        <Baseline points="915,3839 965,3836 1015,3834 1065,3834 1115,3832 1165,3831 1215,3828 1265,3826 1315,3825 1365,3824 1415,3823 1465,3821 1515,3822 1565,3823 1615,3820 1665,3819 1715,3818 1765,3818 1815,3816 1865,3816 1915,3815 1965,3814 2015,3814 2065,3813 2115,3813 2165,3813 2215,3813 2265,3813 2315,3814 2365,3814 2415,3815 2465,3815 2515,3816 2565,3817 2615,3817 2665,3818 2715,3819 2765,3820 2815,3819 2865,3820 2915,3819 2965,3821 3015,3823 3054,3826"/>
        <Word id="word_7995dd4b-999e-45f1-aa6a-900337d6fd2f">
          <Coords points="913,3804 963,3801 1014,3799 1022,3799 1022,3844 1015,3844 966,3846 916,3849"/>
          <TextEquiv>
            <Unicode>(40</Unicode>
          </TextEquiv>
        </Word>
        <Word id="word_a8555838-e8b5-4ea7-b309-7fcf282c388e">
          <Coords points="1058,3799 1065,3799 1114,3797 1128,3797 1129,3842 1115,3842 1065,3844 1058,3844"/>
          <TextEquiv>
            <Unicode>gl</Unicode>
          </TextEquiv>
        </Word>
        <Word id="word_e844bc04-8357-4603-b556-277fd3864147">
          <Coords points="1164,3796 1164,3796 1213,3793 1234,3792 1236,3837 1216,3838 1165,3841 1165,3841"/>
          <TextEquiv>
            <Unicode>(:</Unicode>
          </TextEquiv>
        </Word>
        <Word id="word_93dd7eb1-2481-441e-ae4d-f1db9fafd952">
          <Coords points="1271,3791 1314,3790 1364,3789 1414,3788 1464,3786 1516,3787 1522,3787 1521,3832 1515,3832 1465,3831 1415,3833 1365,3834 1315,3835 1272,3836"/>
          <TextEquiv>
            <Unicode>gelijck</Unicode>
          </TextEquiv>
        </Word>
        <Word id="word_16376b96-5688-44e8-9675-386b7bd306c4">
          <Coords points="1557,3788 1566,3788 1613,3785 1664,3784 1698,3783 1699,3828 1665,3829 1616,3830 1565,3833 1556,3833"/>
          <TextEquiv>
            <Unicode>d'E:</Unicode>
          </TextEquiv>
        </Word>
        <Word id="word_79a2bd7d-74be-45b1-9e73-2decca774d32">
          <Coords points="1735,3783 1765,3783 1814,3781 1865,3781 1914,3780 1964,3779 2015,3779 2055,3778 2056,3823 2015,3824 1965,3824 1915,3825 1865,3826 1815,3826 1765,3828 1735,3828"/>
          <TextEquiv>
            <Unicode>gelijnsen</Unicode>
          </TextEquiv>
        </Word>
        <Word id="word_331d6b5f-e41a-4d7f-86f4-f58e281f8f37">
          <Coords points="2092,3777 2116,3778 2163,3778 2163,3823 2115,3823 2091,3822"/>
          <TextEquiv>
            <Unicode>de</Unicode>
          </TextEquiv>
        </Word>
        <Word id="word_9a3bc34a-6a88-40aa-b629-055cefeb0948">
          <Coords points="2198,3778 2215,3778 2265,3778 2316,3779 2365,3779 2377,3779 2376,3824 2365,3824 2315,3824 2265,3823 2215,3823 2198,3823"/>
          <TextEquiv>
            <Unicode>selve</Unicode>
          </TextEquiv>
        </Word>
        <Word id="word_e0001642-ed71-4184-a5fa-5bac50433fae">
          <Coords points="2413,3780 2416,3780 2465,3780 2516,3781 2566,3782 2615,3782 2666,3783 2716,3784 2734,3784 2733,3829 2715,3829 2665,3828 2615,3827 2565,3827 2515,3826 2465,3825 2415,3825 2412,3825"/>
          <TextEquiv>
            <Unicode>reeckent)</Unicode>
          </TextEquiv>
        </Word>
        <Word id="word_7788a56f-d7a9-4f25-9130-582789b26b3f">
          <Coords points="2768,3785 2814,3784 2866,3785 2914,3784 2949,3785 2947,3830 2915,3829 2865,3830 2815,3829 2769,3830"/>
          <TextEquiv>
            <Unicode>soude</Unicode>
          </TextEquiv>
        </Word>
        <Word id="word_3b40bfa0-562b-4b1b-9984-f436a687c9cc">
          <Coords points="2984,3787 3016,3788 3057,3791 3053,3836 3015,3833 2982,3832"/>
          <TextEquiv>
            <Unicode>op</Unicode>
          </TextEquiv>
        </Word>
        <TextEquiv conf="0.9110463872963797">
          <Unicode>(40 gl (: gelijck d'E: gelijnsen de selve reeckent) soude op</Unicode>
        </TextEquiv>
        <TextStyle xHeight="42"/>
      </TextLine>
      <TextLine id="line_63da080a-dda7-42d3-8f4a-4d72c16924fe">
        <Coords points="906,3875 924,3875 944,3895 992,3918 1038,3919 1064,3898 1569,3892 1587,3876 1603,3891 1647,3887 1683,3910 1720,3911 1787,3851 2295,3851 2307,3860 2850,3855 2858,3863 2885,3863 2913,3891 2958,3867 3039,3870 3039,3935 2371,3929 2300,3948 2103,3948 2087,3936 1903,3936 1863,3968 1827,3984 1691,3988 1675,3975 1599,3975 1587,3984 1364,3984 1312,3983 1300,3971 1124,3972 1080,4015 906,4006"/>
        <Baseline points="938,3938 988,3941 1038,3942 1088,3941 1138,3937 1188,3935 1238,3934 1288,3933 1338,3931 1388,3930 1438,3930 1488,3929 1538,3927 1588,3925 1638,3923 1688,3923 1738,3924 1788,3924 1838,3924 1888,3922 1938,3921 1988,3919 2038,3915 2088,3915 2138,3915 2188,3916 2238,3917 2288,3918 2338,3917 2388,3916 2438,3917 2488,3918 2538,3917 2588,3916 2638,3916 2688,3916 2738,3917 2788,3918 2838,3919 2888,3918 2938,3917 2988,3916 3008,3919"/>
        <Word id="word_1858b617-3f16-4c69-b48e-aec41944c5a9">
          <Coords points="940,3903 990,3906 1039,3907 1087,3906 1101,3905 1104,3950 1088,3951 1038,3952 987,3951 937,3948"/>
          <TextEquiv>
            <Unicode>d=os</Unicode>
          </TextEquiv>
        </Word>
        <Word id="word_4a34ed2f-c170-4873-8b7d-4b3864ce46b3">
          <Coords points="1144,3901 1187,3900 1237,3899 1287,3898 1337,3896 1387,3895 1438,3895 1475,3894 1476,3939 1438,3940 1388,3940 1338,3941 1288,3943 1238,3944 1188,3945 1145,3946"/>
          <TextEquiv>
            <Unicode>gewonnen</Unicode>
          </TextEquiv>
        </Word>
        <Word id="word_031da7d4-683f-4813-a043-d363868924d4">
          <Coords points="1515,3893 1536,3892 1587,3890 1637,3888 1683,3888 1683,3933 1638,3933 1588,3935 1539,3937 1518,3938"/>
          <TextEquiv>
            <Unicode>sijn</Unicode>
          </TextEquiv>
        </Word>
        <Word id="word_01dbcd6e-d76b-440d-aac2-25cfee1d65a2">
          <Coords points="1727,3888 1741,3889 1788,3889 1838,3889 1847,3889 1849,3934 1838,3934 1788,3934 1737,3934 1724,3933"/>
          <TextEquiv>
            <Unicode>32</Unicode>
          </TextEquiv>
        </Word>
        <Word id="word_04c42f6b-02f1-4da1-be9b-351a0f7c803a">
          <Coords points="1889,3887 1937,3886 1987,3884 2011,3882 2015,3927 1988,3929 1938,3931 1890,3932"/>
          <TextEquiv>
            <Unicode>pr</Unicode>
          </TextEquiv>
        </Word>
        <Word id="word_146b85a9-ba41-4855-9f7a-ff73ebf9f7cc">
          <Coords points="2057,3879 2090,3880 2138,3880 2189,3881 2239,3882 2263,3882 2262,3927 2238,3927 2188,3926 2138,3925 2088,3925 2055,3924"/>
          <TextEquiv>
            <Unicode>cento</Unicode>
          </TextEquiv>
        </Word>
        <Word id="word_1e076ebf-f5a7-4288-8c57-cfb4da9c4148">
          <Coords points="2303,3883 2337,3882 2387,3881 2439,3882 2489,3883 2537,3882 2587,3881 2635,3881 2635,3926 2588,3926 2538,3927 2488,3928 2438,3927 2388,3926 2338,3927 2304,3928"/>
          <TextEquiv>
            <Unicode>schaers,</Unicode>
          </TextEquiv>
        </Word>
        <Word id="word_9a18aca9-b363-4374-93ea-eb8276f35c0e">
          <Coords points="2677,3881 2688,3881 2739,3882 2789,3883 2839,3884 2842,3884 2843,3929 2838,3929 2788,3928 2738,3927 2688,3926 2677,3926"/>
          <TextEquiv>
            <Unicode>maer</Unicode>
          </TextEquiv>
        </Word>
        <Word id="word_163c5c82-8bd4-42a4-98e3-c71296e211b5">
          <Coords points="2883,3883 2887,3883 2937,3882 2987,3881 3013,3884 3006,3929 2988,3926 2938,3927 2888,3928 2884,3928"/>
          <TextEquiv>
            <Unicode>tot</Unicode>
          </TextEquiv>
        </Word>
        <TextEquiv conf="0.9108459901755728">
          <Unicode>d=os gewonnen sijn 32 pr cento schaers, maer tot</Unicode>
        </TextEquiv>
        <TextStyle xHeight="32"/>
      </TextLine>
      <TextLine id="e36cd1e9-1c07-4c0a-a68f-6d6eece1fb91">
        <Coords points="904,4005 986,4005 994,4013 1077,4017 1126,3971 1301,3970 1313,3982 1365,3983 1589,3983 1601,3974 1673,3974 1689,3987 1833,3983 1901,3938 2088,3938 2112,3959 2200,3958 2244,3971 2799,3962 3086,3973 3104,3963 3112,3968 3112,4034 3098,4036 3079,4053 2835,4051 2791,4087 2528,4082 2520,4074 2388,4079 2364,4062 2336,4062 2272,4094 2228,4094 2172,4043 1541,4048 1517,4051 1481,4087 1469,4087 1454,4102 1433,4102 1421,4090 1337,4086 1305,4062 1214,4062 1135,4118 904,4118"/>
        <Baseline points="936,4057 986,4054 1036,4051 1086,4049 1136,4046 1186,4045 1236,4045 1286,4041 1336,4039 1386,4035 1436,4033 1486,4032 1536,4031 1586,4029 1636,4028 1686,4026 1736,4026 1786,4025 1836,4023 1886,4023 1936,4024 1986,4024 2036,4023 2086,4023 2136,4023 2186,4023 2236,4022 2286,4021 2336,4020 2386,4019 2436,4019 2486,4019 2536,4020 2586,4020 2636,4021 2686,4021 2736,4022 2786,4021 2836,4020 2886,4020 2936,4019 2986,4018 3036,4019 3081,4018"/>
        <Word id="word_b0aa4855-9f19-44cf-a592-746ddc9b6301">
          <Coords points="934,4022 984,4019 1034,4016 1054,4015 1055,4060 1037,4061 987,4064 937,4067"/>
          <TextEquiv>
            <Unicode>30</Unicode>
          </TextEquiv>
        </Word>
        <Word id="word_b9c4f10e-e31d-447b-a0ba-18d6e71a3409">
          <Coords points="1092,4014 1134,4011 1185,4010 1236,4010 1283,4006 1292,4006 1294,4051 1287,4051 1236,4055 1186,4055 1137,4056 1095,4059"/>
          <TextEquiv>
            <Unicode>rop=a</Unicode>
          </TextEquiv>
        </Word>
        <Word id="word_65f12d31-d149-48c9-bc1a-bc802f3f918a">
          <Coords points="1331,4004 1335,4004 1383,4000 1435,3998 1485,3997 1535,3996 1585,3994 1610,3994 1611,4039 1586,4039 1536,4041 1486,4042 1436,4043 1387,4045 1336,4049 1333,4049"/>
          <TextEquiv>
            <Unicode>gelijck</Unicode>
          </TextEquiv>
        </Word>
        <Word id="word_e49d3b6b-5b31-4fdc-8d89-0d02579ad2d5">
          <Coords points="1649,3993 1684,3991 1736,3991 1769,3990 1770,4035 1736,4036 1686,4036 1651,4038"/>
          <TextEquiv>
            <Unicode>tot</Unicode>
          </TextEquiv>
        </Word>
        <Word id="word_4dcbaa8f-108d-4827-b40d-9597cffd8350">
          <Coords points="1807,3990 1834,3988 1886,3988 1937,3989 1968,3989 1968,4034 1936,4034 1886,4033 1837,4033 1810,4035"/>
          <TextEquiv>
            <Unicode>noch</Unicode>
          </TextEquiv>
        </Word>
        <Word id="word_aede4dac-1dd3-4580-b400-85abdabe3cf9">
          <Coords points="2007,3989 2035,3988 2086,3988 2127,3988 2127,4033 2086,4033 2036,4033 2008,4034"/>
          <TextEquiv>
            <Unicode>toe</Unicode>
          </TextEquiv>
        </Word>
        <Word id="word_0de85531-bb74-4218-ab82-9b7fc8d28e37">
          <Coords points="2167,3988 2186,3988 2235,3987 2285,3986 2325,3985 2326,4030 2286,4031 2236,4032 2186,4033 2167,4033"/>
          <TextEquiv>
            <Unicode>hier</Unicode>
          </TextEquiv>
        </Word>
        <Word id="word_a46d8e82-0380-4185-9e95-91c9e8bca84d">
          <Coords points="2365,3984 2385,3984 2436,3984 2486,3984 2537,3985 2586,3985 2637,3986 2684,3986 2684,4031 2636,4031 2586,4030 2536,4030 2486,4029 2436,4029 2386,4029 2366,4029"/>
          <TextEquiv>
            <Unicode>gerekent</Unicode>
          </TextEquiv>
        </Word>
        <Word id="word_6013ea2b-eee5-48be-a50e-eee399d9b87d">
          <Coords points="2726,3986 2739,3987 2785,3986 2835,3985 2882,3985 2882,4030 2836,4030 2786,4031 2735,4032 2723,4031"/>
          <TextEquiv>
            <Unicode>sijn</Unicode>
          </TextEquiv>
        </Word>
        <Word id="word_605653eb-12a7-4dc7-bb9c-826c6225b953">
          <Coords points="2920,3985 2934,3984 2985,3983 3037,3984 3080,3983 3081,4028 3036,4029 2986,4028 2937,4029 2923,4030"/>
          <TextEquiv>
            <Unicode>niet</Unicode>
          </TextEquiv>
        </Word>
        <TextEquiv conf="0.9575098903454425">
          <Unicode>30 rop=a gelijck tot noch toe hier gerekent sijn niet</Unicode>
        </TextEquiv>
        <TextStyle xHeight="38"/>
      </TextLine>
      <TextLine id="f7d5c2ba-a839-40f3-8458-03b8bbadea58">
        <Coords points="908,4115 1134,4120 1218,4064 1305,4064 1337,4084 1421,4088 1433,4100 1457,4101 1469,4089 1481,4089 1529,4045 2172,4045 2224,4088 2282,4093 2340,4056 2384,4056 2392,4064 2484,4064 2528,4080 2771,4080 2779,4088 2815,4072 3016,4075 3016,4140 2997,4134 2849,4134 2798,4183 2691,4182 2670,4162 2368,4175 1633,4175 1613,4166 1509,4166 1485,4167 1445,4203 1401,4219 1174,4210 1166,4202 908,4202"/>
        <Baseline points="940,4154 990,4153 1040,4151 1090,4149 1140,4148 1190,4146 1240,4144 1290,4143 1340,4140 1390,4139 1440,4140 1490,4139 1540,4140 1590,4138 1640,4135 1690,4132 1740,4131 1790,4131 1840,4131 1890,4131 1940,4132 1990,4131 2040,4131 2090,4132 2140,4132 2190,4131 2240,4132 2290,4133 2340,4135 2390,4135 2440,4134 2490,4134 2540,4134 2590,4132 2640,4130 2690,4128 2740,4125 2790,4123 2840,4121 2890,4121 2940,4121 2985,4124"/>
        <Word id="word_f2c8d3e4-5782-46c0-851e-10330f8abc19">
          <Coords points="939,4119 989,4118 1039,4116 1089,4114 1103,4114 1104,4159 1090,4159 1040,4161 990,4163 940,4164"/>
          <TextEquiv>
            <Unicode>meer</Unicode>
          </TextEquiv>
        </Word>
        <Word id="word_dc70f801-56c1-4bfd-ac95-7aa5296db50e">
          <Coords points="1143,4113 1189,4111 1239,4109 1266,4108 1267,4153 1240,4154 1190,4156 1145,4158"/>
          <TextEquiv>
            <Unicode>als</Unicode>
          </TextEquiv>
        </Word>
        <Word id="word_ec39c89e-e0a8-4233-be74-fb7115462e9b">
          <Coords points="1305,4108 1337,4105 1389,4104 1431,4105 1431,4150 1390,4149 1341,4150 1309,4153"/>
          <TextEquiv>
            <Unicode>21</Unicode>
          </TextEquiv>
        </Word>
        <Word id="word_9fe3c759-d0a2-4559-b6fb-d92431c9f2eb">
          <Coords points="1469,4106 1487,4104 1541,4105 1589,4103 1592,4103 1595,4148 1590,4148 1540,4150 1491,4149 1473,4151"/>
          <TextEquiv>
            <Unicode>p=r</Unicode>
          </TextEquiv>
        </Word>
        <Word id="word_20dc2ebc-f4df-4f21-aea1-119f3cb046e3">
          <Coords points="1633,4100 1638,4100 1688,4097 1739,4096 1790,4096 1840,4096 1840,4141 1790,4141 1740,4141 1691,4142 1641,4145 1636,4145"/>
          <TextEquiv>
            <Unicode>cento</Unicode>
          </TextEquiv>
        </Word>
        <Word id="word_172ae568-f0ec-4aa7-bc2f-500c4f6f5cc3">
          <Coords points="1881,4096 1890,4096 1941,4097 1989,4096 2040,4096 2045,4096 2044,4141 2040,4141 1990,4141 1940,4142 1890,4141 1881,4141"/>
          <TextEquiv>
            <Unicode>ende</Unicode>
          </TextEquiv>
        </Word>
        <Word id="word_c4c6d068-e3a1-4798-992a-2921734586b7">
          <Coords points="2086,4097 2091,4097 2140,4097 2189,4096 2209,4096 2208,4141 2190,4141 2140,4142 2090,4142 2085,4142"/>
          <TextEquiv>
            <Unicode>tot</Unicode>
          </TextEquiv>
        </Word>
        <Word id="word_df50aac2-f03f-472e-a8a0-3c58e1bd35bb">
          <Coords points="2249,4097 2291,4098 2341,4100 2371,4100 2371,4145 2340,4145 2290,4143 2249,4142"/>
          <TextEquiv>
            <Unicode>29</Unicode>
          </TextEquiv>
        </Word>
        <Word id="word_f2295860-0a62-4e1f-b028-d86c6b764851">
          <Coords points="2411,4100 2439,4099 2490,4099 2540,4099 2589,4097 2639,4095 2656,4094 2658,4139 2640,4140 2590,4142 2540,4144 2490,4144 2440,4144 2413,4145"/>
          <TextEquiv>
            <Unicode>ropia,</Unicode>
          </TextEquiv>
        </Word>
        <Word id="word_934558b1-ba51-4a4d-91cf-92030afcf169">
          <Coords points="2696,4093 2738,4090 2789,4088 2839,4086 2890,4086 2940,4086 2987,4089 2984,4134 2940,4131 2890,4131 2840,4131 2790,4133 2741,4135 2699,4138"/>
          <TextEquiv>
            <Unicode>gelijck</Unicode>
          </TextEquiv>
        </Word>
        <TextEquiv conf="0.9549738371473222">
          <Unicode>meer als 21 p=r cento ende tot 29 ropia, gelijck</Unicode>
        </TextEquiv>
        <TextStyle xHeight="38"/>
      </TextLine>
      <TextLine id="line_9dbb7008-2e15-4ca0-9404-cb4f3bcab15e">
        <Coords points="903,4202 1165,4202 1257,4206 1265,4214 1402,4218 1444,4203 1484,4167 1652,4158 1808,4162 1816,4170 1924,4174 2368,4175 2669,4162 2691,4182 2731,4183 2799,4183 2815,4167 2835,4166 3020,4173 3020,4238 2942,4240 2927,4232 2919,4240 2555,4248 2500,4259 1908,4259 1872,4287 1848,4291 1808,4315 1785,4314 1752,4331 1684,4342 1608,4342 1593,4349 1584,4349 1556,4322 1524,4322 1512,4310 1444,4310 1417,4298 1057,4307 903,4302"/>
        <Baseline points="935,4277 985,4276 1035,4273 1085,4271 1135,4270 1185,4269 1235,4266 1285,4264 1335,4261 1385,4260 1435,4257 1485,4255 1535,4253 1585,4250 1635,4247 1685,4245 1735,4244 1785,4243 1835,4245 1885,4244 1935,4244 1985,4242 2035,4239 2085,4237 2135,4235 2185,4233 2235,4232 2285,4230 2335,4229 2385,4228 2435,4228 2485,4228 2535,4227 2585,4226 2635,4226 2685,4226 2735,4225 2785,4224 2835,4224 2885,4223 2935,4222 2985,4222 2989,4222"/>
        <Word id="word_731612f6-28b9-487f-9e83-f7c42f0cbd56">
          <Coords points="934,4242 984,4241 1020,4239 1023,4284 985,4286 935,4287"/>
          <TextEquiv>
            <Unicode>nu</Unicode>
          </TextEquiv>
        </Word>
        <Word id="word_5e9c779f-554b-4301-a104-11b60ccc1822">
          <Coords points="1066,4236 1085,4236 1134,4235 1184,4234 1233,4231 1284,4229 1333,4226 1384,4225 1413,4223 1416,4268 1385,4270 1336,4271 1285,4274 1236,4276 1185,4279 1135,4280 1085,4281 1066,4281"/>
          <TextEquiv>
            <Unicode>voortaen</Unicode>
          </TextEquiv>
        </Word>
        <Word id="word_6612c389-7064-49d7-a744-7cbe2647c477">
          <Coords points="1458,4221 1484,4220 1534,4218 1583,4215 1633,4212 1684,4210 1721,4209 1721,4254 1685,4255 1636,4257 1586,4260 1535,4263 1485,4265 1459,4266"/>
          <TextEquiv>
            <Unicode>sullen</Unicode>
          </TextEquiv>
        </Word>
        <Word id="word_b044ca7d-d1af-4a32-ab4a-d0b4d86b7a32">
          <Coords points="1764,4208 1784,4208 1836,4210 1884,4209 1935,4209 1984,4207 2025,4205 2028,4249 1985,4252 1935,4254 1885,4254 1835,4255 1785,4253 1765,4253"/>
          <TextEquiv>
            <Unicode>loopen</Unicode>
          </TextEquiv>
        </Word>
        <Word id="word_59c14821-3d32-42c4-81b6-dfe72fb7da57">
          <Coords points="2071,4202 2085,4202 2134,4200 2157,4199 2159,4244 2135,4245 2085,4247 2071,4247"/>
          <TextEquiv>
            <Unicode>om</Unicode>
          </TextEquiv>
        </Word>
        <Word id="word_bafa4e67-0a81-4be1-9efc-b84da277d134">
          <Coords points="2202,4197 2235,4197 2284,4195 2332,4194 2333,4239 2285,4240 2235,4242 2202,4242"/>
          <TextEquiv>
            <Unicode>den</Unicode>
          </TextEquiv>
        </Word>
        <Word id="word_c4916948-4864-40ec-aeec-c392442550ef">
          <Coords points="2376,4193 2384,4193 2435,4193 2485,4193 2534,4192 2584,4191 2635,4191 2685,4191 2726,4190 2727,4235 2685,4236 2635,4236 2585,4236 2535,4237 2485,4238 2435,4238 2385,4238 2377,4238"/>
          <TextEquiv>
            <Unicode>slechten</Unicode>
          </TextEquiv>
        </Word>
        <Word id="word_79953814-38bc-4aac-a09b-8ddd795d2cda">
          <Coords points="2770,4189 2784,4189 2835,4189 2884,4188 2934,4187 2985,4187 2989,4187 2989,4232 2985,4232 2935,4232 2885,4233 2835,4234 2785,4234 2771,4234"/>
          <TextEquiv>
            <Unicode>aloij</Unicode>
          </TextEquiv>
        </Word>
        <TextEquiv conf="0.9648659130879467">
          <Unicode>nu voortaen sullen loopen om den slechten aloij</Unicode>
        </TextEquiv>
        <TextStyle xHeight="36"/>
      </TextLine>
      <TextLine id="line_96b627e5-e9d3-48ad-826d-18847e750c48">
        <Coords points="912,4302 1054,4307 1414,4298 1446,4310 1510,4310 1522,4322 1557,4322 1581,4346 1602,4347 1614,4339 1702,4339 1737,4330 1750,4335 1782,4315 1806,4315 1882,4280 2341,4275 2353,4284 2409,4283 2441,4298 2697,4302 2717,4314 2737,4314 2765,4335 2797,4314 2858,4314 2880,4331 2965,4259 3017,4259 3054,4296 3054,4362 2881,4360 2814,4368 2673,4368 2665,4376 2021,4368 1937,4451 1810,4451 1803,4458 912,4458"/>
        <Baseline points="944,4385 994,4380 1044,4377 1094,4375 1144,4372 1194,4368 1244,4365 1294,4363 1344,4361 1394,4359 1444,4359 1494,4360 1544,4359 1594,4358 1644,4359 1694,4362 1744,4362 1794,4363 1844,4360 1894,4358 1944,4353 1994,4351 2044,4351 2094,4349 2144,4347 2194,4344 2244,4344 2294,4344 2344,4343 2394,4344 2444,4344 2494,4343 2544,4343 2594,4343 2644,4343 2694,4344 2744,4345 2794,4348 2844,4350 2894,4350 2944,4350 2994,4349 3023,4346"/>
        <Word id="word_5aa5bd9b-90a3-4395-8e09-588c43639bd5">
          <Coords points="941,4350 991,4345 1042,4342 1093,4340 1142,4337 1177,4334 1181,4379 1145,4382 1094,4385 1045,4387 995,4390 945,4395"/>
          <TextEquiv>
            <Unicode>vande</Unicode>
          </TextEquiv>
        </Word>
        <Word id="word_f9f31646-6190-49a4-9374-2297d1ae9745">
          <Coords points="1226,4330 1243,4330 1293,4328 1343,4326 1393,4324 1444,4324 1495,4325 1510,4325 1511,4370 1494,4370 1444,4369 1394,4369 1344,4371 1294,4373 1244,4375 1227,4375"/>
          <TextEquiv>
            <Unicode>nieuwe</Unicode>
          </TextEquiv>
        </Word>
        <Word id="word_8445eb57-d5d5-453b-bbd6-4d6823a643ab">
          <Coords points="1557,4324 1593,4323 1645,4324 1696,4327 1744,4327 1795,4328 1842,4325 1893,4323 1941,4318 1982,4316 1983,4361 1945,4363 1894,4368 1845,4370 1794,4373 1744,4372 1693,4372 1644,4369 1594,4368 1558,4369"/>
          <TextEquiv>
            <Unicode>abbassijs</Unicode>
          </TextEquiv>
        </Word>
        <Word id="word_d0d17616-70c9-47f9-a844-66c2b5e757a9">
          <Coords points="2034,4315 2048,4316 2093,4314 2123,4313 2125,4358 2094,4359 2043,4361 2029,4359"/>
          <TextEquiv>
            <Unicode>(:</Unicode>
          </TextEquiv>
        </Word>
        <Word id="word_b79d7330-1167-4931-8969-4cb5867b6355">
          <Coords points="2169,4311 2191,4309 2244,4309 2294,4309 2313,4309 2314,4354 2294,4354 2244,4354 2195,4354 2173,4356"/>
          <TextEquiv>
            <Unicode>met</Unicode>
          </TextEquiv>
        </Word>
        <Word id="word_dbab5722-59e7-4961-b3d8-fb2a40877f3e">
          <Coords points="2363,4308 2395,4309 2444,4309 2455,4309 2456,4354 2444,4354 2394,4354 2361,4353"/>
          <TextEquiv>
            <Unicode>d'</Unicode>
          </TextEquiv>
        </Word>
        <Word id="word_182d870c-969c-41ca-aeaf-4627f56ba713">
          <Coords points="2503,4308 2544,4308 2594,4308 2644,4308 2695,4309 2745,4310 2789,4313 2786,4358 2744,4355 2694,4354 2644,4353 2594,4353 2544,4353 2503,4353"/>
          <TextEquiv>
            <Unicode>welcke</Unicode>
          </TextEquiv>
        </Word>
        <Word id="word_988c2ba1-ade4-4db7-a1b9-9b2c894e7925">
          <Coords points="2832,4315 2843,4315 2894,4315 2944,4315 2993,4314 3019,4311 3024,4356 2994,4359 2944,4360 2894,4360 2844,4360 2834,4360"/>
          <TextEquiv>
            <Unicode>alle</Unicode>
          </TextEquiv>
        </Word>
        <TextEquiv conf="0.9035014156740232">
          <Unicode>vande nieuwe abbassijs (: met d' welcke alle</Unicode>
        </TextEquiv>
        <TextStyle xHeight="46"/>
      </TextLine>
    </TextRegion>
    <TextRegion id="region_61e74124-ebc2-4de2-abdc-79779977fe86_4" custom="structure {type:catch-word;}">
      <Coords points="2820,4442 2817,4438 2817,4435 2814,4431 2814,4428 2810,4425 2810,4421 2800,4411 2793,4411 2790,4407 2783,4407 2779,4404 2769,4404 2766,4401 2728,4401 2725,4404 2718,4404 2714,4407 2707,4407 2704,4411 2697,4411 2694,4414 2666,4414 2663,4418 2646,4418 2642,4414 2523,4414 2519,4418 2509,4418 2506,4421 2478,4421 2475,4425 2454,4425 2451,4428 2440,4428 2437,4431 2427,4431 2417,4442 2406,4442 2403,4445 2382,4445 2379,4449 2375,4449 2369,4455 2369,4462 2365,4466 2365,4476 2362,4479 2362,4483 2365,4486 2365,4490 2372,4496 2396,4496 2399,4493 2403,4493 2406,4496 2458,4496 2461,4493 2485,4493 2488,4490 2502,4490 2506,4493 2519,4493 2523,4496 2564,4496 2567,4500 2591,4500 2595,4503 2615,4503 2618,4507 2632,4507 2636,4503 2653,4503 2656,4507 2673,4507 2677,4510 2687,4510 2690,4514 2701,4514 2704,4517 2707,4517 2711,4520 2718,4520 2721,4524 2755,4524 2759,4520 2773,4520 2776,4517 2779,4517 2783,4514 2786,4514 2793,4507 2793,4503 2796,4500 2796,4496 2807,4486 2807,4483 2814,4476 2814,4469 2817,4466 2817,4462 2820,4459"/>
      <TextLine id="line_50f74552-1632-4a48-829b-aca9d1709777">
        <Coords points="2289,4429 2844,4433 2844,4498 2487,4495 2468,4514 2459,4510 2396,4573 2347,4529 2335,4538 2327,4531 2289,4531"/>
        <Baseline points="2321,4497 2371,4492 2421,4488 2471,4483 2521,4481 2571,4481 2621,4482 2671,4482 2721,4482 2771,4482 2813,4482"/>
        <Word id="word_b6683569-3bc2-49ac-9ab6-bc389e55240d">
          <Coords points="2318,4462 2368,4457 2418,4453 2468,4448 2520,4446 2571,4446 2622,4447 2671,4447 2721,4447 2771,4447 2813,4447 2813,4492 2771,4492 2721,4492 2671,4492 2621,4492 2571,4491 2521,4491 2472,4493 2422,4498 2372,4502 2322,4507"/>
          <TextEquiv>
            <Unicode>goederen</Unicode>
          </TextEquiv>
        </Word>
        <TextEquiv conf="0.9676526549526989">
          <Unicode>goederen</Unicode>
        </TextEquiv>
        <TextStyle xHeight="33"/>
      </TextLine>
    </TextRegion>
    <TextRegion id="f39b7974-6cb4-4c2d-87af-30efb3e7e099">
      <Coords points="75,974 176,974 176,995 75,995"/>
      <TextLine id="line_17cc4903-df74-448b-ba17-aa36f1a1cd7a">
        <Coords points="47,929 77,929 93,940 206,940 206,1005 133,1005 47,1078"/>
        <Baseline points="79,981 129,984 175,989"/>
        <Word id="word_35025528-7e86-49c6-a62a-cbfe65c7ccd1">
          <Coords points="81,946 131,949 179,954 174,999 128,994 78,991"/>
          <TextEquiv>
            <Unicode>ijn</Unicode>
          </TextEquiv>
        </Word>
        <TextEquiv conf="0.5730090995575542">
          <Unicode>ijn</Unicode>
        </TextEquiv>
        <TextStyle xHeight="30"/>
      </TextLine>
    </TextRegion>
    <TextRegion id="db95ead3-e3af-4853-8269-a122f772f780">
      <Coords points="5,984 39,984 39,996 5,996"/>
      <TextLine id="f86ed094-7045-4ec8-b1d6-dd84e666c4c0">
        <Coords points="0,936 67,942 67,1006 57,995 42,995 0,1008"/>
        <Baseline points="8,991 36,990"/>
        <Word id="word_6fbf8d29-6e0e-446f-97d5-dcba1203d1bd">
          <Coords points="7,956 35,955 36,1000 8,1001"/>
          <TextEquiv>
            <Unicode>lij</Unicode>
          </TextEquiv>
        </Word>
        <TextEquiv conf="0.48015777739681403">
          <Unicode>lij</Unicode>
        </TextEquiv>
        <TextStyle xHeight="70"/>
      </TextLine>
    </TextRegion>
    <TextRegion id="region_61d48642-2984-49b9-bc5b-84c0786a94a8">
      <Coords points="0,1165 49,1165 49,1179 0,1179"/>
      <TextLine id="line_168edd9f-4f90-4382-8ee9-3744994534b5">
        <Coords points="0,1122 70,1122 70,1187 0,1187"/>
        <Baseline points="0,1172 39,1171"/>
        <TextStyle xHeight="71"/>
      </TextLine>
    </TextRegion>
    <TextRegion id="region_546a3630-4944-464a-8619-a60ce0419960">
      <Coords points="59,1165 196,1165 196,1177 59,1177"/>
      <TextLine id="line_931b1811-548a-4a4b-b867-1d838951af60">
        <Coords points="36,1121 225,1122 225,1187 36,1184"/>
        <Baseline points="68,1171 118,1171 168,1171 194,1171"/>
        <Word id="word_030ac4c9-7f74-4a0f-80f0-213a039e6c5d">
          <Coords points="68,1136 118,1136 168,1136 194,1136 194,1181 168,1181 118,1181 68,1181"/>
          <TextEquiv>
            <Unicode>wel</Unicode>
          </TextEquiv>
        </Word>
        <TextEquiv conf="0.9225008589512486">
          <Unicode>wel</Unicode>
        </TextEquiv>
        <TextStyle xHeight="27"/>
      </TextLine>
    </TextRegion>
  </Page>
</PcGts>
