3553 4917
317 408 553 466 Juliis
591 405 670 451 ao
706 400 944 448 1646/.

656 630 780 682 Adij
810 628 964 679 26:en
994 632 1179 679 ditto.
1208 630 1332 677 deEd
1361 629 1456 676 den
1477 628 1793 682 Gouverneur
1822 637 1915 682 ons
1946 637 2069 683 door
2099 639 2161 684 de
2191 637 2407 683 tolcken
2436 638 2714 694 aenleggen
2744 650 2867 699 sijn
2897 653 3030 706 Ed:t

958 735 1106 783 vande
1136 738 1314 785 wacht.
1343 740 1670 792 geboodschap
1699 747 1818 793 was,
1848 748 1937 793 een
1966 748 2204 795 hollands
2231 746 2383 796 schip
2410 751 2471 797 in
2500 752 2589 798 zee
2618 753 2796 801 gesien
2825 750 3005 801 wierde

953 848 1045 896 was
1074 851 1287 896 omtrent
1317 851 1410 898 den
1438 854 1652 904 middach
1681 858 1773 905 met
1803 855 2047 902 licentie
2076 858 2169 906 van
2197 862 2411 908 gemelte
2440 864 2562 911 sijn
2592 865 2714 911 Ed:t
2744 863 2836 910 den
2865 861 3019 908 onder

961 956 1164 1005 coopman
1191 961 1279 1007 Jan
1307 963 1365 1009 de
1394 964 1539 1011 grood
1567 966 1857 1017 uijtsonden
1884 973 1971 1018 met
2000 973 2203 1022 missive
2230 977 2376 1025 aende
2403 980 2606 1027 schelps
2634 982 2952 1031 overicheijt

955 1076 1048 1125 tot
1078 1076 1530 1127 swaerschouwinge
1559 1083 1651 1131 nae
1679 1087 1860 1136 paapse
1890 1092 2220 1141 ornamenten,
2250 1096 2371 1142 ofte
2401 1098 2551 1145 ijets
2581 1099 2672 1145 nae
2700 1097 2762 1143 't
2792 1097 3035 1147 pansdam.

959 1191 1234 1239 ruijckende
1261 1194 1427 1241 scherp
1454 1197 1728 1251 ondersoeck
1755 1206 1812 1252 te
1837 1208 1975 1258 doen,
2002 1214 2113 1262 ende
2139 1218 2251 1268 haer
2274 1223 2413 1271 alles
2441 1226 2578 1272 (iets
2605 1226 2908 1274 bevindende)
2935 1226 3017 1273 al„

962 1312 1049 1358 eek
1076 1312 1190 1358 hier
1218 1313 1303 1358 ter
1331 1313 1474 1361 rhede
1501 1317 1644 1366 comen
1671 1322 1983 1374 heijmelijck
2011 1330 2153 1380 quijt
2180 1335 2238 1381 te
2265 1337 2435 1385 maaken
2464 1340 2549 1386 ect
2577 1341 2663 1387 met
2690 1342 2776 1388 den
2804 1343 3002 1391 dancker

962 1428 1054 1475 aen
1084 1427 1329 1474 tincomen
1358 1430 1511 1478 vande
1540 1434 1664 1483 baij
1693 1439 1846 1489 hoord
1876 1444 1938 1491 en
1967 1446 2181 1496 sachmen
2212 1451 2486 1501 schieten,
2516 1454 2821 1502 weshaleven
2851 1454 2944 1502 ons

964 1547 1111 1594 vande
1140 1547 1345 1597 compste
1373 1552 1463 1601 des
1490 1557 1637 1606 schip
1665 1562 2016 1617 versekerden,
2045 1573 2164 1624 doch
2189 1580 2453 1633 naderende
2482 1587 2600 1634 ende
2628 1588 2891 1636 tschieten
2920 1591 3009 1639 on„

967 1667 1327 1718 ordentelijck
1356 1674 1627 1725 toegaende
1655 1682 1747 1729 ooc
1775 1685 2016 1738 wehjince
2045 1694 2195 1744 slach
2224 1699 2434 1746 gevende
2464 1701 2704 1751 Bevonden
2730 1701 2947 1751 'tselve

967 1780 1056 1829 een
1083 1785 1290 1835 chinese
1318 1791 1466 1839 Jomke
1494 1795 1553 1841 te
1581 1796 1759 1848 wesen,
1786 1803 1935 1853 sulcx
1962 1810 2169 1861 beducht
2196 1817 2402 1864 bleven,
2428 1815 2491 1863 de
2518 1817 2665 1863 zelve
2692 1819 2841 1869 voort
2869 1825 3018 1878 schip

968 1902 1242 1950 aengesien
1272 1905 1455 1954 mochte
1485 1909 1637 1959 zijn,
1667 1914 1911 1963 ongeveek
1939 1915 2002 1963 t½
2032 1915 2125 1966 nie
2153 1923 2276 1974 waer
2305 1930 2488 1977 sonnen
2518 1932 2853 1983 onderganck,
2882 1937 3007 1989 kelk

967 2036 1065 2083 den
1097 2035 1487 2088 ondercoopman
1517 2044 1583 2090 de
1614 2046 1777 2097 groot
1808 2054 1970 2104 weder
2002 2059 2294 2113 verhaelde
2325 2068 2456 2119 uijt
2485 2074 2682 2123 Berigt
2713 2078 2810 2124 van
2841 2076 2947 2126 een

969 2160 1172 2210 Japanse
1200 2161 1345 2210 bekol
1372 2166 1574 2216 uijtter
1602 2172 1689 2217 zee
1717 2173 1861 2221 comen
1889 2176 2091 2225 evenwel
2118 2181 2177 2226 cn
2204 2182 2349 2229 schip
2377 2184 2520 2231 onder
2549 2186 2664 2233 lant
2692 2188 2865 2235 gesien
2893 2189 3010 2236 was,

752 2324 873 2375 adij
900 2319 1022 2367 21:e
1050 2316 1231 2363 ditto.
1260 2315 1349 2362 des
1378 2314 1587 2364 morgens
1616 2319 1914 2371 verstonden
1944 2325 2003 2371 de
2033 2324 2183 2374 Iomke
2211 2330 2271 2376 op
2300 2330 2480 2381 gister
2509 2336 2658 2382 avond
2687 2338 2866 2386 alhier
2896 2341 2987 2389 ge„

986 2429 1258 2479 arrivetht
1287 2435 1378 2481 van
1407 2436 1648 2486 Cambodia
1677 2442 1798 2489 over
1828 2444 2219 2501 Coetchinchina
2248 2456 2519 2506 herwaehts
2549 2457 2790 2505 gecomen,
2819 2459 2910 2505 was
2939 2458 3030 2505 ten

987 2553 1322 2601 principalen
1350 2557 1563 2604 geladen
1593 2559 1684 2606 met
1714 2562 1896 2611 25000:
1926 2566 1958 2612 p
1986 2568 2078 2615 her
2107 2570 2351 2620 tevellen
2380 2576 2502 2622 2700
2531 2576 2562 2621 p
2591 2573 2988 2624 Butfelshoorns

1008 2687 1128 2738 526:
1157 2686 1186 2732 8
1215 2683 1538 2732 koeluijden,
1565 2688 1683 2735 450:
1710 2688 1917 2736 elandts
1945 2692 2122 2741 uijden
2149 2698 2237 2744 100
2266 2699 2355 2746 p:s
2383 2701 2530 2751 swart
2558 2707 2705 2757 lack,
2733 2712 2822 2758 254
2848 2709 2880 2756 p
2906 2707 2996 2752 ne„

980 2807 1203 2859 nocheros
1230 2807 1421 2853 hooren,
1448 2807 1558 2853 340:
1583 2806 1613 2852 p
1639 2808 1886 2859 olixhants
1911 2815 2104 2870 tranden
2130 2826 2213 2872 50:
2239 2828 2322 2875 p:s
2348 2830 2485 2877 pper,
2511 2829 2622 2875 370:
2648 2829 2894 2877 schrijven
2920 2827 3007 2874 was

983 2933 1079 2983 20:
1109 2929 1298 2977 sacken
1329 2930 1611 2979 Cassomba,
1641 2934 1767 2983 200:
1797 2938 1986 2989 Bossen
2017 2945 2268 2996 rottangh
2298 2953 2423 3000 ende
2452 2952 2549 3000 20:
2579 2953 2767 3001 hacken
2798 2950 2892 3000 met
2922 2946 3018 2993 me:

977 3049 1280 3098 dicamenten
1309 3050 1430 3098 naer
1460 3054 1701 3102 gillinge
1730 3058 1851 3106 ende
1880 3062 2031 3107 17000
2060 3063 2301 3114 waerdich

981 3186 1118 3233 ditto
1146 3188 1310 3236 wierde
1337 3191 1531 3241 geruclt
1554 3195 1585 3242 t
1612 3196 1751 3246 schip
1776 3202 1804 3247 5
1831 3201 1860 3247 a
1886 3202 1942 3250 6:
1968 3206 2134 3253 wijlen
2160 3206 2216 3252 te
2243 3206 2408 3253 leegen
2434 3206 2490 3252 of
2517 3203 2600 3250 bij
2626 3201 2820 3247 woorden
2846 3200 2902 3246 de
2929 3199 3055 3247 baij

985 3313 1048 3361 in
1078 3307 1414 3357 d'eijlanden
1443 3308 1536 3356 van
1564 3311 1718 3359 setto
1748 3314 1902 3364 onder
1930 3320 1992 3366 't
2022 3321 2205 3371 gebiel
2235 3326 2388 3372 vande
2417 3326 2540 3372 helk
2569 3323 2661 3371 van
2692 3321 2844 3367 ariua
2874 3319 2998 3365 ver„

979 3428 1205 3475 vallen,
1237 3429 1333 3475 ten
1365 3427 1527 3474 amker
1558 3426 1784 3474 gecomen
1816 3429 1946 3475 was,
1977 3431 2332 3483 voorschreve
2364 3439 2750 3489 ondercoopman
2781 3437 2847 3484 de
2879 3437 3043 3486 Groot

992 3553 1179 3599 voorde
1209 3551 1395 3599 tweede
1426 3554 1550 3600 mael
1581 3555 1953 3601 uijtgesonden
1983 3557 2077 3606 die
2107 3561 2325 3611 vermits
2355 3565 2634 3612 regenbuij
2664 3567 2850 3617 achtue
2881 3569 3036 3617 weder

993 3673 1342 3720 onverrichter
1371 3674 1545 3720 saacke
1575 3674 1720 3720 heeft
1749 3675 1924 3723 moeten
1952 3678 2275 3730 wederkelken

984 3812 1046 3860 op
1074 3810 1196 3856 dato
1225 3812 1526 3863 verstonden
1554 3819 1646 3867 dat
1674 3824 1766 3871 den
1794 3827 2066 3879 voorleden
2093 3835 2244 3882 nacht
2273 3838 2424 3884 eenen
2453 3839 2723 3890 expressen
2752 3845 2902 3891 loper
2932 3845 3053 3894 uijt

989 3928 1121 3976 Jedo
1153 3929 1285 3976 hier
1317 3929 1647 3976 aengecomen
1678 3933 1779 3983 was
1809 3940 1909 3986 met
1941 3942 2139 3992 Briven
2170 3948 2303 3997 ende
2334 3954 2500 4004 ordre
2531 3961 2630 4008 aen
2662 3963 2828 4015 desen
2856 3969 2990 4017 Gou=

989 4053 1230 4102 verneur
1264 4058 1367 4103 dat
1401 4057 1470 4103 de
1503 4055 1746 4102 Iongste
1779 4056 1917 4107 twee
1950 4062 2295 4119 aengecomen
2329 4074 2570 4122 chinese
2604 4075 2845 4121 Joncken
2879 4075 2984 4123 van

2357 416 2437 463 In
2476 418 2994 475 Nangasachij/.

2496 4269 2920 4320 Nanhijn

2859 319 3022 368 638

0 4258 235 4304 6:50¾
