3608 4917
2806 349 2966 399 685

806 431 873 480 In
904 426 1033 475 mijn
1065 426 1451 480 Daghregister
1479 436 1578 485 doe
1608 441 1769 489 langh
1801 443 2025 489 vermaen
2057 443 2154 492 dat
2183 447 2250 493 in
2281 448 2410 495 Gedo
2441 451 2635 500 zijnde
2664 457 2954 510 gesproken

892 500 1032 552 hebbe
1059 501 1142 548 soo
1168 503 1252 549 als
1278 505 1389 552 in't
1415 508 1608 560 voorbij
1634 516 1744 562 gaen
1772 517 1854 562 van
1881 517 1963 562 een
1991 516 2183 563 Contoir
2210 518 2266 563 op
2292 519 2348 565 te
2374 521 2567 569 richten
2594 525 2786 573 ontrent
2813 528 2970 575 Nambo

913 573 988 620 met
1012 573 1160 622 eenige
1184 577 1209 623 (
1233 578 1283 625 na
1306 581 1407 629 mijn
1429 586 1626 639 oordeel)
1650 594 1749 640 geen
1772 595 2116 641 ontatsoenelijk
2141 595 2313 643 redenen
2336 597 2411 643 als
2435 598 2509 643 het
2533 598 2583 644 te
2607 599 2853 646 vercrijgen
2876 600 2981 650 was,

912 653 992 700 hoe
1017 653 1123 701 sulx
1148 657 1280 704 bijde
1305 660 1489 711 heerten
1514 667 1723 717 verstaen
1749 671 1880 717 soude
1906 670 2064 715 werden
2089 671 2142 716 en
2168 671 2273 717 wete
2298 673 2405 721 niet

700 743 790 791 Van
819 743 1083 790 gelijcken
1112 744 1172 791 en
1200 747 1318 794 wete
1346 750 1464 797 oock
1493 753 1610 802 niet
1639 757 1727 803 hoe
1757 758 1845 803 het
1873 757 2080 805 genomen
2108 760 2255 806 soude
2284 761 2402 807 zijn
2429 763 2636 810 geweest
2664 765 2753 814 bij
2782 770 2987 821 aldien,

904 818 1016 867 soo,
1043 823 1100 869 in
1126 825 1351 878 gespreck
1377 834 1573 883 wesende
1600 839 1685 885 met
1711 840 1990 887 Zickingod.
2018 841 2047 887 e
2074 843 2214 889 ottte
2241 840 2297 887 de
2324 839 2465 887 Couv.
2492 843 2520 888 r
2547 841 2631 887 van
2659 839 2855 886 Manilla
2881 833 3023 883 ottte

909 900 1041 947 Macau
1066 902 1226 952 moghte
1251 908 1437 958 geseght
1462 914 1595 962 gehad
1619 918 1804 964 hebben,
1830 919 1962 965 oftte
1988 920 2041 965 de
2067 920 2199 967 Maij.
2225 921 2252 966 t
2278 921 2383 966 ovel
2409 921 2541 969 soude
2567 924 2805 975 geneijght
2830 930 2936 977 sijn

912 972 994 1026 tot
1019 981 1312 1036 bevechtinge
1337 991 1418 1040 van
1443 996 1656 1045 Manilha,
1681 999 1789 1045 niet
1815 1000 1974 1045 zelffs
1999 999 2080 1044 met
2106 999 2266 1045 eijgen
2292 1001 2451 1049 Natie,
2477 1004 2584 1051 maer
2610 1007 2690 1054 met
2716 1009 2796 1055 ons
2822 1009 2902 1055 tot
2928 1009 3039 1058 zulx

915 1055 1198 1108 assistentie
1221 1065 1273 1112 te
1297 1068 1401 1119 doen
1424 1076 1503 1124 van
1526 1080 1655 1128 gelt,
1680 1083 2012 1131 gelijckerwijs
2037 1084 2114 1129 men
2136 1082 2190 1129 in
2216 1082 2369 1127 Europa
2394 1082 2471 1128 van
2496 1083 2598 1128 sulx
2624 1083 2701 1130 wel
2726 1085 2854 1132 goede
2879 1087 2930 1132 en
2955 1085 3033 1132 ons

919 1126 1019 1177 land
1041 1133 1264 1189 vorderl.k
1287 1144 1509 1202 exempelen
1532 1158 1655 1207 siet,
1679 1161 1755 1208 dat
1777 1164 1852 1212 men
1876 1167 1974 1213 haer
1999 1168 2072 1214 wel
2097 1169 2195 1215 uijt
2219 1168 2294 1214 den
2318 1169 2489 1216 ruijgen
2514 1171 2612 1217 maer
2636 1172 2686 1218 op
2710 1173 2760 1219 't
2784 1174 2932 1219 naiste
2956 1174 3055 1220 niet

911 1214 961 1261 en
984 1217 1206 1268 behoeffde
1228 1224 1378 1274 uijtte
1399 1230 1572 1283 leggen,
1595 1239 1694 1288 hare
1717 1243 1841 1292 Natie
1864 1248 1914 1294 te
1937 1250 2158 1297 excuseren
2181 1251 2304 1297 conde
2329 1252 2476 1299 geheel
2500 1255 2574 1301 wel
2598 1257 2842 1305 geschieden
2867 1257 2990 1306 onder

908 1296 1030 1346 dexel
1052 1302 1126 1349 van
1148 1305 1342 1353 onlusten
1365 1309 1462 1358 voor
1485 1314 1535 1360 te
1557 1316 1703 1367 comen,
1725 1323 1775 1369 en
1798 1325 1872 1371 van
1894 1327 2039 1375 gelthn
2063 1330 2184 1377 sulpe
2207 1333 2424 1382 tespreken
2448 1338 2641 1387 oordeele
2664 1342 2761 1388 niet
2785 1342 2857 1388 ons
2880 1340 2954 1388 tot

915 1378 1273 1431 cleijnachtinge
1297 1387 1426 1439 soude
1449 1395 1604 1447 cunnen
1627 1403 1857 1452 geduijdet
1882 1407 2061 1461 werden,
2085 1417 2111 1462 (
2136 1417 2264 1466 tegen
2288 1422 2417 1469 mijns
2441 1425 2671 1473 voortaets
2696 1428 2927 1480 gevoelen)
2950 1436 3058 1495 want

909 1461 987 1508 die
1012 1461 1167 1509 Heeren
1191 1465 1244 1512 in
1268 1468 1372 1516 Gedo
1396 1472 1526 1522 weten
1549 1478 1628 1526 wel
1652 1482 1807 1530 dattet
1831 1485 1909 1532 ons
1934 1487 2089 1538 aenden
2112 1494 2267 1545 goeden
2292 1501 2446 1549 willet
2471 1504 2523 1550 om
2548 1506 2626 1553 den
2650 1509 2855 1556 Spanjart
2880 1511 2935 1560 te

913 1545 1169 1597 verdrijven
1194 1552 1298 1599 niet
1322 1555 1374 1602 en
1398 1558 1578 1609 schort,
1602 1565 1705 1613 maer
1729 1568 1806 1615 off
1832 1570 1908 1616 aen
1934 1571 2037 1618 gelt
2061 1574 2139 1622 off
2163 1578 2241 1625 aen
2265 1580 2419 1631 volck,
2444 1587 2598 1636 anders
2622 1591 2725 1638 voor
2750 1594 2802 1640 te
2826 1595 2957 1645 geven
2979 1602 3036 1652 en

904 1621 1113 1672 stroockt
1138 1628 1269 1678 niet,
1294 1634 1347 1681 de
1372 1637 1606 1692 voirdelen
1632 1648 1737 1696 daer
1762 1652 1867 1700 uijt
1891 1657 1997 1704 zijn
2022 1660 2126 1705 veel
2152 1660 2205 1706 en
2230 1662 2569 1714 menigerhande,
2594 1670 2699 1718 want
2723 1673 2881 1721 vanden
2906 1676 3062 1722 handel

908 1703 989 1749 van
1014 1704 1122 1752 Nova
1147 1709 1361 1763 Hispania
1385 1720 1440 1766 op
1464 1722 1651 1776 Manilha
1676 1732 1783 1779 over
1808 1735 1995 1784 Holland
2020 1739 2075 1785 te
2099 1741 2286 1790 trecken
2312 1745 2365 1790 en
2391 1745 2604 1793 spreecke
2629 1748 2762 1796 niet,
2788 1749 2868 1795 het
2894 1749 3000 1796 land

903 1790 1021 1837 zelve
1045 1792 1164 1839 geeft
1187 1795 1332 1845 groote
1353 1801 1568 1856 voordelen
1589 1812 1781 1862 genoegh,
1803 1818 1875 1865 soo
1897 1821 2064 1870 doorder
2087 1824 2277 1871 Chinesen
2300 1827 2372 1872 als
2395 1828 2467 1873 der
2490 1828 2751 1876 Inwoonderen
2773 1829 3035 1876 hooftgelden

909 1877 957 1923 en
978 1877 1239 1927 diergelijk,
1261 1883 1380 1932 boven
1401 1889 1497 1936 alle
1519 1892 1568 1938 de
1588 1895 1637 1942 te
1659 1898 1777 1945 doene
1800 1901 2013 1949 oncosten,
2034 1905 2106 1952 dat
2128 1907 2293 1957 zeecker
2315 1911 2386 1957 is,
2410 1911 2645 1957 dierhalven
2668 1912 2785 1958 soude
2809 1912 2879 1957 wel
2903 1912 2975 1959 wat

903 1964 1106 2012 moeijten
1131 1968 1334 2019 waerdieh
1359 1974 1512 2024 wesen,
1536 1980 1589 2026 en
1612 1982 1689 2030 dat
1713 1985 1867 2035 ijmant
1891 1991 1993 2038 mogh
2018 1993 2069 2039 te
2094 1994 2298 2044 dencken,
2320 1998 2373 2045 't
2398 1998 2500 2044 lant
2524 1998 2601 2044 bij
2626 1999 2702 2044 ons
2726 1998 2981 2046 beswaerl.k

916 2044 1098 2096 bewaert
1122 2051 1228 2100 veel
1251 2056 1330 2104 min
1354 2061 1561 2110 bevolckt
1586 2065 1716 2115 zoude
1739 2070 1895 2120 cunnen
1920 2075 2102 2123 werden,
2126 2079 2230 2126 daer
2255 2082 2332 2127 van
2358 2082 2539 2128 gevoele
2564 2083 2745 2130 /anders
2769 2081 2847 2128 als
2873 2081 2977 2126 maer
3000 2074 3054 2124 de

909 2128 1091 2176 luijden
1116 2131 1274 2182 middel
1297 2138 1559 2193 aengewesen
1583 2149 1662 2196 off
1687 2152 1869 2203 gelaten
1894 2159 2025 2206 wort,
2050 2162 2154 2207 waer
2180 2162 2259 2209 bij
2283 2164 2362 2209 hun
2387 2164 2518 2210 weten
2543 2165 2803 2212 tegeneren.
2829 2165 3073 2213 Nederlant

906 2213 952 2258 is
974 2213 1020 2259 op
1043 2214 1204 2262 gepropt
1225 2217 1295 2265 van
1317 2220 1433 2269 volck
1454 2225 1502 2273 en
1522 2229 1593 2276 all
1613 2232 1661 2280 de
1682 2236 1728 2282 na
1751 2237 1821 2283 bij
1842 2238 2002 2287 gelegen
2024 2242 2162 2291 landen
2185 2246 2209 2291 t
2230 2247 2391 2294 brengen
2413 2249 2506 2296 oock
2527 2251 2619 2298 veel
2642 2253 2733 2298 bij.
2755 2252 2825 2298 hoe
2848 2252 2940 2298 sich

865 2301 1095 2348 verormoer
1120 2303 1274 2349 opdoet
1299 2303 1376 2349 met
1401 2305 1479 2353 den
1503 2309 1684 2359 lantbou
1707 2315 1937 2367 schrijfft
1963 2322 2066 2370 deh.
2090 2324 2117 2369 r
2141 2325 2270 2373 Gouv.
2295 2329 2321 2374 r
2346 2330 2398 2376 en
2422 2332 2499 2378 den
2524 2333 2627 2379 Raet
2652 2333 2832 2379 alhier,
2857 2334 2960 2380 haer
2984 2335 3063 2382 Ede

847 2386 1213 2438 goetgunsticheijt
1235 2391 1305 2436 tot
1326 2392 1372 2438 de
1394 2394 1600 2445 burgerije
1622 2400 1714 2447 in't
1736 2403 1919 2450 verlenen
1941 2406 2102 2452 eeniger
2123 2408 2397 2458 privilegjien
2419 2413 2511 2460 sall
2533 2416 2625 2462 veel
2647 2417 2692 2462 en
2713 2412 2967 2462 ongeloofse.
2988 2414 3016 2461 d

905 2468 1046 2515 helpen
1068 2471 1115 2517 en
1138 2472 1209 2518 dan
1232 2473 1279 2518 in
1302 2473 1419 2520 corte
1442 2476 1560 2523 jaren
1582 2479 1746 2529 betonen
1769 2484 1840 2531 wat
1862 2486 1909 2534 de
1933 2489 2191 2541 Nederlanden
2212 2497 2283 2542 dan
2306 2497 2377 2543 wel
2399 2499 2540 2547 souden
2563 2502 2704 2550 cunnen
2725 2503 2820 2550 voor
2843 2502 3034 2553 plaetsen

913 2550 1147 2599 bevolcken,
1168 2554 1240 2600 als
1261 2556 1333 2603 men
1354 2559 1448 2605 haer
1470 2560 1565 2607 maer
1586 2563 1866 2612 middelmatige
1889 2568 2100 2617 vrijheden
2121 2573 2307 2621 toestaen
2330 2576 2378 2622 en
2400 2578 2610 2625 vergunnen
2632 2579 2726 2625 wil,
2749 2581 2819 2626 ick
2842 2579 3051 2626 latestaen

913 2637 988 2683 als
1012 2637 1062 2683 de
1086 2637 1237 2686 zaecke
1261 2641 1360 2687 eens
1385 2641 1460 2687 ter
1484 2642 1609 2691 degen
1633 2646 1684 2692 en
1708 2648 1784 2695 met
1807 2651 1983 2699 grooten
2006 2655 2132 2702 ijver
2155 2658 2454 2707 beneersticht
2478 2662 2578 2708 ende
2602 2662 2727 2708 bijde
2751 2662 3025 2709 hantgenomen

911 2721 1070 2771 wierde,
1091 2727 1159 2773 dan
1182 2728 1250 2774 dit
1272 2729 1318 2774 en
1339 2728 1385 2773 is
1408 2728 1476 2774 soo
1498 2730 1702 2778 eijgentl.
1724 2733 1748 2779 k
1769 2735 1838 2783 ons
1859 2738 1996 2787 beroep
2017 2742 2131 2789 niet,
2153 2745 2244 2791 maer
2266 2746 2402 2793 echter
2424 2748 2492 2794 soo
2515 2749 2582 2794 van
2605 2749 2673 2794 ter
2695 2749 2833 2797 rijden
2853 2754 2945 2800 daer
2966 2755 3039 2804 aen

909 2806 1017 2853 vast
1041 2807 1253 2861 daeromme
1278 2816 1437 2864 sullen
1463 2819 1542 2866 van
1568 2821 1674 2868 daer
1700 2824 1779 2869 aff
1805 2824 1858 2870 en
1884 2825 1937 2871 op
1963 2826 2069 2872 onse
2094 2828 2253 2875 eijgen
2278 2828 2463 2878 materie
2490 2833 2623 2881 comen

624 2949 999 3002 Packwercken
1033 2949 1169 2995 sijn
1202 2950 1440 3002 volgens
1473 2958 1645 3008 ordre
1677 2965 1814 3013 niet
1846 2969 2016 3015 tegen
2050 2970 2118 3016 't
2151 2971 2492 3022 aenstaende
2525 2977 2797 3023 besteet,
2830 2979 2966 3025 oock

899 3030 1058 3077 hebben
1083 3033 1163 3081 van
1188 3037 1374 3086 deselve
1398 3042 1477 3089 ons
1503 3044 1715 3093 gevoelen
1740 3049 1951 3099 voordel:
1977 3055 2082 3101 gesz
2108 3055 2214 3101 daer
2239 3057 2345 3105 noch
2370 3060 2450 3106 bij
2476 3060 2687 3108 blijven,
2712 3062 2898 3110 deselve
2923 3065 3032 3118 sijn

915 3101 1051 3152 veele
1077 3108 1185 3157 noch
1210 3113 1373 3162 alhier
1398 3118 1480 3166 soo
1505 3122 1614 3170 voor
1639 3126 1883 3178 Cormandel
1907 3135 1989 3180 als
2015 3134 2044 3180 t
2069 3136 2176 3183 Siam
2203 3138 2284 3185 die
2310 3141 2365 3188 nu
2390 3144 2473 3191 met
2497 3148 2579 3195 dit
2605 3148 2740 3195 schip
2766 3148 2887 3198 gaen

916 3191 971 3239 om
998 3191 1106 3237 daer
1131 3193 1344 3243 behooren
1371 3198 1560 3247 bestelt
1584 3204 1638 3251 te
1664 3207 1824 3259 werden

610 3289 712 3341 Aan
744 3284 1042 3333 gelijcken
1074 3288 1273 3338 hebben
1304 3295 1437 3344 oock
1469 3300 1602 3349 geen
1633 3305 1864 3354 Campher
1897 3307 2227 3353 aenbesteet
2260 3308 2391 3355 voor
2424 3310 2524 3357 het
2556 3313 2886 3361 aenstaende
2918 3311 3051 3362 jaer

912 3377 1039 3424 alsoo
1063 3378 1163 3424 veel
1187 3379 1338 3427 booven
1362 3383 1438 3430 den
1462 3386 1613 3434 eijsch
1636 3390 1713 3438 dit
1736 3394 1837 3441 jaer
1861 3397 2086 3445 ontfangen
2111 3400 2261 3447 hebben
2286 3402 2337 3448 en
2361 3404 2461 3450 noch
2485 3405 2562 3453 wel
2585 3409 2660 3454 200
2685 3409 2835 3455 picols
2859 3409 2985 3454 bijde

911 3453 1092 3505 luijden
1115 3461 1167 3507 in
1191 3463 1396 3512 voorraet
1421 3467 1626 3516 gelaten,
1651 3472 1755 3519 daer
1778 3475 1855 3521 van
1881 3476 1933 3522 de
1957 3478 2213 3528 meestepart
2238 3484 2315 3530 all
2340 3486 2392 3532 op
2416 3487 2493 3534 ons
2518 3489 2698 3537 eijlant
2722 3490 2927 3536 gebright
2953 3489 3057 3536 was,

904 3538 1099 3586 behalven
1122 3541 1172 3588 't
1194 3544 1293 3590 gene
1316 3547 1364 3593 op
1389 3548 1486 3596 alle
1510 3551 1704 3603 plaetsen
1727 3559 1923 3608 gemaeckt
1945 3564 1995 3610 en
2018 3565 2116 3612 noch
2139 3568 2237 3615 niet
2261 3570 2383 3618 aende
2406 3573 2553 3623 merckt
2576 3579 2770 3625 gebracht
2794 3581 2867 3626 is,
2891 3580 2940 3626 en
2963 3580 3040 3631 dat

902 3624 988 3670 den
1015 3626 1351 3677 burgemeester
1378 3633 1771 3688 racquemondonne
1798 3644 1911 3694 oock
1937 3650 2079 3702 garen
2105 3657 2191 3703 met
2217 3660 2275 3706 de
2301 3663 2469 3712 Comp:s
2496 3665 2582 3711 tot
2609 3666 2805 3713 leveren
2832 3667 2919 3714 van

905 3712 1094 3762 Campher
1121 3717 1256 3766 zoude
1282 3721 1444 3768 willen
1470 3723 1687 3773 handelen
1713 3728 1850 3779 beter
1874 3735 1983 3785 coop
2009 3740 2092 3789 als
2117 3746 2199 3794 hij
2224 3749 2308 3796 wel
2332 3753 2496 3804 meijnt
2521 3760 2603 3806 dat
2628 3762 2791 3810 ijmant
2817 3758 2980 3808 anders

902 3804 1024 3852 zoude
1047 3808 1218 3856 genegen
1240 3812 1338 3859 sijn
1362 3814 1410 3860 de
1435 3814 1556 3860 zelve
1580 3815 1628 3860 te
1652 3815 1848 3868 leveren,
1870 3824 1919 3869 na
1943 3825 2017 3874 dat
2039 3830 2113 3878 mij
2136 3834 2210 3880 den
2233 3836 2355 3886 Tolck
2378 3842 2524 3887 sjoske
2547 3841 2669 3889 heeft
2693 3844 2790 3890 in't
2814 3845 3033 3893 verborgen

901 3889 1168 3943 aengedient,
1190 3899 1289 3945 daer
1311 3901 1385 3947 hij
1408 3902 1530 3949 goede
1553 3904 1869 3957 gelegentheijt
1891 3913 2086 3966 toesoude
2108 3922 2279 3972 hebben,
2302 3928 2376 3974 bij
2398 3930 2495 3975 dese
2520 3930 2834 3979 gelegentheijt
2857 3934 2907 3981 nu
2930 3937 3027 3983 tall

888 3986 943 4032 de
970 3986 1106 4034 Comp.
1133 3989 1160 4034 e
1187 3988 1594 4043 cunnengeraecken
1621 3996 1702 4042 tot
1729 3997 1920 4045 beteren
1946 4000 2002 4046 en
2027 4003 2191 4052 /lager
2217 4008 2381 4056 incoop
2407 4011 2489 4056 des
2515 4011 2733 4059 Camphers
2760 4014 2842 4059 als
2868 4015 2897 4060 b
2922 4016 2977 4062 12
3003 4015 3058 4061 de

865 4077 1034 4125 picoll
1061 4075 1146 4121 dat
1173 4076 1256 4122 ons
1283 4076 1535 4128 voornemen
1562 4083 1646 4129 was
1674 4084 1759 4131 doe
1784 4086 1842 4132 de
1868 4088 2063 4137 luijden
2091 4092 2369 4143 aenmaenden
2397 4098 2453 4144 om
2480 4099 2564 4145 soo
2591 4099 2703 4145 veel
2730 4097 2926 4144 Campher
2953 4096 3011 4144 te

907 4152 1132 4202 maecken,
1159 4158 1217 4204 de
1243 4161 1412 4208 zaecke
1438 4164 1522 4212 dan
1550 4167 1634 4212 soo
1662 4167 1718 4212 nu
1746 4167 1915 4217 zijnde
1941 4173 2055 4221 sall
2081 4177 2138 4223 't
2165 4178 2417 4228 goetwesen
2444 4183 2584 4229 ordre
2611 4182 2668 4228 in
2696 4179 2836 4227 Japan
2863 4178 2981 4226 come

906 4236 989 4282 off
1014 4238 1123 4288 niet
1147 4245 1229 4292 wat
1255 4248 1363 4294 meer
1388 4250 1496 4296 dier
1522 4251 1683 4297 soorte
1710 4252 1873 4304 zullen
1897 4260 2031 4307 mogen
2058 4261 2247 4313 opoopen
2272 4270 2353 4317 tot
2379 4273 2727 4323 middelmatigen
2752 4272 2887 4319 prijs

2721 4395 3000 4444 anders

0 394 194 454 het

0 473 61 522 gew

22 549 63 594 off

98 548 197 594 die

127 785 227 834 hebben

166 956 213 1003 efde

12 1902 31 1948 va

132 3932 161 3978 s
