3423 4883
2369 1042 2568 1092 1057

1168 771 1532 821 Heeren

1325 1108 1805 1194 Extract

881 1320 1098 1377 Jan
1165 1327 1664 1391 Pieterz

831 1334 851 1380 ƒ

1670 1343 1988 1397 Coen
2061 1343 2621 1419 Gouver¬

774 1417 922 1471 neur
956 1416 1275 1473 generael,
1307 1427 1453 1486 over
1484 1445 1628 1498 alle
1661 1454 1910 1506 landen,
1944 1461 2300 1517 Eijlanden,
2332 1474 2581 1529 forten,

722 1535 996 1593 Steden,
1032 1528 1459 1582 Comptoiren,
1496 1539 1807 1595 Schepen,
1843 1553 2153 1607 Jachten,
2190 1565 2346 1616 ende
2382 1572 2500 1618 den

744 1630 1171 1679 universelen
1209 1634 1442 1685 handel
1479 1641 1600 1692 van
1634 1651 1908 1705 Indien;
1945 1662 2139 1713 wegen
2176 1668 2256 1714 de
2294 1669 2449 1715 Hoo:

686 1731 931 1792 moog=e
970 1731 1210 1786 Heeren
1249 1740 1490 1790 Staten
1529 1746 1850 1798 Generael
1889 1754 2089 1800 sijne
2127 1756 2610 1814 Princelijcke

689 1833 1157 1888 Excelentie,
1199 1835 1369 1883 ende
1409 1840 1495 1887 de

1546 1832 1627 1887 F

1561 1848 2235 1917 Bewinthebberen
2280 1849 2526 1898 vande

729 1945 1018 2005 generale
1053 1941 1377 1992 Oostind=e
1408 1948 1660 2005 Comp=e,
1696 1959 1803 2005 der
1839 1957 2234 2004 vereenichde
2268 1959 2590 2009 nederlan„

723 2058 893 2106 „den,
923 2051 1061 2100 alle
1094 2052 1197 2098 den
1228 2052 1401 2103 genen
1429 2057 1533 2106 die
1566 2058 1735 2103 desen
1769 2053 1972 2103 sullen
2004 2052 2140 2100 sien
2174 2050 2310 2097 ofte
2343 2051 2513 2097 horen

744 2162 936 2211 lesen
974 2161 1282 2208 saluijt;
1319 2159 1473 2208 doen
1511 2158 1589 2204 te
1621 2155 1857 2205 weten,
1895 2154 2010 2200 hoe
2048 2151 2164 2199 dat
2202 2147 2318 2195 wij
2354 2141 2472 2191 met

739 2271 951 2319 advijs
983 2266 1090 2315 van
1124 2259 1266 2310 onse
1298 2250 1512 2300 raade,
1544 2253 1931 2304 hoochnodich
1964 2249 2105 2299 ende
2139 2244 2280 2293 goet
2315 2243 2599 2295 gevonden

741 2375 1027 2428 hebben,
1066 2368 1230 2418 alle
1270 2365 1719 2415 inwoonderen
1758 2369 1921 2419 ende
1962 2365 2289 2414 Burgeren
2324 2360 2533 2413 deser

715 2480 916 2530 Stede
955 2470 1276 2525 Jaccatra
1314 2467 1476 2513 ende
1515 2468 1595 2515 de
1634 2470 2075 2521 Jurisdictie
2114 2469 2234 2518 der
2274 2461 2554 2515 selver,

738 2581 924 2635 onder
959 2579 1105 2627 onse
1139 2565 1685 2622 gehoorsaemheijt
1720 2569 2120 2618 sorterende,
2156 2572 2229 2617 't
2265 2572 2375 2618 sij
2410 2565 2592 2615 vrije

736 2693 1039 2743 luijden
1080 2685 1255 2736 offe
1297 2681 1384 2729 in
1425 2677 1685 2726 dienst
1720 2676 2030 2724 wesende
2069 2671 2419 2725 personen

735 2779 813 2829 te
850 2783 1313 2830 interdiceren
1351 2781 1505 2828 ende
1543 2779 1698 2826 mits
1736 2779 1930 2826 desen
1964 2779 2083 2827 wel
2121 2778 2583 2827 expresselijc

700 2886 776 2934 te
811 2884 1190 2934 verbieden;
1227 2881 1341 2928 hun
1376 2877 1492 2925 nae
1527 2871 1719 2921 desen
1755 2873 1907 2920 bij,
1944 2876 2095 2922 ofte
2132 2878 2284 2926 door
2321 2876 2548 2927 andere

713 2980 794 3027 te
832 2979 1035 3026 laten
1074 2975 1396 3027 trouwen,
1434 2969 1717 3020 doopen,
1757 2966 1879 3013 hun
1918 2967 2240 3014 Vrouwen,
2279 2966 2601 3013 kinderen

684 3080 943 3129 Slaven,
979 3081 1127 3128 ende
1162 3074 1495 3125 Slavinnen
1532 3074 1606 3119 te
1642 3072 1790 3120 doen
1826 3071 2048 3118 doopen
2084 3072 2306 3118 nochte
2342 3070 2602 3116 trouwen

697 3176 814 3224 dan
852 3174 970 3220 met
1006 3176 1277 3225 consent
1314 3177 1469 3222 ende
1507 3177 1739 3224 advijs
1774 3174 1893 3221 van
1930 3173 2085 3221 onse
2122 3167 2510 3218 respective

666 3274 1019 3332 Overheijt
1057 3273 1253 3320 deser
1292 3273 1605 3320 plaetse,
1642 3276 1799 3323 ende
1838 3276 1955 3322 dat
1993 3271 2112 3321 bij
2148 3270 2228 3317 de
2267 3270 2585 3319 dienaers

717 3380 847 3427 des
890 3374 1281 3427 Heijligen
1324 3368 1585 3417 woorts
1627 3364 1845 3415 Godes
1888 3363 2109 3413 bijde
2145 3364 2452 3420 Classis

753 3480 949 3528 vande
987 3474 1299 3526 Heijlige
1336 3469 1571 3518 kercke
1608 3466 1726 3513 der
1764 3465 2233 3517 vereenicthil

694 3576 1115 3635 Nederlanden
1152 3574 1305 3621 daer
1342 3573 1457 3619 toe
1495 3563 2066 3618 geauthoriseert,
2103 3562 2257 3610 ende
2292 3554 2408 3606 bij
2444 3549 2567 3599 ons

728 3660 1191 3712 geadmitteert
1229 3659 1307 3705 op
1345 3658 1423 3705 de
1460 3657 1808 3705 verbeurte
1846 3659 1962 3705 van
2000 3655 2310 3707 vijftich
2343 3648 2578 3703 Realen

735 3758 853 3804 van
892 3757 1167 3804 achter;
1206 3758 1364 3806 ende
1402 3761 1639 3807 daeren
1677 3762 1874 3808 boven
1910 3759 2267 3809 arbitrale
2304 3754 2581 3806 correc¬

723 3849 881 3895 „tie
921 3844 1475 3894 waerschouwende
1515 3843 1674 3889 ende
1713 3842 2307 3893 interdicerende,
2346 3845 2547 3894 allen

14 947 150 994 .4

2302 3983 2539 4041 verte
