3642 4828
1099 626 1429 683 Februarg
1470 623 1552 670 Ao
1585 613 1754 666 1646

1132 827 1243 875 Ag10
1266 822 1297 869 .
1321 818 1352 865 o
1377 810 1544 861 become
1571 808 1654 854 een
1681 807 1901 853 briefken
1928 803 2177 851 gedateert
2201 804 2258 851 10
2286 804 2534 852 februarij
2560 801 2726 850 Vanden
2753 800 3083 849 ondercoopman
3110 801 3193 847 s.r
3220 801 3303 849 Tol

1330 912 1431 960 uijt
1451 907 1505 955 S.
1528 905 1555 951 t
1578 900 1705 949 Thome
1728 899 1805 944 hoe
1830 899 1905 944 dat
1930 896 2080 943 aldaer
2105 895 2180 941 ter
2205 895 2331 941 rhede
2355 896 2430 941 met
2455 895 2506 941 d'
2530 892 2706 940 chaloup
2730 891 2856 938 Cleer
2881 893 3057 940 vixelij
3080 894 3132 940 op
3156 895 3207 941 7.
3230 895 3281 941 en
3305 893 3432 941 deser

1315 1012 1395 1064 wel
1418 1001 1730 1056 g'arriveert,
1754 1000 1858 1047 doch
1883 999 1960 1045 dat
1986 999 2114 1044 alles
2140 998 2217 1044 soo
2241 993 2449 1042 Veerdich
2474 992 2577 1038 niet
2603 991 2654 1037 en
2679 990 2758 1036 was
2782 990 2860 1036 als
2886 990 2963 1036 wel
2986 986 3169 1036 gemeene
3193 985 3245 1030 't
3271 982 3374 1030 ende

1292 1114 1353 1166 d'
1375 1101 1654 1156 portugesen
1681 1099 1819 1146 boven
1846 1097 1902 1143 d'
1928 1095 1984 1141 16
2011 1095 2039 1140 a
2065 1094 2122 1140 20
2148 1093 2314 1140 packen
2341 1092 2452 1139 niet
2479 1091 2534 1137 in
2561 1087 2811 1136 Voorraedt
2836 1088 3002 1135 hadden
3029 1086 3195 1133 daeghs
3221 1084 3332 1132 naer

1318 1213 1378 1258 't
1404 1205 1672 1256 aenlanden
1701 1202 1791 1249 van
1819 1200 1879 1246 S.
1908 1200 1938 1245 r
1967 1199 2056 1244 Tol
2084 1198 2174 1244 was
2203 1196 2293 1242 den
2321 1194 2617 1242 Engelschen
2641 1190 2941 1242 Presidendt
2970 1187 3237 1235 beneffens
3263 1180 3296 1229 —

1307 1309 1506 1362 sasadre
1533 1309 1591 1357 In
1619 1306 1930 1355 trivelecane
1958 1305 2071 1352 ende
2099 1304 2381 1350 omliggende
2409 1301 2635 1349 plaetsen
2662 1299 2889 1346 geweest,
2917 1295 3228 1344 visiterende
3256 1295 3341 1341 ene

1315 1411 1613 1462 Annoterende
1639 1410 1748 1456 alle
1774 1410 2259 1457 geschilderdeCleden
2286 1411 2609 1459 onderbelofte
2635 1409 2717 1456 die
2743 1407 2798 1453 te
2824 1402 2986 1451 sullen
3012 1397 3202 1446 Coopen,
3227 1384 3391 1441 doende

1305 1513 1569 1565 d'luijden
1598 1511 1773 1557 groote
1802 1510 2036 1557 beloften
2064 1511 2182 1557 ende
2210 1512 2560 1558 toesegginge,
2589 1513 2676 1559 als
2705 1513 2822 1559 oocq
2851 1507 3084 1558 afraeden
3112 1499 3318 1551 eenige.

1318 1616 1480 1667 Cleden
1506 1615 1641 1661 aende
1667 1613 1935 1661 hollanders
1961 1612 2015 1657 te
2040 1611 2311 1660 vercoopen,
2334 1614 2443 1661 doch
2470 1614 2550 1660 sal
2577 1615 2657 1660 dit
2684 1615 2819 1662 alles
2842 1612 3059 1663 Weyjnich
3085 1611 3139 1657 om
3166 1610 3220 1657 't
3246 1609 3382 1657 lijff

1303 1714 1516 1766 hebben,
1544 1716 1634 1762 ten
1664 1716 1873 1763 aensien
1903 1714 2112 1763 gemelte
2140 1713 2469 1761 engelschten
2499 1715 2589 1761 Van
2618 1713 2887 1760 Contanten
2916 1713 3096 1760 gansch
3123 1709 3425 1760 destituijt

1308 1812 1424 1865 ende
1451 1810 1536 1856 wij
1564 1810 1650 1856 met
1677 1810 1763 1857 die
1790 1813 1961 1860 specie
1983 1812 2216 1861 Veerdich
2241 1814 2386 1864 sijn,

1225 1978 1355 2039 Het
1394 1964 1844 2020 aengehaelde
1885 1960 2252 2009 scheepjen
2292 1954 2579 2004 daervan
2620 1952 2703 1999 d'
2742 1947 3150 1999 Oortugesen
3190 1939 3356 1992 het—

1301 2078 1411 2126 hoer
1438 2075 1521 2122 aen
1548 2071 1686 2119 landt
1713 2070 1934 2116 gehaeldt
1960 2069 2016 2115 en
2043 2068 2099 2113 't
2126 2066 2264 2113 volcq
2291 2066 2511 2111 gevangen
2538 2062 2704 2110 geseth
2731 2061 2924 2108 hebben,
2951 2061 3006 2106 Is
3034 2060 3089 2106 In
3116 2055 3420 2105 bibliputam-

1304 2177 1502 2234 gecocht
1528 2173 1642 2222 ende
1669 2168 2114 2218 dweerscheluijden
2142 2167 2365 2214 goederen
2392 2169 2560 2216 daerin
2586 2169 2810 2215 geladen,
2838 2169 2950 2215 haer
2976 2170 3032 2216 Is
3059 2164 3367 2215 aengebraght

1309 2286 1368 2335 't
1394 2278 1536 2329 selve
1563 2275 1648 2322 als
1675 2274 1732 2320 d'
1759 2272 1927 2318 meeste
1954 2269 2179 2317 goederen
2206 2268 2459 2314 Maleijers
2487 2269 2571 2314 Van
2599 2270 2711 2316 soor
2738 2270 2963 2317 (daervan
2989 2266 3214 2314 daeroocq
3242 2260 3410 2310 eenige

1313 2392 1399 2443 aen
1424 2384 1592 2435 boordt
1619 2380 1757 2428 sijn)
1783 2376 2032 2425 toekompt,
2058 2377 2115 2423 d'
2141 2373 2390 2421 portugeen
2417 2371 2584 2418 hebben
2610 2372 2693 2417 een
2721 2372 2831 2418 deel
2859 2372 3052 2419 gemandt
3078 2364 3356 2417 vaertuijgh

1315 2502 1373 2550 op
1395 2492 1455 2542 d'
1482 2487 1620 2535 Iacht
1647 2483 1841 2531 gehadt,
1867 2481 1978 2527 ende
2005 2478 2144 2525 alsoo
2170 2475 2227 2522 't
2254 2475 2585 2523 voorschreven
2612 2476 2861 2522 scheepjen
2888 2475 3109 2521 genomen,
3136 2473 3220 2520 soo
3247 2472 3332 2518 was
3357 2474 3389 2522 —

1308 2601 1434 2650 oocq
1462 2590 1559 2644 tot
1588 2587 1652 2634 de
1682 2583 1870 2631 decsie
1900 2578 2275 2627 deserquestie
2306 2576 2400 2623 een
2430 2575 2712 2622 pattamner
2742 2574 2961 2621 Boergoa
2992 2573 3211 2621 gereyst

1129 2745 1190 2794 Af
1215 2740 1248 2787 U
1273 2736 1306 2782 d
1333 2733 1363 2779 o
1391 2726 1625 2777 verstaen
1651 2722 1770 2771 voor
1797 2719 1857 2767 d'
1885 2712 2119 2764 Waerheyt
2148 2710 2235 2756 den
2264 2709 2469 2757 Coninck
2496 2711 2584 2757 Van
2613 2711 2875 2758 Cagnatica
2904 2712 2962 2757 de
2990 2705 3254 2757 vermaerde

1315 2822 1554 2879 sterckte
1583 2818 1851 2867 oudegiere
1879 2816 1969 2863 aen
1998 2810 2206 2860 Chinamm
2235 2809 2710 2857 getransporteert,
2739 2811 2858 2856 ende
2888 2808 3125 2857 desselfs
3155 2807 3186 2854 —

1306 2923 1716 2984 gouvernemendt
1747 2917 2093 2967 opgedraegen
2123 2915 2312 2963 heeft,
2343 2914 2500 2960 nists
2531 2913 2627 2959 dat
2657 2912 2908 2959 gemelten
2938 2908 3191 2957 Chinaina
3221 2905 3316 2951 sal

1294 3030 1541 3088 gehouden
1571 3026 1663 3075 syn
1692 3025 1754 3070 't
1783 3021 1936 3069 selve
1964 3018 2057 3066 van
2086 3013 2361 3061 maintemen
2391 3013 2482 3060 toe
2512 3013 2785 3060 Ammonitie
2815 3012 2907 3058 van
2936 3010 3150 3056 oorloge
3179 3006 3271 3054 als

1311 3124 1484 3176 andere
1513 3116 1947 3169 noodwendicheden
1976 3115 2208 3161 (daervan
2235 3114 2294 3160 't
2323 3114 2497 3160 gansch
2526 3110 2786 3159 ontbloodt
2815 3108 2931 3155 was)
2960 3108 3018 3153 te
3045 3103 3336 3152 provideren
3365 3102 3394 3147 —

1316 3223 1427 3274 ende
1451 3218 1533 3266 met
1558 3212 1774 3262 eijgener
1801 3211 1935 3257 macht
1961 3210 2016 3256 en
2040 3210 2256 3256 middelen
2282 3207 2631 3253 t'onderhouden
2657 3206 2738 3252 als
2764 3205 2872 3252 oocq
2898 3205 2979 3251 bij
3004 3198 3302 3249 belegeringh

1330 3317 1505 3365 vanden
1533 3309 1854 3361 Golcondader
1882 3305 2058 3353 sonder
2086 3305 2261 3352 eenige
2290 3303 2523 3350 oncosten
2552 3302 2669 3348 ofte
2697 3300 3018 3347 adsistentie
3042 3291 3222 3345 vanden

1345 3407 1571 3464 Conincq
1601 3403 1666 3451 te
1696 3395 2017 3447 resisteren

1396 3573 1517 3629 d=o
1551 3563 1706 3613 wert
1744 3560 1859 3607 ons
1897 3558 2050 3605 door
2086 3558 2240 3604 twee
2275 3555 2775 3605 masulipatamse
2812 3550 3195 3603 pattamaers

1269 3661 1671 3722 gerapporteert
1701 3674 1887 3721 hoedat
1917 3673 2072 3720 vande
2102 3673 2288 3719 noordt
2317 3672 2627 3718 herwaerdts
2657 3670 2873 3716 Comende
2904 3670 3089 3716 voors'
3119 3657 3367 3714 Waerheyt

1283 3788 1521 3845 verstaen
1549 3782 1699 3831 hadde
1729 3781 1967 3828 Chinanna
1995 3783 2115 3830 voor
2144 3784 2204 3829 en
2233 3782 2411 3829 alleen
2441 3784 2530 3829 met
2558 3781 2679 3829 sijn
2708 3780 2857 3826 macht
2885 3778 3005 3825 inde
3035 3772 3272 3823 sterckte

1309 3892 1565 3945 oudegiere
1592 3890 1734 3936 konde
1762 3887 2016 3934 geraecken
2043 3886 2158 3933 door
2182 3886 2241 3934 't
2269 3885 2636 3931 moorscheleper
2664 3885 3087 3933 gerencontreert,
3114 3878 3397 3932 overvallen

1312 3999 1429 4047 ende
1457 3996 1808 4043 dienvolgende
1835 3996 1924 4042 100
1953 3996 2041 4042 Van
2070 3997 2157 4042 sin
2186 3996 2362 4043 ragies
2389 3999 2565 4046 nevens
2594 4001 2624 4046 3
2652 3998 2740 4045 Van
2769 3997 2886 4043 sijn
2915 3988 3237 4041 principaele

1279 4103 1492 4160 hoofden
1521 4098 1613 4146 ter
1642 4096 2004 4143 nedergeveldt
2033 4098 2154 4144 ende
2184 4100 2575 4147 gemnssacreert
2604 4101 2846 4149 geworden
2875 4097 3026 4148 sijn,
3054 4087 3238 4141 sijnde

2860 4186 3206 4249 Chinanna
