3560 4958
1357 796 1537 849 Dagh
1579 796 1928 846 Register
1972 796 2234 848 wegens
2277 804 2367 851 't
2407 807 2888 855 gepasseerde

1529 1099 1616 1149 der
1644 1100 1761 1148 stad
1789 1099 1991 1145 buijten
2020 1100 2136 1145 last
2164 1100 2309 1147 vand'
2337 1102 2366 1147 E
2395 1101 2568 1147 Comp:e
2597 1100 2713 1147 (soo
2741 1100 2857 1146 veel
2885 1101 3175 1154 doenlijck)
3203 1110 3377 1157 sullen

1536 1197 1804 1244 trachten
1837 1195 1905 1241 te
1938 1196 2273 1241 voirderen,
2307 1196 2408 1241 god
2441 1197 2576 1244 geve
2607 1196 2844 1244 eenmael
2875 1194 2944 1239 de
2977 1193 3179 1241 landen
3211 1195 3347 1243 ende

1531 1291 1732 1338 handel
1765 1290 1832 1336 In
1864 1289 2098 1335 vorigen
2131 1290 2331 1338 goeden
2364 1290 2531 1337 stant
2564 1286 2831 1335 herstelt
2864 1285 3031 1331 mogen
3063 1285 3297 1334 werden;
3329 1288 3367 1337 —

1434 1494 1537 1544 Den
1568 1488 1840 1537 Engelsen
1873 1487 2178 1533 president
2211 1486 2346 1533 Aron
2380 1483 2583 1531 Backer
2616 1482 2684 1528 is
2718 1483 2988 1529 weijnich
3022 1483 3190 1529 dagen
3224 1483 3365 1532 voor

1538 1587 1714 1634 leden
1749 1586 1855 1632 van
1890 1582 2278 1631 madrespatam
2312 1581 2419 1627 met
2454 1581 2524 1626 de
2558 1579 2772 1626 fluijt
2806 1579 2877 1625 de
2912 1578 3088 1624 hinde
3121 1574 3265 1623 naer

1530 1678 1731 1729 Hantum
1764 1676 2232 1723 geretourneert,
2266 1676 2467 1722 sijnde
2500 1674 2835 1721 daernevens
2867 1672 3002 1718 oock
3035 1669 3370 1717 vertrocken

1515 1782 1622 1836 M:r
1653 1770 1932 1824 grimnil,
1967 1770 2105 1815 omme
2140 1770 2244 1816 als
2278 1771 2451 1816 twede
2486 1768 2728 1816 persoon
2762 1765 3075 1812 derwaerts
3109 1766 3178 1811 te
3213 1766 3351 1812 ver„

1522 1869 1808 1915 „blijven,
1838 1870 1965 1916 ende
1996 1870 2060 1916 m.
2092 1871 2124 1916 r
2154 1869 2441 1915 peniston,
2471 1870 2535 1916 om
2566 1868 2662 1914 als
2692 1865 2852 1913 agent
2882 1863 3041 1910 weder
3073 1863 3137 1909 te
3167 1863 3358 1909 keren,

1541 1964 1658 2012 ende
1687 1964 1774 2010 tot
1803 1965 1918 2010 dien
1946 1963 2121 2009 eijnde
2148 1964 2207 2011 m.
2235 1967 2265 2013 r
2292 1968 2466 2014 Eijvij
2494 1966 2552 2012 te
2581 1962 2870 2011 vervangen,
2898 1959 3130 2007 geseijde
3158 1957 3362 2004 fluijts

1526 2063 1747 2115 ladinge
1777 2062 1997 2108 bestaet
2027 2063 2122 2110 ten
2151 2065 2495 2112 principalen
2525 2065 2588 2111 in
2619 2063 2838 2110 guinees
2868 2061 3118 2107 lijwaet,
3147 2054 3369 2106 partije

1531 2160 1892 2213 geschilderde
1922 2160 2163 2206 doecken,
2192 2160 2314 2207 ende
2343 2162 2644 2209 boscruijt,
2673 2161 2854 2208 sonder
2883 2159 2944 2205 de
2974 2156 3338 2204 quantiteijt,

1530 2268 1598 2314 te
1632 2263 1836 2312 cunnen
1869 2260 2175 2307 vernemen,
2208 2260 2311 2307 hun
2345 2262 2549 2309 fluijt
2582 2262 2651 2308 de
2684 2259 2922 2308 Zeeblom
2955 2258 3024 2303 in
3054 2250 3365 2303 narsapour

1523 2357 1842 2408 vertimmert
1873 2356 2096 2402 sijnde,
2128 2356 2351 2402 blijven
2382 2355 2700 2402 voornemens
2732 2355 2859 2402 (soo
2891 2355 3209 2403 uijtgeven)
3239 2350 3368 2400 naer

1520 2458 1615 2505 goa
1646 2457 1709 2503 te
1740 2455 2085 2502 demitteren,
2116 2454 2242 2500 ende
2273 2452 2430 2499 staet
2461 2452 2556 2498 hun
2585 2452 2743 2498 Jacht
2774 2452 2838 2498 de
2869 2454 3026 2500 valck
3057 2455 3151 2501 den
3182 2453 3313 2504 18=e

1512 2560 1746 2607 passato
1780 2560 1881 2606 met
1913 2559 2081 2607 10000
2113 2560 2180 2606 p.
2213 2560 2247 2606 a
2280 2560 2380 2605 aen
2413 2557 2614 2604 silver
2646 2554 2747 2601 van
2780 2547 3214 2597 madrespatamn,
3247 2546 3347 2593 ter

1511 2665 1655 2714 rede
1691 2664 1833 2710 voor
1868 2660 2259 2710 masulipatam
2293 2653 2792 2705 geparresseert,
2827 2646 3147 2698 dagelijcx
3181 2642 3290 2691 met

1526 2769 1814 2818 weijnich
1849 2770 2064 2816 cleden
2100 2771 2244 2817 ende
2279 2761 2709 2815 maintimentos
2744 2758 2853 2806 van
2889 2755 3032 2803 daer
3067 2751 3249 2799 weder

1499 2866 1836 2920 herwaerts
1872 2874 1948 2920 te
1983 2869 2211 2919 keren.

1320 3026 1428 3075 Met
1460 3017 1607 3068 dees
1642 3015 1894 3062 Occasie
1929 3014 2109 3060 hebbe
2144 3015 2252 3061 ter
2287 3014 2611 3062 instantie
2646 3015 2754 3062 van
2790 3017 3005 3063 pieter
3041 3016 3364 3063 huijberts

1521 3115 1752 3163 eersten
1785 3115 2116 3162 luijtenant
2148 3115 2215 3160 in
2248 3114 2414 3160 desen
2446 3116 2809 3163 guarnisoene
2841 3115 2975 3161 niet
3007 3113 3206 3159 cunnen
3239 3114 3372 3160 naer

1519 3214 1704 3260 latten
1734 3215 1918 3261 sekere
1949 3216 2102 3261 sijne
2133 3216 2379 3262 requeste
2409 3216 2501 3262 aen
2532 3217 2655 3263 uEd:
2686 3216 3055 3263 gededuceert,
3084 3216 3177 3262 bij
3207 3213 3361 3260 desen

1514 3310 1583 3357 te
1617 3311 1861 3360 voegen,
1893 3315 2033 3361 mett
2067 3316 2207 3363 hope
2240 3319 2345 3366 een
2379 3321 2726 3368 favorabile
2759 3322 3071 3369 apostille
3106 3322 3349 3368 volgens

1524 3414 1660 3463 uEd:
1692 3416 1892 3467 gewone
1924 3423 2255 3473 discretie;
2288 3428 2421 3474 ende
2454 3427 3018 3474 goedertierenheijt
3049 3429 3117 3475 te
3149 3430 3351 3477 sullen

1521 3519 1955 3573 erlangen.

1508 3637 1648 3688 Ende
1681 3636 1854 3684 alsoo
1887 3639 1991 3686 mij
2024 3641 2263 3689 tzedert
2298 3644 2776 3695 vooraengetogen
2810 3650 3015 3698 mijnen
3049 3651 3357 3701 Jonghsten

1512 3744 1606 3790 aen
1637 3745 1794 3790 uE:d:
1825 3745 1982 3793 niets
2013 3748 2107 3793 van
2139 3748 2359 3796 Emporto
2389 3752 2546 3800 meer,
2577 3755 2797 3802 buijten
2828 3756 2892 3802 't
2922 3756 3048 3802 voor
3079 3755 3361 3802 verhaelde

1519 3845 1587 3890 is
1620 3845 2059 3894 geoccurreert,
2093 3849 2228 3896 ende
2261 3851 2363 3899 wel
2396 3855 2499 3902 tot
2531 3858 2970 3907 verwonderinge
3004 3860 3139 3907 geen
3172 3855 3342 3905 baer„

1491 3945 1765 3993 „tuijgh,
1798 3947 1934 3993 noch
1968 3948 2139 3997 nader
2170 3952 2410 4002 advisen
2443 3958 2546 4006 van
2579 3962 2716 4009 gale
2749 3965 2783 4010 a
2817 3965 2954 4011 dato
2986 3968 3191 4015 hebben
3223 3963 3327 4012 ver

1506 4042 1732 4092 nomen,
1766 4050 1878 4097 sal
1914 4053 2247 4100 Eijndigen
2284 4055 2435 4103 ende

2708 4119 3173 4173 Hiermede

1392 4244 1508 4294 Ed:
1544 4246 1890 4294 Erntfeste
1928 4247 2272 4294 manhafte,
2310 4248 2426 4295 wel
2463 4250 2654 4297 wijse
2692 4244 3151 4297 voorsienige,
3189 4238 3343 4288 ende

1504 4354 1640 4400 seer
1673 4351 1947 4399 discrete
1981 4351 2151 4397 Heren
2183 4351 2321 4397 uEd:
2355 4351 2491 4398 naer
2525 4351 2696 4399 mijne
2729 4348 3036 4396 schuldige
3070 4339 3343 4393 eerbiede

1518 4452 1654 4499 ende
1687 4451 2228 4500 Hertgrondelijcke
2261 4449 2634 4498 groetenisse
2668 4452 2803 4498 Inde
2837 4445 3141 4497 protentie
3175 4444 3288 4491 des

2860 4575 3321 4626 alderhooghsten

652 276 842 338 Julio
879 273 917 318 a
954 272 1030 318 o.
1067 270 1225 320 1646

1941 577 2172 628 pie

1909 448 2358 505 Jonckem

2898 459 3183 505 1646
