3505 4869
2760 547 2966 604 1035

648 672 1272 735 Bijdingeslooten
1314 681 1522 731 Notie
1562 679 1854 727 (welcke
1896 675 2145 724 vandes
2186 670 2603 719 alfandiges
2644 661 3060 715 schrijvers

813 815 967 865 niet
1003 812 1233 858 eerder
1270 808 1461 856 hebbe
1498 801 1727 852 coonen
1764 798 2069 846 becomen,
2107 798 2221 846 zal
2258 794 2487 842 uEd=ts
2521 780 2829 836 gelieven
2865 777 2943 826 te
2979 775 3021 824 —

817 935 981 992 zien
1020 929 1142 978 wat
1179 912 1784 973 coopmanschappen
1823 908 1944 955 met
1984 905 2065 952 de
2104 903 2306 949 moors
2345 899 2667 950 scheepen
2707 898 2787 944 d'
2827 892 3069 942 Ilheij

809 1051 971 1106 ende
1008 1041 1289 1093 masseij
1329 1038 1528 1086 (daer
1566 1035 1687 1082 van
1726 1033 1806 1079 in
1842 1030 2046 1078 mijne
2083 1026 2363 1076 Jongste
2403 1019 2881 1071 aengeroert,)
2919 1014 3041 1063 van

811 1166 1117 1223 atchijn
1159 1153 1684 1210 aengebracht,
1727 1147 1902 1195 ende
1945 1144 2078 1191 met
2120 1141 2601 1191 d'Oudrissij
2644 1133 2819 1183 ende
2862 1132 3084 1181 voors

817 1299 1085 1350 tokelij
1121 1292 1238 1342 van
1275 1286 1429 1336 hier
1466 1274 1812 1329 derwaerts
1849 1268 2118 1319 gevoert
2156 1266 2310 1314 zijn
2347 1258 2730 1311 mitsgaders
2768 1256 2845 1302 't
2882 1255 3088 1302 corgo

822 1423 931 1470 van
965 1407 1362 1466 verscheijde
1396 1398 1577 1450 andre
1612 1383 1972 1442 scheepiens
2006 1382 2151 1428 uijt
2186 1377 2438 1427 persia,
2472 1374 2546 1421 de
2581 1367 2869 1418 maldivis
2904 1367 3085 1415 congo

820 1548 946 1599 en:
986 1535 1233 1590 cheijr
1272 1528 1397 1578 aen
1437 1517 1765 1570 gelandt,

827 1707 1035 1756 Geene
1076 1701 1533 1752 sonderlinge
1574 1696 1865 1746 materie
1906 1693 2156 1740 anders
2196 1689 2488 1739 tsedert
2529 1687 2737 1734 mijne
2778 1688 3031 1740 laeste

817 1834 1263 1892 voorgevallen
1299 1833 1558 1882 zijnde,
1593 1830 1669 1878 Is
1704 1826 1853 1874 niet
1890 1823 2148 1870 overich
2185 1823 2259 1868 om
2294 1822 2481 1868 desen
2517 1819 2591 1866 't
2628 1818 3036 1866 ampliceeren

821 1965 941 2014 als
978 1958 1097 2008 dat
1135 1952 1369 2001 uEd=ts
1406 1951 1563 2000 naer
1602 1946 2030 1997 Jaerlijckse
2069 1942 2381 1991 gewoonte
2420 1941 2498 1987 't
2536 1936 2731 1985 slodt
2770 1936 2965 1982 deses
3003 1937 3050 1986 —

824 2070 1178 2126 Comptoirs
1218 2066 1805 2115 negotieboecken,
1843 2063 2001 2112 daer
2039 2060 2158 2108 bij
2195 2054 2629 2105 toesendende
2667 2055 2785 2101 ben
2824 2054 3060 2102 'twel„

2941 2135 3031 2192 k

823 2192 908 2240 ke
948 2190 1076 2238 wel
1117 2184 1622 2234 sommierlijck
1664 2181 1833 2229 uijt
1874 2179 2001 2225 het
2042 2178 2337 2225 Extract
2377 2173 2505 2221 van
2547 2172 2631 2218 't
2673 2172 3010 2222 grootb=k

815 2307 1056 2358 wegen
1104 2306 1200 2352 de
1248 2306 1775 2353 reeckeninch
1822 2304 1967 2350 van
2000 2300 2111 2348 't
2157 2295 2542 2343 Comptoir
2588 2295 2973 2345 Generael

823 2433 974 2483 (die
1009 2431 1122 2477 met
1157 2430 1235 2476 de
1272 2431 1496 2477 posten
1533 2429 1646 2475 van
1682 2430 1832 2475 tijt
1869 2429 1981 2475 tot
2018 2424 2168 2474 tijt
2205 2423 2280 2468 in
2316 2419 2503 2467 mijne
2540 2418 2841 2464 missiven
2876 2420 3064 2468 gein„

820 2549 1142 2597 sereert,
1181 2549 1302 2597 zal
1340 2546 1662 2594 bevonden
1701 2546 1942 2597 werden
1982 2552 2063 2598 't
2102 2552 2585 2600 accordeeren,
2623 2554 2784 2600 uijt
2823 2554 3066 2604 geson„

807 2683 973 2729 dert
1015 2680 1222 2728 Inden
1263 2676 1514 2725 Credit
1553 2673 1596 2719 ƒ
1637 2666 1928 2719 143:-:-
1970 2666 2053 2712 't
2092 2666 2468 2714 voorleden
2510 2669 2678 2716 Jaer
2717 2672 2801 2718 in
2841 2673 3051 2722 argra

815 2800 944 2850 van
985 2799 1407 2847 desperatie
1447 2793 1913 2845 uijtstaende
1954 2791 2292 2839 schulden
2333 2793 2587 2841 geint,
2628 2795 2798 2843 waer
2839 2800 2966 2847 van
3002 2802 3052 2850 —

815 2910 974 2960 naer
1013 2910 1092 2956 't
1130 2912 1442 2959 vertrecq
1480 2912 1598 2959 der
1635 2910 1949 2959 scheepen
1987 2909 2144 2955 uijt
2183 2908 2456 2954 d'agras
2495 2909 2768 2955 negotie
2807 2909 3091 2959 boeken-

816 3034 1048 3084 eerst
1093 3036 1463 3082 kennisse
1497 3036 1831 3084 becomen
1877 3038 2154 3084 hebbe,
2200 3036 2338 3083 soo
2384 3034 2477 3080 is
2522 3033 2708 3079 daer
2751 3034 2891 3081 bij
2937 3035 3083 3082 ge„

805 3168 1062 3222 voecht
1103 3165 1230 3212 een
1272 3162 1569 3210 Extract
1609 3158 1780 3207 uijt
1821 3155 1949 3202 het
1991 3154 2287 3200 Journ„e
2329 3155 2457 3203 van
2492 3156 2667 3204 alle
2709 3156 2794 3201 de
2836 3156 3092 3207 ded„te

810 3292 977 3343 ende
1018 3289 1266 3338 Credit
1308 3289 1556 3337 posten
1592 3285 1721 3335 van
1761 3281 2093 3329 geseijde
2134 3279 2465 3326 Comptoir
2506 3280 2630 3327 bij
2670 3280 2837 3326 dese
2878 3276 3044 3325 wert

807 3410 1297 3467 aengewesen,
1337 3405 1474 3456 wat
1517 3400 2049 3451 cargesoenen,
2093 3401 2536 3448 comptanten
2579 3403 2801 3451 Etca.
2843 3405 3028 3453 van—

807 3535 1251 3590 verscheijde
1291 3529 1693 3580 quartieren
1730 3525 1893 3572 hier
1933 3525 2414 3573 aengebracht,
2454 3527 2615 3573 ende
2654 3526 2775 3572 bij
2815 3527 3100 3577 d'andre

812 3669 908 3715 en
947 3661 1239 3714 contra
1283 3657 1428 3705 wat
1475 3650 2186 3702 Coopmanschappen
2233 3648 2423 3695 naer
2470 3645 2755 3692 divers
2796 3646 3092 3699 plaets

816 3787 936 3835 van
975 3781 1135 3831 hier
1175 3777 1494 3826 gesonden
1533 3777 1732 3824 zijn,
1771 3774 1931 3822 Item
1970 3773 2090 3819 hoe
2129 3773 2289 3819 veel
2328 3773 2448 3820 tot
2486 3772 2647 3819 alle
2686 3772 3088 3821 jaerlijcxe

813 3911 1133 3961 ongelden
1171 3902 1571 3955 monteeren,
1610 3903 1769 3950 ende
1809 3898 2248 3948 eijntelijck
2287 3900 2447 3949 waer
2484 3902 2565 3949 in
2605 3902 2685 3947 de
2725 3902 3083 3947 restanten

815 4026 893 4071 in
932 4024 1088 4071 dese
1126 4020 1476 4068 gewensten
1515 4018 1710 4065 onder
1748 4017 1943 4064 mijne
1982 4016 2293 4063 directie
2332 4016 2644 4064 bestaen,
2682 4019 2838 4065 daer
2877 4018 3042 4068 uijt

814 4129 1315 4183 gecalculeert
1357 4127 1483 4174 can
1524 4124 1817 4171 werden,
1858 4126 1984 4171 hoe
2026 4125 2151 4170 dat
2193 4124 2319 4170 tot
2360 4126 2444 4171 de
2485 4126 2778 4173 procure
2819 4127 3038 4178 voort

814 4271 1248 4329 aenstaende
1290 4267 1464 4316 Jaer
1506 4259 1810 4312 texcept
1851 4257 1939 4303 't
1981 4253 2155 4301 gene
2196 4252 2458 4301 voorde
2500 4255 2674 4302 200:
2716 4256 2979 4303 packen

2620 4363 2951 4413 Indigo

191 660 286 715 schi

0 958 278 1016 it

7 1091 277 1142 bende

191 1217 269 1263 de

186 1328 227 1374 t

142 1463 270 1510 daer

0 1577 280 1633 leenen

0 1692 71 1738 te
105 1692 283 1742 dien—

0 1975 290 2031 hier

0 2102 270 2155 den

162 2351 290 2399 nck„

130 2590 266 2646 emen

142 2736 261 2784 ge¬

102 2846 240 2893 van

9 2837 67 2890 van

0 3138 196 3189 mijne
231 3144 278 3193 —

0 3255 233 3307 cken

0 3378 41 3425 e

168 3379 256 3425 de

132 3806 254 3853 asseij

0 4393 210 4443 looten
