3567 4801
2765 543 2924 595 87:1

893 688 1299 736 ondiendt
1349 691 1451 738 Te
1502 693 2213 742 retourneeren,j
2263 698 2773 757 tenooftmen

891 819 1162 879 tschip
1204 811 1562 863 Lihiedam
1607 811 2187 861 middelerwijle
2226 815 2410 862 naer
2454 816 2589 864 nar
2632 820 2906 867 sapour

803 944 997 995 omme
1043 940 1282 990 goede
1329 930 1852 982 quantiteijt
1898 933 2184 980 nullij
2230 934 2421 983 (die
2468 939 2611 986 met
2658 941 2944 989 cleene

863 1072 1364 1123 partijtgens
1406 1064 1591 1114 ende
1632 1053 1910 1108 groote
1955 1052 2274 1098 moeijte
2318 1049 2501 1097 uijt
2546 1049 3005 1100 diverschen

854 1216 1052 1270 haer
1100 1202 1393 1260 handen
1441 1200 1637 1247 niet
1684 1188 2272 1245 jegenstaende
2320 1194 2468 1242 tot
2515 1185 3004 1244 excessiven

889 1341 1146 1399 prijse
1184 1331 1357 1381 doch
1398 1327 1526 1375 tot
1566 1321 1822 1371 verder
1865 1321 2246 1368 ondtsedt,
2288 1322 2458 1369 ende
2500 1309 2967 1366 soulagement

885 1479 1117 1535 vande
1163 1473 1393 1522 stadt
1438 1468 1943 1519 palleacatta
1988 1463 2263 1514 hebben
2308 1456 2584 1506 moeten
2629 1450 3042 1501 breecken)

891 1606 1555 1661 tjnbarcqueren,
1601 1601 1792 1651 niet
1839 1600 1934 1646 en
1978 1595 2361 1646 behooren
2408 1593 2504 1640 te
2550 1582 2981 1639 versenden

865 1752 909 1799 t
951 1743 1470 1798 voorschreven
1510 1736 1642 1785 van
1679 1727 1856 1781 zijn
1899 1725 1986 1773 E:
2029 1723 2201 1769 medt
2243 1721 2460 1769 goede
2502 1715 2891 1768 voordacht
2934 1714 2977 1759 —

887 1883 1278 1939 overleijt,
1316 1879 1473 1927 ende
1510 1865 2017 1922 jnsonderheijt
2055 1863 2133 1910 op
2172 1862 2250 1908 d'
2288 1856 2523 1906 groote
2561 1854 3028 1901 necessiteijt

889 2015 1029 2066 van
1075 2014 1215 2062 dat
1260 2014 1495 2062 graen
1540 2014 1633 2060 jn
1676 2008 1866 2059 ende
1912 2000 2284 2051 ontrendt
2327 1992 2841 2044 palliacatta

877 2138 1098 2192 (waer
1140 2134 1274 2181 van
1315 2135 1450 2181 tot
1493 2135 1670 2182 noch
1713 2135 1890 2182 seer
1933 2133 2197 2181 sobere
2240 2115 2813 2177 veranderinghe
2851 2109 2991 2161 ten

915 2268 1181 2328 Goeden
1223 2264 1702 2312 verthoonen)
1743 2254 2397 2310 geconsidireerdt
2440 2250 2744 2300 sijnde,
2787 2256 3005 2305 werdt

875 2402 1015 2455 een
1059 2395 1424 2446 stemmich
1464 2387 1697 2439 goedt
1741 2382 2106 2433 gevonden
2149 2380 2333 2427 ende
2378 2371 2925 2425 g'arresteert

873 2538 990 2589 dat
1027 2537 1144 2584 soo
1180 2534 1259 2582 't
1297 2529 1413 2577 een
1451 2527 1567 2573 als
1606 2527 1683 2572 't
1720 2526 1914 2572 ander
1952 2523 2222 2570 conform
2260 2524 2338 2571 't
2376 2516 2996 2572 voorgeproponeerd

873 2668 1138 2720 effect
1181 2661 1533 2712 sorteren
1576 2656 1753 2706 ende
1795 2652 2060 2701 tschip
2103 2647 2455 2696 schiedam
2495 2641 2763 2693 jegens
2805 2641 2997 2689 22e„

882 2792 1054 2846 naer
1096 2786 1477 2836 narsapour
1518 2782 1984 2831 vertrecken,
2025 2782 2111 2828 en
2152 2781 2238 2827 d'
2278 2775 2365 2824 E.
2400 2764 2533 2818 h„r
2573 2758 2997 2809 gouverneur

882 2924 1036 2972 met
1086 2918 1241 2968 den
1292 2900 1805 2959 salamander
1855 2895 2010 2944 den
2060 2892 2164 2938 27
2209 2889 2317 2939 do
2368 2879 2983 2932 Suijterlijck

888 3053 1071 3100 naer
1115 3035 1618 3097 palliacatta
1662 3027 2164 3081 retourneren
2207 3021 2392 3072 sall
2436 3017 2985 3066 ordonnerende

869 3191 966 3237 d'
1011 3169 1643 3236 opperhooffden
1689 3160 1837 3212 van
1885 3156 2079 3203 meer
2126 3144 2466 3199 gemelte
2506 3134 2903 3188 schiedam

856 3322 995 3374 int
1040 3302 1492 3365 Barcqueren
1536 3295 1763 3346 vande
1806 3281 2079 3337 nillij
2124 3280 2261 3326 soo
2305 3275 2486 3326 drae
2530 3268 2942 3318 mogelijck

863 3453 956 3499 te
993 3432 1460 3498 spoedigen,
1501 3424 1690 3476 ende
1734 3418 2011 3467 jegens
2051 3414 2195 3462 12'
2240 3408 2378 3457 der
2421 3395 2886 3452 aenstaende

874 3582 1135 3635 maent
1184 3570 1445 3625 weder
1495 3552 1961 3613 herwaerts
2010 3548 2115 3596 te
2166 3536 2528 3592 keeren,
2578 3527 2786 3579 omme
2836 3521 2996 3568 van

850 3717 1041 3766 hier
1088 3705 1376 3761 verder
1422 3698 1615 3748 naer
1662 3682 2188 3742 palliacatta
2235 3666 2907 3726 gedespecheerdt

869 3844 1041 3892 te
1124 3833 1643 3889 werden

971 4112 1270 4165 Paulus
1315 4111 1667 4160 Janssen
1717 4110 1866 4156 van
1903 4101 2165 4154 delst
2214 4097 2314 4145 jn
2350 4089 2612 4140 jndia
2660 4085 3010 4135 gecomen

873 4222 1074 4275 medt
1124 4226 1425 4275 tschip
1474 4225 1725 4273 thoff
1773 4221 1925 4271 van
1974 4218 2377 4268 hollandt
2423 4216 2525 4271 Ao
2573 4206 2776 4259 1635
2824 4207 2975 4254 den

858 4373 1057 4434 15e'
1104 4357 1496 4417 augustij
1539 4344 1838 4400 sijnen
1886 4333 2278 4387 jongsten
2326 4321 2864 4376 verplichten

2605 4503 2846 4553 tijt

102 4502 180 4548 t
