3642 4828
1156 569 1316 626 mey
1364 556 1579 608 1646

1394 702 1563 748 comste
1591 702 1676 747 van
1704 702 1789 747 uwe
1816 701 2071 747 capiteijn
2098 698 2212 745 uijt
2240 693 2494 743 pipelijin
2522 688 2804 737 rasiemahoe
2833 687 2917 733 ter
2945 687 3088 735 ooren
3114 690 3318 740 gecomen

1383 798 1486 844 ende
1510 792 1847 842 voorgedraegen
1873 792 1950 837 ss,
1975 790 2054 836 d.'
2078 787 2362 836 veelvoudige
2387 784 2594 832 Dexatien
2619 782 2723 828 ende
2748 781 2981 827 travalien
3005 780 3135 826 welcq
3160 779 3238 826 uE.

1385 891 1511 941 natie
1536 890 1586 936 in
1609 888 1684 935 ons
1709 885 1833 933 rijck
1857 881 2080 930 resideren
2103 877 2203 924 door
2227 875 2326 921 onse
2351 874 2598 921 onderdanen
2623 872 2697 919 soo
2720 869 2771 916 Ii
2794 865 2919 914 stuck
2943 864 3018 910 van
3043 863 3256 910 Nlegotie

1383 987 1471 1039 als
1497 982 1665 1031 anders
1692 977 1943 1027 aengedaen
1970 974 2055 1021 Was
2082 970 2222 1018 pende
2249 970 2305 1015 op
2333 969 2417 1015 dat
2444 965 2667 1014 daerinne
2694 962 2834 1010 mocht
2860 957 3057 1006 versien
3084 955 3252 1002 Werden
3278 953 3307 999 —

1391 1083 1504 1131 onse
1529 1079 1671 1127 hulpe
1699 1075 1951 1123 versoght,
1979 1072 2063 1120 soo
2090 1068 2259 1116 hebben
2286 1067 2371 1112 wij
2398 1065 2567 1112 alomme
2594 1064 2651 1110 in
2679 1063 2763 1109 ons
2791 1057 3155 1108 rijcksodanige
3182 1052 3323 1101 ordre

1383 1183 1606 1239 gegeven,
1632 1179 1715 1227 dat
1741 1177 1824 1224 uE:
1850 1174 1989 1222 Volcq
2014 1171 2125 1218 onse
2152 1169 2316 1216 landen
2343 1167 2563 1214 daerdoor
2589 1161 2809 1212 Voortaen
2835 1157 3000 1205 sonder
3027 1151 3383 1201 Verhinderinge

1386 1288 1569 1342 sullen
1596 1276 1841 1331 vermogen
1869 1274 1931 1320 te
1960 1266 2355 1319 frequenteren,
2384 1264 2537 1311 sulcx
2566 1263 2688 1309 geen
2717 1251 3295 1307 meerderswaricheden—

1392 1397 1455 1450 te
1481 1383 1769 1440 verwachten
1797 1377 1940 1427 heef,
1967 1371 2169 1421 daervan
2197 1369 2283 1415 UE.
2311 1365 2655 1414 Verseeckere,
2682 1360 2798 1409 door
2825 1359 2883 1405 't
2911 1355 3055 1404 welcq
3082 1352 3169 1399 uE.
3197 1351 3227 1397 —

1389 1490 1562 1541 vernud
1590 1487 1648 1533 ts
1675 1478 1906 1531 voortaen
1932 1470 2192 1522 hoelanghs
2219 1467 2306 1514 hoe
2334 1466 2449 1511 meer
2478 1464 2765 1511 t'onswaeht
2792 1457 3022 1508 verhopen
3048 1453 3108 1501 te
3136 1450 3338 1497 trecken

1390 1653 1467 1700 om
1503 1639 1769 1695 schoone
1804 1621 2186 1682 eliphanten
2223 1618 2375 1665 ende
2412 1606 2792 1662 dineersche
2829 1598 3209 1651 rariteyten
3244 1593 3360 1642 ben

1392 1753 1626 1809 benodight
1649 1745 1831 1797 gelieft
1854 1741 1933 1789 ons
1958 1734 2138 1786 d'selve
2163 1732 2215 1778 te
2239 1728 2343 1776 doen
2368 1723 2573 1772 toecomen
2597 1719 2752 1767 sullen
2778 1716 2855 1764 den
2879 1713 3009 1760 prijs
3033 1710 3137 1757 naer
3160 1705 3370 1754 behooren

1395 1862 1512 1912 ende
1538 1857 1627 1905 tot
1655 1852 1772 1901 uE:r
1799 1838 2150 1896 Contentement
2176 1834 2265 1881 dog
2294 1828 2526 1879 betaelen
2555 1825 2671 1873 godt
2700 1820 2904 1870 bewaere
2931 1816 3020 1863 uE.
3047 1813 3107 1860 In
3134 1801 3465 1856 Ragiemachol

1382 1970 1473 2020 den
1501 1969 1560 2015 4.
1587 1965 1649 2014 en
1675 1959 1824 2008 vande
1850 1953 1999 2004 moent
2028 1942 2321 1997 stpineuren
2349 1938 2438 1987 Int
2466 1932 2760 1982 achthiende
2789 1927 2994 1976 haerder
3022 1913 3293 1970 reheringe

1383 2089 1480 2140 van
1509 2078 1638 2130 onse
1668 2068 1828 2122 vader
1858 2061 2083 2112 Chasjan

1869 2238 2145 2294 ranslaet
2179 2230 2317 2280 uijt
2350 2228 2421 2274 't
2454 2228 2661 2276 firman
2695 2227 2764 2274 by
2797 2222 2901 2271 den
2933 2214 3142 2267 prince
3173 2203 3388 2259 sjoese

1881 2326 2039 2378 aende
2069 2321 2444 2370 Nederlanders
2476 2321 2539 2366 om
2569 2321 2663 2367 hun
2694 2315 2944 2366 goederen
2974 2309 3068 2359 van
3098 2307 3256 2354 Ougly

1852 2414 1940 2465 tot
1967 2407 2167 2457 pattama
2195 2404 2337 2452 onder
2365 2403 2450 2449 syn
2478 2402 2620 2449 Hooch
2649 2399 2706 2447 ts
2733 2397 2960 2445 Gouverne
2989 2397 3103 2443 thol
3128 2394 3273 2443 vrij,
3299 2389 3418 2438 heen

1841 2503 1906 2552 en
1934 2494 2155 2546 wedert'
2185 2489 2374 2538 voeren
2404 2485 2717 2534 verleenst,
2747 2481 3123 2530 geprocureert
3154 2481 3216 2526 by
3247 2477 3341 2525 den

1870 2593 1945 2641 Op
1978 2576 2347 2637 Vercoopman
2384 2573 2604 2620 Thomas
2640 2570 2751 2618 Van
2785 2564 3007 2615 Cuijck

1272 2753 1380 2807 Aen
1413 2750 1553 2796 alle
1587 2749 1970 2797 gouverneurs
2004 2748 2456 2795 sjagierdaers,
2490 2747 2803 2794 Carorijs,
2836 2743 3185 2793 mitsgaders
3218 2736 3290 2786 de

1382 2868 1619 2919 gebieders
1643 2866 1749 2913 over
1775 2864 1881 2911 onse
1906 2865 2090 2912 eijgene
2115 2864 2220 2911 erff
2246 2863 2403 2909 steden
2429 2861 2587 2908 dorpen
2612 2862 2665 2907 en
2691 2856 2901 2907 plaetsen
2925 2851 3136 2900 Bonjons,
3162 2842 3404 2896 Wachters,

1385 2978 1468 3024 als
1494 2975 1912 3023 gerichticheijt,
1939 2974 2161 3020 voorders
2189 2975 2245 3020 op
2272 2974 2384 3020 alle
2411 2973 2550 3019 wegen
2577 2971 2661 3017 soo
2688 2967 2827 3016 veele
2853 2962 3021 3011 alsder
3047 2952 3271 3005 tusschen
3298 2952 3328 2998 —

1332 3081 1547 3135 Pattana
1577 3078 1700 3125 ende
1731 3077 1915 3123 Ouglij
1946 3076 2130 3123 souden
2159 3076 2314 3123 mogen
2344 3074 2528 3121 wesen,
2556 3071 2620 3119 en
2650 3068 2804 3116 onder
2833 3064 2957 3112 onse
2987 3046 3417 3108 gehoorsaemheyt

1357 3191 1630 3247 sorteren,
1657 3183 1810 3234 werdt
1839 3180 1900 3227 by
1930 3179 2081 3225 desen
2111 3179 2322 3226 bekendt
2351 3176 2593 3224 gemaeckt
2623 3175 2714 3221 hoe
2744 3173 2835 3220 wij
2863 3170 2955 3218 den
2985 3162 3257 3215 Capiteijn
3283 3157 3438 3206 vande

1363 3288 1716 3348 hollandtsche
1744 3285 1891 3332 natie
1920 3284 1978 3329 op
2008 3284 2124 3332 sijn
2153 3286 2387 3332 versoecq
2416 3287 2592 3333 hebben
2620 3280 2941 3333 toegestaen,
2970 3276 3088 3325 ende
3115 3259 3466 3319 gelicentieer

1370 3407 1463 3459 dat
1491 3402 1610 3450 uijt
1639 3396 1848 3445 Crachte
1876 3394 1966 3440 van
1996 3393 2115 3439 onse
2144 3390 2382 3438 mandaedt
2411 3388 2530 3434 niet
2560 3384 2768 3433 gelijck
2796 3377 3064 3429 Voordesen
3094 3367 3398 3422 geschiedt—

1367 3514 1593 3574 gehouden
1619 3509 1705 3558 sal
1731 3505 1844 3554 sijn
1872 3503 2096 3549 Voortaen
2122 3503 2291 3549 eenige
2319 3501 2710 3549 gerechticheden
2736 3497 2849 3547 ofte
2875 3488 3073 3542 thallen
3098 3482 3184 3531 van
3210 3474 3352 3526 haere

1367 3636 1432 3687 op
1459 3627 1585 3679 ende
1613 3613 1953 3670 afbrengende
1982 3610 2229 3656 goederen
2258 3610 2382 3655 ende
2413 3598 2873 3655 Coopmanschapven
2903 3595 2996 3642 soo
3025 3593 3118 3639 van
3147 3591 3333 3639 onglij
3363 3589 3396 3638 —

1375 3744 1505 3790 naer
1536 3736 1764 3789 Pattana
1795 3734 1861 3781 en
1892 3730 1991 3779 van
2022 3726 2153 3774 daer
2184 3723 2412 3771 wederom
2444 3722 2574 3769 naer
2606 3719 2801 3767 onglij
2832 3718 2898 3764 te
2929 3712 3189 3763 betaelen
3221 3708 3319 3756 met
3350 3707 3395 3756 —

1374 3852 1741 3908 expresselijck
1768 3846 1966 3896 verboet
1995 3845 2079 3891 aen
2107 3842 2220 3889 alle
2248 3841 2502 3887 hierboven
2530 3841 2728 3888 gemeldt
2755 3836 2925 3887 voorsz
2953 3833 3094 3880 Natie
3121 3829 3348 3877 hierover
3375 3828 3461 3874 sin

1371 3975 1575 4030 minste
1608 3974 1677 4019 In
1709 3967 1914 4018 haeren
1947 3963 2150 4012 handel
2183 3959 2556 4008 t'obsteren,
2589 3951 2962 4004 verachteren
2995 3950 3131 3996 ofte
3165 3950 3369 4000 Contra

1364 4094 1465 4144 ons
1497 4084 1793 4138 Mandaedt,
1825 4083 1957 4130 ende
1989 4080 2219 4128 gegeven
2252 4078 2449 4125 forman
2481 4078 2678 4123 eenich
2711 4076 2875 4123 geldt
2907 4074 2974 4120 af
3004 4068 3072 4117 te
3103 4065 3335 4113 dringen
3366 4069 3434 4115 op

1348 4197 1587 4257 penedat
1619 4193 1688 4240 d'
1720 4189 1856 4238 gene
1888 4186 2092 4232 welcke
2124 4183 2429 4231 hierijnne
2462 4183 2800 4232 naerlatich
2832 4180 3102 4228 bevonden
3135 4178 3341 4228 werdt—
