3567 4801
2708 552 2877 602 858

814 756 919 803 In
969 743 1338 798 Corten,
1388 736 1548 788 ten
1600 721 2021 780 genougen
2072 717 2283 767 sall
2334 711 2650 760 Cunnen

837 874 1230 936 versien
1282 861 1676 916 werden)
1731 856 1957 905 naer
2011 840 2403 896 Batavia
2457 828 2683 884 niet
2738 823 2851 871 en

813 1009 1209 1088 Behooren
1257 1000 1357 1050 te
1403 983 1652 1042 laten
1700 970 2244 1027 vertrecken,
2292 956 2639 1015 tvoorsz
2685 948 2836 1001 van

837 1146 1024 1202 sijn
1068 1140 1164 1191 E:
1207 1129 1348 1180 met
1393 1114 1626 1171 goede
1671 1097 2089 1157 voordacht
2128 1094 2598 1142 overleijt,
2642 1084 2829 1138 ende

845 1270 1077 1327 onder
1118 1253 1445 1313 anderen
1489 1233 2136 1296 geconsidireert
2176 1224 2459 1277 sijnde
2504 1217 2643 1267 hoe
2682 1200 2966 1259 nodich

834 1398 986 1451 dit
1033 1384 1284 1440 jacht
1319 1373 1832 1427 tijdelijck
1874 1369 1982 1418 op
2030 1367 2332 1421 Batt=a
2362 1367 2728 1422 behoort
2776 1360 2879 1410 te

800 1544 1088 1620 wesen,
1135 1533 1279 1586 ten
1324 1513 1660 1575 aensien
1706 1501 1994 1555 aldaer
2039 1498 2138 1547 om
2184 1501 2423 1549 goede
2469 1466 2996 1544 quantiteijt

803 1707 1135 1774 leden,
1185 1691 1353 1749 ten
1407 1664 1846 1733 hoogsten
1897 1638 2338 1706 verlegen
2391 1629 2666 1681 sijn,
2720 1619 2941 1673 wert

778 1829 1440 1899 Deenstemmich
1492 1813 1659 1869 ten
1711 1792 2098 1855 meesten
2153 1777 2538 1836 dienste
2591 1765 2868 1821 vande

895 1985 951 2034 E
1003 1979 1321 2027 Comp„e
1372 1960 1583 2017 goet
1635 1929 2058 2002 gevonden
2107 1919 2215 1970 en
2265 1894 2901 1962 g'arresteert

846 2148 896 2195 t
917 2139 1134 2194 meer
1179 2120 1519 2181 gemelte
1567 2106 1808 2162 jacht
1854 2095 2000 2147 lis
2046 2087 2193 2140 soo
2239 2078 2386 2130 dra
2431 2056 2873 2120 mogelijck

841 2271 1094 2322 naer
1154 2254 1599 2317 Batavia
1660 2240 1788 2296 af
1849 2227 1976 2278 te
2027 2196 2606 2268 veerdigen
2666 2178 2859 2234 met

838 2395 1257 2456 serieuse
1308 2361 1989 2440 recommandatie
2039 2345 2251 2404 ende
2301 2334 2512 2387 last
2563 2326 2721 2377 aen
2773 2325 2878 2371 d'

856 2508 1388 2583 overicheijt
1431 2488 1869 2551 desselffs
1917 2482 2062 2530 dat
2108 2464 2495 2526 trachten
2537 2450 2833 2506 sullen

857 2654 965 2700 d'
1017 2643 1287 2698 reijs
1337 2618 1717 2686 Buijten
1767 2607 1878 2660 om
1928 2585 2415 2648 seijlandt
2466 2566 2845 2626 sumatra

858 2773 970 2821 te
1024 2739 1531 2819 spoedigen

785 2957 1098 3020 Willem
1148 2939 1614 3000 andriesen
1664 2930 1820 2980 van
1869 2910 2336 2974 amsterdam
2383 2904 2542 2953 int
2592 2894 2857 2948 landt

826 3068 1182 3127 gecomen
1231 3059 1385 3111 met
1435 3046 1690 3102 schip
1737 3027 2197 3088 hollandia
2247 3021 2451 3071 voor
2500 3004 2911 3064 Bootsman

849 3208 908 3260 a
959 3197 1067 3248 27
1117 3187 1280 3239 ter
1332 3177 1601 3232 maent
1619 3164 1760 3213 ao
1811 3150 2026 3207 1639
2079 3131 2613 3193 naderhandt
2666 3124 2775 3176 op

901 3307 1437 3377 palliacatta
1485 3299 1680 3350 voor
1725 3282 2068 3343 soldaet
2112 3268 2455 3324 gedient
2503 3262 2649 3312 met
2696 3243 2940 3305 gagie

850 3440 998 3489 van
1046 3436 1146 3483 h9
1188 3423 1392 3480 ende
1440 3415 1539 3465 nu
1586 3398 1933 3457 genegen
1979 3384 2277 3442 sijnde
2325 3383 2425 3429 d'
2474 3381 2573 3428 E.
2621 3383 2917 3435 Comp=e

787 3564 1001 3629 voor
1050 3544 1315 3605 onder
1363 3512 1995 3587 seijlmaecker
2047 3510 2152 3557 te
2204 3506 2519 3555 dienen
2570 3506 2781 3553 wert
2833 3506 2942 3556 op

827 3682 1009 3749 sijn
1051 3660 1404 3725 vertoogh
1446 3648 1624 3702 ende
1667 3642 1755 3690 d'
1795 3629 2019 3686 goede
2062 3611 2459 3672 getuijgen
2502 3609 2546 3655 i
2590 3607 2723 3653 wet
2765 3604 2905 3654 die

851 3800 1036 3860 van
1095 3788 1277 3841 hem
1334 3767 1640 3831 wegen
1692 3749 2062 3809 tseijl
2120 3734 2424 3791 maken
2484 3726 2911 3777 gegeven

798 3920 1090 3987 wert,
1144 3905 1318 3961 als
1373 3891 1604 3947 oocq
1660 3877 1948 3933 midts
2003 3865 2348 3920 ruijme
2403 3843 2922 3909 experatie

862 4040 1133 4101 sijnde
1175 4020 1488 4080 jongste
1532 4005 1889 4062 verbandt
1932 3998 2067 4047 bij
2110 3987 2334 4041 desen
2377 3983 2468 4030 d'
2510 3974 2690 4025 novo
2733 3969 2913 4018 voor

870 4169 1117 4226 drije
1163 4130 1800 4211 naestvolgende
1848 4122 2092 4173 jaren
2138 4113 2239 4166 in
2285 4094 2776 4156 qualiteijt
2824 4092 2972 4139 van

870 4293 1089 4349 onder
1128 4273 1645 4336 seijlmaeck„n
1687 4255 2160 4317 aengenomen,
2202 4245 2374 4299 ende
2415 4238 2545 4287 een
2585 4228 3017 4283 tractement

883 4415 1019 4469 van
1062 4398 1464 4457 veerthien
1506 4389 1641 4441 gl.
1685 4385 1820 4434 ter
1861 4373 2087 4428 maent
2129 4358 2576 4416 toegeleijt
2620 4355 3024 4404 jnnegaend

872 4553 1122 4615 dato
1180 4530 1493 4594 deses
