3567 4883
1268 837 1612 888 laetsen,
1647 821 1997 883 alwaerde
2037 817 2382 867 portuges
2424 817 2596 865 onse
2638 810 3067 861 geveijnsde
3108 806 3410 856 vrunden

1288 953 1425 1004 soo
1463 942 1695 996 lange
1738 931 2281 985 geremoneerdt
2324 930 2640 980 hebben,
2678 916 3045 974 dagelicx
3088 907 3270 959 alle

1296 1060 1681 1118 middelen
1728 1057 1922 1106 ende
1967 1052 2452 1101 practiquen
2499 1049 2644 1098 tot
2683 1033 3271 1093 Becommeringh

1288 1188 1466 1242 ende
1507 1170 1949 1231 destructie
1992 1168 2125 1215 van
2168 1167 2257 1214 's
2300 1165 2564 1212 comp„s
2606 1155 2916 1211 handell
2959 1152 3403 1201 aenwenden,

1292 1314 1467 1367 ende
1509 1307 1682 1357 onse
1725 1297 2242 1352 frequentatie
2284 1291 2457 1341 medt
2498 1284 2587 1334 d'
2629 1263 3103 1326 inwoonderen
3145 1260 3414 1309 aldaer

1264 1452 1347 1505 (:
1384 1439 1703 1495 welckers
1741 1433 1979 1484 trouwe
2019 1429 2257 1476 cleen,
2293 1425 2454 1476 ende
2490 1405 2928 1468 schraepende
2966 1398 3165 1448 aerdt
3204 1395 3403 1443 groot

1285 1586 1461 1643 noch
1503 1577 1718 1629 seder
1760 1574 1889 1622 is,
1924 1567 2189 1619 scomps
2230 1551 2661 1613 Capitaelen
2702 1540 2961 1594 moeten
3002 1527 3389 1583 opleggen,

1293 1724 1445 1774 ende
1481 1700 1899 1767 vertrouwen,
1934 1695 2049 1742 ons
2086 1692 2163 1739 d'
2200 1688 2314 1736 een
2350 1684 2427 1732 of
2464 1680 2541 1727 d'
2577 1676 2767 1725 ander
2803 1670 2956 1720 tijt
2992 1663 3107 1713 een
3143 1655 3414 1706 quaeder

1289 1850 1457 1909 tour
1496 1842 1742 1893 mochte
1779 1823 2151 1886 gespeeldt
2190 1817 2479 1866 werden,
2519 1807 2683 1860 doch
2720 1799 2847 1851 soo
2884 1786 3091 1840 veele
3127 1777 3214 1829 in
3253 1770 3377 1821 ons

1297 1977 1685 2048 vermogen,
1726 1967 1984 2021 sullen
2026 1956 2198 2010 daer
2240 1942 2497 1999 tegens
2539 1940 2625 1986 op
2668 1932 2882 1984 hoede
2922 1914 3138 1975 sijn,
3177 1895 3351 1956 ende

1269 2121 1516 2188 sorghe
1552 2099 1838 2163 draegen
1877 2096 1959 2143 d'
1995 2088 2080 2139 E.
2117 2077 2361 2130 comp„e
2401 2071 2563 2121 geen
2603 2053 2925 2114 overlast
2964 2046 3127 2096 noch
3164 2032 3409 2089 gewelt

1289 2250 1476 2306 come
1521 2245 1616 2293 te
1661 2231 1989 2288 lijden,
2035 2218 2223 2275 waer
2268 2207 2409 2260 toe
2454 2201 2596 2250 ten
2640 2176 3155 2244 principaele
3200 2169 3353 2220 den

1268 2371 1682 2430 luijster,
1726 2359 1911 2413 ende
1956 2330 2554 2401 smaeckelijcke
2599 2322 2783 2374 voor
2827 2307 3105 2366 deelen
3146 2298 3289 2351 van

1277 2501 1657 2566 desselffs
1695 2485 2034 2546 handell,
2074 2459 2537 2527 midtsgaders
2577 2446 2789 2502 onsen
2827 2419 3300 2488 redelijcken

1282 2641 1694 2705 ommeganck
1738 2634 1877 2685 Bij
1917 2604 2286 2677 geseijde
2331 2580 2835 2648 jnwoonders,
2877 2565 3062 2621 veel
3104 2547 3381 2609 helpen

1285 2788 1521 2844 sall,
1567 2781 1707 2831 aen
1751 2769 1940 2823 dees
1984 2763 2174 2811 kant
2213 2751 2497 2814 hebben
2543 2746 2637 2794 nu
2682 2729 2869 2789 (god
2912 2692 3335 2771 d'voorste

1288 2928 1509 2985 desen
1552 2913 1994 2971 aengaende,
2037 2904 2214 2957 ende
2258 2876 2830 2946 d'voldoeninge
2873 2870 3006 2919 van
3049 2866 3094 2912 s
3137 2852 3407 2910 Comp„s

1285 3049 1794 3111 uijtstaende
1840 3034 2210 3093 weijnich
2255 3012 2857 3078 difficulteijt
2900 3006 2995 3056 te
3040 2995 3365 3050 maecken

1287 3194 1512 3253 sulcx
1557 3185 1736 3238 oock
1780 3165 2185 3230 vertrouwe
2228 3161 2319 3208 d'
2363 3157 2453 3207 E.
2495 3149 2767 3201 comp„e
2811 3140 2991 3193 geen
3034 3114 3355 3183 schaede

1275 3334 1450 3389 door
1490 3328 1579 3377 d'
1620 3307 2179 3371 g'opresseerde
2221 3291 2566 3351 orloogen
2607 3281 2780 3333 ende
2819 3262 3209 3322 Rooverije
3248 3256 3380 3306 van

1270 3461 1614 3529 Tinanna
1659 3453 1858 3505 (als
1903 3441 2103 3496 uEd„
2151 3430 2348 3483 voor
2395 3416 2642 3473 desen
2689 3379 3376 3459 geremonstreert

1267 3613 1369 3665 t'
1392 3588 1714 3652 lijden
1761 3577 1911 3630 sal
1958 3556 2307 3619 hebben,

1149 3794 1252 3849 Op
1277 3776 1401 3831 d'
1440 3756 1843 3818 proceure
1885 3748 2043 3800 van
2091 3733 2391 3790 slaven
2440 3727 2690 3777 werdt
2739 3720 2939 3771 naer
2985 3704 3387 3762 uijterst

1276 3893 1665 3960 vermogen
1712 3882 1908 3936 mede
1954 3867 2295 3925 geleth,
2340 3859 2537 3911 doch
2584 3850 2731 3902 tot
2777 3829 3166 3893 vervolch
3212 3821 3312 3871 in

1283 4023 1457 4082 dees
1497 4007 1755 4065 dueren
1796 4001 2010 4051 tijt,
2051 3993 2223 4045 ende
2264 3978 2521 4036 groote
2563 3963 2861 4024 hongers
2901 3952 3159 4007 noodt,
3201 3945 3330 3996 soo

1287 4155 1551 4218 danich
1594 4150 1725 4200 als
1766 4142 1899 4192 ons
1940 4135 2073 4186 wel
2112 4114 2551 4178 voorcomen,
2594 4108 2769 4157 ende
2809 4100 2942 4151 wij
2984 4081 3377 4143 wenschten

1285 4289 1652 4349 obsteert
1695 4279 1834 4331 ons
1876 4271 2015 4322 ten
2057 4244 2560 4314 principaele
2603 4241 2741 4290 tot
2785 4221 3377 4284 onderhoudinge

1302 4422 1502 4478 ende
1536 4399 1947 4463 overvoer
1995 4391 2145 4443 der
2193 4378 2542 4434 selver,
2590 4361 3186 4422 tmancquement
3230 4355 3384 4409 van

2861 4573 2938 4628 G

2944 4570 3240 4626 Rijs
