3608 4917
2807 342 3019 395 684

923 410 982 456 en
1012 411 1102 458 can
1130 414 1427 465 geschieden
1456 419 1545 464 oft
1573 419 1782 475 pericul
1812 430 1960 475 loopt
1988 428 2049 475 is
2078 428 2227 476 beter
2256 431 2497 481 evenveel
2522 439 2583 487 op
2612 443 2702 493 120
2730 449 2908 497 picols
2937 451 2997 497 te

919 479 1109 529 winnen,
1135 484 1217 532 als
1243 486 1299 532 de
1325 487 1543 540 Chinesen
1568 497 1651 547 tot
1676 503 1785 549 onse
1811 502 2000 550 schade,
2027 502 2217 552 gelijck
2243 506 2298 552 nu
2325 506 2406 551 met
2432 506 2489 555 de
2513 512 2650 560 peper
2676 515 2976 570 ondervinden

924 549 1040 597 inde
1068 551 1213 600 telve
1240 557 1328 604 een
1355 560 1586 614 gedeelte
1613 571 1672 617 te
1698 568 1845 622 geven

684 648 982 696 aeschiouw
1014 647 1215 697 hebben
1246 654 1315 703 81
1345 661 1413 709 37
1444 666 1644 715 Cattij
1676 671 1775 718 dit
1808 671 1941 717 jaer
1974 672 2206 722 buijten
2238 675 2471 724 Facture
2503 681 2603 729 met
2634 684 2736 732 den
2767 688 2999 740 Meerman

918 721 1174 776 ontfangen,
1197 733 1351 782 booven
1374 738 1426 785 't
1450 741 1554 790 gene
1576 747 1678 794 over
1704 749 1831 797 Siam,
1855 752 1933 798 tot
1956 754 2261 805 voldoeninge,
2286 760 2362 806 soo
2387 761 2439 807 't
2463 763 2641 814 scheen,
2666 770 2818 820 vanden
2843 775 2995 823 eijsch

917 790 1206 849 eijgentlijck
1229 804 1423 859 gesonden
1445 815 1518 862 was
1540 818 1591 866 en
1613 823 1710 870 niet
1733 825 1782 871 te
1805 827 1877 873 min
1901 828 2094 876 heefftse
2117 831 2190 876 tot
2213 832 2262 878 op
2285 833 2333 879 't
2357 834 2478 882 leste
2501 838 2597 886 over
2621 841 2670 889 de
2693 845 2790 891 drie
2813 847 2961 901 centen

913 877 1095 926 gegeven
1119 880 1197 928 off
1221 883 1299 931 men
1324 886 1582 943 dierhalven
1605 899 1760 950 bijden
1784 906 1938 952 eijsch
1963 907 2066 953 door
2091 908 2169 954 ons
2193 910 2425 960 ontworpen
2449 916 2502 963 en
2526 919 2630 968 hier
2654 924 2963 973 nevensgaende

914 957 1117 1004 behoorde
1140 960 1192 1007 te
1216 962 1395 1016 blijven
1417 972 1495 1019 off
1518 975 1595 1024 wel
1619 979 1670 1024 de
1694 980 1822 1026 zelve
1845 982 1922 1028 wat
1946 984 1998 1030 te
2022 985 2250 1036 vergroten
2274 991 2426 1041 willen
2450 997 2551 1044 uEd:
2576 999 2981 1053 sorghvuldicheijt

919 1026 1044 1074 laten
1065 1031 1239 1084 bevolen
1260 1041 1384 1095 sijn,
1406 1051 1553 1101 groter
1576 1056 1626 1104 en
1650 1059 1772 1106 hoger
1796 1061 1967 1110 winsten
1990 1065 2089 1112 doen
2113 1068 2211 1115 oock
2234 1070 2382 1118 andere
2405 1074 2553 1124 Natien
2575 1080 2746 1130 d'oogen
2770 1084 2893 1130 open,
2916 1085 3014 1131 voor

916 1101 1209 1156 bovengemelte
1231 1112 1452 1172 Caetchiou
1474 1128 1621 1179 hebben
1644 1135 1742 1181 oock
1766 1137 1815 1183 't
1838 1138 2034 1186 generael
2057 1142 2376 1194 gecrediteert,
2396 1152 2520 1201 tegen
2542 1157 2616 1203 den
2639 1157 2787 1204 selven
2809 1158 2931 1205 prijs
2955 1156 3029 1203 als

915 1181 997 1228 ons
1022 1182 1076 1228 de
1102 1184 1263 1234 andere
1288 1190 1370 1240 bij
1395 1196 1584 1249 facture
1607 1206 1901 1263 toegesonden
1927 1218 2062 1269 wiert

746 1263 1026 1313 Cackcorael
1052 1268 1110 1316 is
1136 1273 1221 1321 tot
1247 1277 1553 1336 schenckagie
1579 1292 1692 1344 niet
1718 1300 1857 1348 (seer
1884 1303 2134 1352 dienstich
2162 1307 2218 1352 en
2244 1306 2412 1355 heefft
2439 1310 2579 1360 inden
2605 1316 2800 1362 vercoop
2827 1316 3028 1366 Verlies

921 1341 1202 1397 gegeven

729 1442 1027 1499 Belangende
1056 1446 1116 1492 de
1144 1447 1354 1501 vordere
1381 1457 1622 1517 goederen
1648 1475 1768 1523 voor
1797 1478 1946 1529 Japan
1974 1485 2242 1536 dienstigh
2271 1492 2658 1549 dienaengaende
2686 1504 2894 1554 gedrage
2924 1507 3014 1554 mij

911 1511 1045 1561 aende
1069 1517 1255 1570 memorie
1279 1526 1439 1580 vanden
1463 1537 1622 1592 eijsch
1646 1548 1727 1597 der
1751 1553 2148 1615 coopmanschappen
2171 1572 2252 1622 van
2276 1578 2593 1635 verscheijden
2618 1591 2880 1651 quartieren

911 1585 1008 1633 voor
1031 1585 1104 1633 dat
1127 1588 1225 1637 land
1246 1594 1393 1649 gedaen
1412 1606 1462 1653 en
1484 1609 1581 1660 hier
1603 1616 1748 1666 nevens
1770 1622 1937 1672 gaende.

745 1677 799 1728 De
812 1678 966 1731 huijse
990 1677 1041 1724 op
1064 1680 1114 1727 't
1138 1683 1314 1737 eijland
1333 1695 1435 1746 inde
1457 1703 1606 1753 welcke
1629 1709 1730 1758 alle
1751 1714 1877 1766 Comp.
1899 1722 1925 1768 s
1948 1724 2147 1777 goederen
2169 1733 2367 1784 geberght
2391 1740 2441 1786 en
2464 1741 2711 1790 opgesloten
2735 1746 2834 1793 oock
2858 1747 2908 1793 te

902 1759 1094 1809 vercopen
1116 1764 1166 1811 en
1187 1767 1260 1815 ten
1282 1771 1380 1822 toon
1400 1779 1593 1832 geleght,
1615 1787 1853 1839 mitsgaders
1875 1794 1995 1842 alles
2018 1797 2162 1850 gedaen
2184 1806 2233 1853 en
2255 1808 2305 1855 de
2327 1811 2517 1862 personen
2540 1818 2756 1869 geplaetst
2778 1825 2921 1880 werden

909 1831 957 1880 en
976 1836 1066 1883 sijn
1088 1838 1179 1884 niet
1199 1840 1291 1889 seer
1310 1845 1513 1902 gerijffl.
1532 1858 1557 1905 k
1577 1861 1624 1908 en
1644 1864 1779 1914 worden
1800 1870 1979 1920 jaerlijx
2000 1876 2136 1926 onder,
2156 1882 2223 1929 men
2246 1884 2360 1933 heeft
2379 1890 2469 1937 inde
2490 1893 2714 1942 handeltijd
2735 1898 2824 1945 tien
2847 1899 3025 1947 dubbelde

905 1902 1124 1960 moeijten,
1145 1916 1243 1967 door
1265 1923 1339 1971 dat
1361 1927 1411 1974 de
1433 1930 1627 1983 goederen
1649 1939 1700 1986 in
1721 1943 1794 1990 soo
1817 1945 1916 1994 veel
1937 1951 2299 2008 cruijpinnetjens
2322 1963 2515 2014 verdeelt
2538 1970 2587 2017 en
2610 1972 2707 2021 wegh
2730 1976 2899 2025 gepackt
2922 1980 3043 2033 zijn,

905 1984 1011 2030 oock
1035 1987 1090 2035 is
1113 1992 1192 2040 men
1217 1995 1402 2049 pericul
1426 2005 1506 2054 van
1530 2010 1662 2060 brant
1686 2016 1793 2066 veel
1817 2023 1922 2072 meer
1947 2028 2235 2084 onderworpen
2260 2039 2340 2086 bij
2364 2042 2469 2090 ofte
2494 2046 2547 2091 in
2572 2046 2731 2096 eenige
2755 2052 2964 2099 weijnige

886 2066 1059 2115 huijsen
1081 2071 1179 2120 alle
1201 2076 1251 2124 de
1274 2080 1445 2133 luijden
1467 2090 1686 2141 geplaetst
1708 2097 1855 2148 waren,
1878 2104 1952 2151 dat
1975 2107 2025 2153 nu
2047 2109 2145 2158 niet
2168 2114 2412 2166 geschieden
2433 2123 2531 2170 can,
2554 2125 2604 2172 en
2627 2128 2748 2175 geven
2772 2130 2821 2176 de
2844 2131 2918 2179 aen
2941 2134 3041 2186 lant

905 2143 1081 2193 comende
1106 2148 1259 2196 matros
1281 2153 1334 2201 en
1356 2157 1460 2207 oock
1482 2164 1635 2218 andere
1657 2174 1760 2224 geen
1783 2180 1959 2232 cleijne
1984 2187 2263 2241 becommernis
2285 2198 2412 2249 aend'
2436 2205 2763 2256 opperhooffden
2788 2211 2839 2257 en
2863 2211 3014 2257 gevaer

907 2214 1053 2270 voorde
1075 2226 1196 2273 Comp.
1217 2230 1267 2278 e,
1290 2234 1363 2282 dit
1385 2238 1483 2287 jaer
1504 2244 1555 2293 is
1576 2249 1650 2297 wel
1672 2254 1816 2305 minder
1839 2261 1961 2311 volck
1982 2268 2056 2317 aen
2078 2273 2175 2320 lant
2197 2276 2366 2325 geweest
2389 2281 2461 2328 als
2484 2284 2677 2334 voordes.
2699 2290 2918 2343 bijsonder
2938 2300 3039 2353 in't

904 2298 1020 2348 eerst
1041 2304 1111 2352 als
1132 2308 1181 2355 de
1201 2312 1363 2363 smeeste
1384 2320 1569 2373 goederen
1589 2329 1684 2379 noch
1704 2335 1934 2389 onvercocht
1955 2345 2072 2396 waren
2092 2352 2186 2401 maer
2207 2357 2300 2406 daer
2321 2362 2368 2408 na
2390 2364 2460 2410 all
2482 2366 2643 2418 eenige,
2665 2373 2711 2420 't
2733 2376 2849 2424 welck
2870 2379 2963 2425 niet
2985 2381 3054 2426 wel

899 2379 974 2425 met
995 2382 1140 2433 eenigh
1162 2389 1332 2443 fatsoen
1353 2399 1426 2447 can
1449 2403 1713 2462 voorgecomen
1734 2418 1904 2470 werden,
1925 2427 2047 2477 alsoo
2069 2433 2285 2484 ongehoort
2308 2439 2358 2486 is
2379 2443 2428 2490 de
2451 2445 2619 2496 luijden
2642 2452 2739 2499 voor
2761 2455 2907 2503 altijt
2928 2460 3004 2512 aen

894 2452 1021 2502 boort
1043 2459 1095 2506 te
1118 2462 1346 2519 verbannen
1367 2476 1520 2529 sonder
1542 2486 1644 2536 eens
1667 2492 1744 2542 het
1767 2498 1869 2548 lant
1891 2505 1944 2553 te
1966 2509 2092 2560 mogen
2116 2516 2341 2570 betreden.
2365 2525 2616 2582 dierhalven
2640 2538 2742 2586 ware
2765 2542 2816 2588 te
2840 2544 3042 2596 wenschen

888 2524 940 2575 de
959 2532 1078 2580 Comp.
1101 2535 1127 2581 e
1148 2537 1198 2584 de
1219 2541 1340 2593 selve
1361 2550 1411 2597 in
1432 2554 1647 2612 eijgendom
1667 2569 1812 2621 moghte
1833 2578 2001 2632 hebben,
2022 2588 2072 2636 't
2093 2592 2166 2641 sij
2188 2597 2237 2645 de
2259 2601 2379 2650 zelve
2401 2607 2567 2657 doorden
2590 2611 2733 2660 kaiser
2755 2615 2828 2663 ter
2850 2619 3016 2666 schenck

887 2606 1096 2659 bequamen
1118 2617 1197 2665 dat
1221 2621 1327 2672 niet
1350 2629 1430 2678 wel
1453 2635 1532 2685 ten
1555 2641 1712 2695 gelove
1736 2651 1764 2697 (
1787 2654 1892 2704 niet
1916 2660 2227 2721 tegenstaende
2251 2678 2329 2724 men
2353 2679 2433 2728 ons
2456 2684 2586 2733 inden
2611 2688 2792 2736 beginne
2818 2691 2895 2737 dat
2921 2690 2998 2737 tot

885 2689 1189 2748 Nangasacquij
1213 2704 1365 2757 quamen
1388 2713 1491 2763 sulx
1514 2719 1667 2772 schier
1690 2728 1845 2779 wilden
1866 2737 1993 2788 inden
2018 2744 2120 2792 mont
2143 2748 2297 2800 geven,
2319 2757 2498 2806 gelijck
2520 2762 2597 2808 men
2621 2763 2672 2809 de
2697 2763 2899 2812 kinderen
2923 2763 2975 2811 de

886 2775 1065 2827 appelen
1084 2785 1112 2831 (
1135 2787 1186 2833 om
1209 2789 1312 2840 mede
1334 2797 1536 2850 tespelen
1559 2806 1610 2853 te
1634 2809 1736 2859 doen
1758 2815 1960 2867 plachte)
1983 2823 2086 2873 ofte
2108 2830 2184 2877 wel
2207 2833 2284 2881 dat
2307 2837 2384 2884 men
2407 2840 2458 2885 de
2482 2841 2608 2889 selve
2631 2845 2759 2894 aende
2781 2845 3032 2897 eijgenaers

886 2852 963 2902 tot
984 2859 1182 2914 bequamen
1204 2870 1329 2920 prijs
1351 2876 1574 2932 betaelde,
1595 2889 1720 2940 want)
1742 2896 1818 2945 het
1840 2901 1891 2947 is
1914 2903 2086 2952 reecker
2109 2908 2185 2957 dat
2207 2913 2282 2961 men
2305 2916 2357 2963 de
2378 2920 2528 2969 huijsz
2549 2926 2600 2973 in
2623 2929 2843 2984 eijgendom
2868 2939 3055 2989 hebben.

891 2931 943 2982 in
961 2939 1081 2991 vijff
1102 2948 1175 2996 off
1195 2953 1292 3004 sest
1313 2960 1432 3010 jaren
1453 2967 1572 3016 soude
1594 2972 1736 3023 cunnen
1758 2979 1806 3024 in
1828 2980 2111 3035 behoorlijcke
2133 2991 2322 3044 gestalte
2343 3000 2509 3053 brengen
2531 3009 2673 3058 sonder
2695 3014 2836 3062 eenige
2859 3017 3000 3065 costen

903 3008 1068 3062 meerder
1089 3018 1184 3070 daer
1205 3026 1277 3075 aen
1298 3031 1348 3079 te
1368 3036 1510 3088 leggen
1531 3044 1604 3093 als
1625 3049 1697 3097 men
1718 3054 1767 3100 nu
1787 3056 1882 3106 voor
1904 3062 2138 3116 huijshuijr
2160 3071 2349 3123 jaerlijx
2370 3079 2489 3130 geeft
2510 3086 2791 3141 verstellende
2813 3097 2953 3146 alsoo

892 3088 1083 3143 jaerlijx
1105 3099 1179 3148 een
1199 3105 1393 3162 gedeelte
1412 3119 1461 3167 en
1483 3123 1556 3172 die
1578 3127 1699 3178 vijff
1720 3135 1794 3184 off
1815 3140 1887 3188 ses
1909 3143 2030 3193 jaren
2052 3149 2290 3201 verstreken
2312 3156 2456 3208 zijnde
2478 3163 2669 3217 soudemen
2692 3172 2787 3219 niet
2810 3174 3016 3226 behoeven

890 3171 964 3218 soo
987 3174 1086 3224 veel
1108 3180 1208 3231 daer
1230 3187 1304 3236 aen
1327 3192 1378 3239 te
1400 3196 1523 3247 coste
1545 3203 1597 3251 te
1618 3208 1767 3261 leggen
1788 3218 1887 3268 ofte
1910 3224 1984 3271 men
2007 3226 2130 3277 soude
2153 3233 2228 3280 wel
2250 3236 2373 3285 40100
2396 3240 2567 3295 taijlen
2590 3250 2786 3301 jaereijx
2810 3256 3006 3305 besparen

891 3243 946 3295 't
965 3253 1092 3303 welck
1114 3259 1191 3309 met
1213 3265 1289 3314 der
1312 3270 1439 3323 haest
1460 3279 1587 3332 soude
1610 3288 1686 3337 die
1708 3293 1835 3346 somma
1857 3303 1984 3353 gelts
2006 3310 2255 3364 uijtwinnen
2279 3320 2355 3367 die
2378 3323 2454 3370 men
2477 3326 2652 3376 voorden
2675 3332 2825 3380 incoop
2849 3335 2874 3380 t
2898 3334 3026 3384 geven

884 3335 1013 3384 soude
1036 3340 1165 3394 alsoo
1187 3351 1341 3403 dencke
1364 3360 1442 3408 dat
1465 3365 1543 3413 men
1566 3369 1670 3419 lult
1692 3376 1796 3427 voor
1818 3384 1846 3431 h
1869 3387 1922 3435 15
1944 3392 2022 3440 off
2046 3396 2098 3443 16
2121 3399 2149 3446 O
2172 3402 2274 3450 alle
2298 3405 2350 3453 de
2374 3409 2502 3456 huijs
2526 3412 2602 3457 des
2627 3413 2831 3463 eijlands
2854 3419 3009 3468 copen

882 3410 1034 3463 soude,
1055 3420 1109 3470 't
1129 3428 1182 3477 is
1204 3434 1281 3483 wel
1302 3439 1405 3491 waer
1426 3448 1528 3497 sulx
1550 3453 1651 3503 niet
1674 3459 1948 3521 eijgentlijk
1971 3477 2022 3523 en
2046 3478 2146 3527 wete
2170 3483 2320 3532 gelijk
2344 3488 2446 3536 oock
2467 3493 2567 3540 niet
2591 3495 2642 3542 of
2666 3498 2715 3543 de
2740 3498 3013 3547 gouverneurs

881 3496 984 3548 huer
1006 3505 1157 3558 souden
1181 3514 1333 3567 willen
1355 3523 1581 3580 toestaen,
1604 3536 1707 3587 doch
1729 3544 1781 3591 om
1804 3547 1880 3595 dat
1903 3551 2006 3600 niet
2028 3557 2203 3606 geweten
2228 3561 2355 3610 hebbe
2377 3567 2455 3615 off
2477 3572 2578 3620 uEd:
2602 3575 2703 3622 sulx
2727 3578 3028 3630 t'onderstaen

885 3589 934 3636 en
957 3588 1008 3636 te
1030 3592 1224 3645 bevragen
1246 3601 1368 3651 soude
1390 3607 1681 3666 welgevallen,
1703 3622 1896 3676 daeromme
1919 3632 1993 3679 soo
2015 3636 2065 3683 is
2087 3639 2161 3686 het
2183 3642 2521 3697 achtergelaten,
2544 3652 2761 3700 bescheijt
2784 3656 2881 3702 daer
2904 3657 2954 3704 op
2977 3660 3028 3708 na

883 3664 1177 3730 Nangasackij
1201 3687 1414 3740 gesonden
1439 3696 1679 3753 werdende,
1703 3709 1864 3762 souden
1889 3718 1943 3764 de
1968 3720 2076 3770 gene
2100 3726 2260 3777 dieder
2286 3732 2419 3780 wesen
2444 3735 2657 3786 moghten,
2683 3741 2816 3790 weten
2842 3745 3003 3794 connen

889 3759 976 3805 wat
1002 3762 1060 3810 en
1086 3766 1172 3817 hoe
1199 3773 1342 3824 verre
1367 3781 1482 3830 daer
1508 3786 1566 3833 in
1592 3789 1649 3837 te
1677 3793 1903 3847 handelen
1929 3804 2128 3856 hadden,
2155 3813 2240 3859 wat
2267 3815 2352 3862 mij
2380 3818 2606 3868 belanght
2632 3824 2717 3871 ick
2745 3825 2887 3873 soude
2913 3828 3010 3875 het

881 3843 982 3891 vrij
1004 3847 1252 3902 dienstiger
1276 3858 1327 3905 en
1349 3861 1722 3924 profijtelijcker
1745 3880 1894 3931 voorde
1918 3887 2043 3936 Comp.
2065 3892 2093 3939 e
2115 3895 2288 3944 ordelen
2313 3899 2438 3948 zelve
2461 3904 2512 3951 de
2535 3907 2709 3957 huijsen
2733 3912 2783 3957 in
2807 3913 3032 3962 eijgendom

880 3919 939 3967 te
964 3924 1216 3980 besitten.

654 4013 969 4068 Gedurende
1002 4024 1108 4072 ons
1141 4029 1421 4084 aenwesen
1454 4040 1526 4087 in
1559 4044 1736 4098 Japan
1766 4057 1872 4105 soo
1906 4061 2117 4110 hebben
2148 4065 2255 4112 all
2289 4067 2499 4116 eenigh
2532 4072 2742 4121 vragen
2776 4077 2950 4124 gehat

869 4100 922 4146 na
946 4102 1025 4150 een
1048 4107 1461 4170 mortierschieter,
1485 4126 1615 4174 eerst
1639 4129 1692 4177 en
1716 4133 1795 4181 ten
1819 4137 2103 4191 principalen
2128 4146 2179 4192 in
2205 4147 2308 4193 Gedo
2333 4148 2464 4197 vande
2488 4153 2591 4199 vier
2616 4155 2823 4202 grootste
2848 4158 2979 4205 Raden

877 4175 963 4226 des
988 4183 1102 4233 rijx
1126 4190 1185 4238 op
1209 4196 1295 4245 den
1321 4201 1433 4247 dagh
1459 4203 1600 4254 selve
1626 4210 1710 4257 van
1736 4212 1848 4261 onse
1875 4217 2126 4268 audientie
2152 4224 2264 4272 doch
2291 4227 2514 4277 weijnich
2541 4232 2652 4279 daer
2680 4233 2735 4278 na
2763 4228 2929 4278 echter

878 4259 991 4311 in't
1016 4267 1128 4316 hoff
1154 4272 1184 4318 s
1209 4275 1487 4326 terplaetse
1512 4283 1790 4339 aldernaest
1815 4295 1927 4345 daer
1953 4301 2120 4350 voorde
2146 4305 2258 4353 Maj.
2284 4308 2312 4353 t
2340 4308 2616 4360 reverentie
2642 4315 2809 4363 gedaen
2834 4316 3006 4367 hadden

2550 4410 2948 4469 Naderhamt
