3410 4985
547 426 858 474 februarij
892 427 962 472 ao
996 428 1171 478 1646,

2525 426 2639 474 In
2695 427 2921 475 Jedo

665 3885 963 3941 vrage.

1072 647 1325 697 weslalven
1351 653 1408 700 de
1435 655 1632 707 noodige
1658 663 1966 720 Schenckagie
1992 676 2160 723 borden
2187 677 2383 723 Sohaest
2410 678 2523 726 doen
2550 681 2633 727 Eld
2661 681 2829 729 gerest
2856 685 2913 731 te
2940 686 3135 737 maecken

1072 758 1397 810 aenbesteed
1429 766 1528 815 van
1559 772 1851 825 gelijcken
1883 780 1949 827 de
1981 782 2307 835 schemkagie
2338 790 2568 839 Beraamt

844 891 952 938 adij
978 894 1086 942 9:en
1112 896 1246 943 ditto
1273 898 1408 947 hadde
1434 903 1515 950 den
1542 905 1676 952 tolck
1702 907 1864 956 gaerne
1890 912 2106 965 beweecht
2132 921 2213 967 aen
2239 923 2294 969 su
2319 924 2588 970 kingodonne
2615 924 2669 970 te
2695 925 2964 974 versoecken
2991 929 3045 975 om
3071 931 3183 986 sijn

1089 1006 1201 1053 Ed:s
1229 1007 1285 1053 te
1311 1008 1563 1056 bejegenen
1589 1012 1701 1060 ende
1728 1016 2007 1067 verthoonen
2033 1023 2118 1069 hoe
2144 1025 2201 1072 om
2228 1028 2284 1074 de
2311 1029 2617 1083 schenckagie
2644 1038 2811 1084 aenden
2838 1034 3033 1083 keijscr
3060 1027 3173 1079 ende

1084 1103 1307 1153 grooten,
1334 1109 1419 1156 als
1445 1112 1530 1160 ooc
1557 1116 1668 1163 over
1695 1118 1752 1164 de
1779 1120 2088 1176 verlosinghe
2112 1133 2197 1180 der
2224 1136 2308 1183 to:
2335 1139 2669 1195 Nederlanders
2696 1150 2753 1195 in
2780 1151 2919 1196 nambo
2946 1150 3197 1202 gevangen,

1080 1211 1456 1265 dancksegginge
1483 1221 1542 1268 te
1569 1225 1685 1273 doen
1713 1229 1973 1280 herwaarts
2001 1235 2232 1285 gesonden
2260 1241 2377 1290 was,
2403 1245 2520 1291 daer
2548 1246 2664 1292 door
2692 1247 2865 1298 mijnen
2893 1253 3100 1303 persoon

1098 1324 1180 1372 bij
1206 1324 1314 1371 sijn
1341 1325 1449 1371 Ed:s
1475 1325 1639 1377 bekent
1664 1333 1719 1378 te
1745 1334 1960 1385 maacken,
1987 1340 2096 1387 ende
2122 1343 2473 1397 gelegentheijt
2498 1353 2554 1398 te
2579 1354 2768 1403 becomen
2794 1359 2903 1405 onse
2929 1361 3202 1414 versoecken

1091 1434 1149 1481 te
1177 1434 1606 1491 recommandeeren,
1632 1448 1749 1494 doch
1774 1451 1917 1499 heeft
1946 1453 2032 1500 den
2059 1455 2203 1504 tolck
2230 1460 2374 1508 sulcx
2401 1464 2516 1511 niet
2543 1467 2743 1517 geraden
2771 1473 2944 1525 connen
2969 1481 3144 1533 vinden

1081 1530 1162 1576 ooc
1188 1531 1484 1588 voorgevende
1508 1545 1697 1598 buijten
1722 1554 1751 1600 s
1776 1556 1858 1604 til
1883 1560 1938 1606 te
1963 1562 2071 1609 zijn
2097 1564 2206 1611 ende
2231 1567 2285 1614 te
2311 1569 2473 1618 moeten
2498 1573 2687 1622 wachten
2713 1578 2794 1625 tot
2820 1581 3035 1629 geroepen
3060 1585 3222 1633 werden

855 1681 971 1732 adij
998 1679 1114 1725 10:'
1142 1680 1286 1729 ditto
1313 1685 1400 1731 den
1428 1686 1572 1735 tolck
1599 1691 1686 1738 tot
1714 1693 1801 1741 den
1828 1696 2144 1752 Gouverneuir
2172 1707 2659 1772 sabroseijmondonne
2686 1728 2745 1775 en
2772 1732 3145 1785 Tsukingodonme

1091 1780 1334 1830 gesonden
1363 1786 1486 1835 haer
1514 1791 1666 1839 Ed:en
1696 1795 1758 1841 te
1786 1797 2120 1857 indachtigen
2149 1812 2271 1860 onse
2300 1815 2513 1866 saecken
2542 1822 2604 1870 te
2633 1826 2875 1878 gedenken
2906 1833 3057 1883 sulcx
3087 1837 3178 1883 sa

1086 1891 1539 1944 broseijmondonne
1567 1900 1780 1956 sijnent
1806 1911 1959 1962 wegen
1988 1918 2200 1970 aennaem
2229 1926 2322 1974 met
2349 1931 2501 1981 ordre
2530 1937 2711 1987 aenden
2740 1943 2892 1992 tolck
2921 1948 3013 1995 den
3041 1951 3163 2001 heek

1082 1997 1463 2050 sukingodonne
1493 2006 1621 2055 uijt
1651 2012 1843 2065 mijnen
1872 2022 2000 2075 name
2030 2031 2095 2079 te
2124 2036 2442 2095 versoecken
2471 2052 2600 2103 sijn
2629 2060 2756 2107 Ed:t
2788 2060 2978 2108 selffs
3008 2063 3073 2109 hn

1081 2105 1278 2156 persoon
1303 2111 1361 2157 te
1388 2112 1527 2159 mogen
1554 2114 1779 2170 spreeken
1804 2126 1863 2174 en
1887 2131 1944 2177 s'
1971 2133 2138 2183 Comp:s
2165 2139 2362 2194 saecken
2387 2150 2694 2212 verthoonen,
2720 2168 2804 2214 als
2832 2169 3193 2229 ongetwijffelt

1085 2218 1227 2265 beter
1254 2219 1341 2267 dan
1366 2224 1536 2274 vanden
1563 2230 1704 2280 tolck
1731 2236 1788 2282 in
1816 2237 2041 2288 achtinge
2068 2244 2097 2289 /
2124 2245 2323 2296 genomen
2349 2253 2435 2300 sal
2460 2256 2659 2309 werden,
2685 2265 2743 2312 't
2770 2268 2911 2316 welck
2938 2272 3023 2319 den
3050 2274 3193 2322 tolck

1074 2330 1160 2376 aen
1188 2331 1418 2385 gemelten
1445 2341 1560 2388 heer
1588 2343 1932 2395 sukingodonne
1960 2351 2219 2405 soodanigh
2245 2361 2505 2416 versoeht,
2531 2372 2647 2420 ende
2674 2376 2789 2424 voor
2817 2380 3046 2431 antwoord
3074 2385 3161 2433 be

1062 2446 1247 2494 quamen
1275 2450 1487 2499 vermits
1517 2455 1579 2502 de
1607 2458 1850 2510 songuats
1879 2465 2152 2518 grotelijx
2181 2473 2514 2528 geoccupeert
2542 2484 2755 2536 sijnde,
2785 2491 2997 2537 evenwel
3026 2489 3088 2536 de
3117 2487 3209 2533 ge

1078 2566 1378 2613 legentheijt
1404 2567 1705 2620 eenichsints
1731 2576 2004 2628 toelatende
2030 2584 2112 2631 den
2138 2586 2438 2642 Cappitehijn
2464 2598 2520 2644 te
2545 2599 2682 2648 laten
2709 2604 2874 2653 roepen

833 2713 945 2761 adij
972 2712 1085 2759 12:e
1113 2712 1254 2758 ditto
1281 2714 1422 2763 naden
1449 2718 1646 2767 middach
1673 2723 1786 2769 doet
1813 2725 1898 2770 ons
1926 2726 1983 2772 de
2009 2728 2123 2775 heek
2149 2731 2376 2787 stikingo
2402 2744 2543 2792 donne
2570 2748 2739 2800 weten,
2765 2756 2823 2804 op
2849 2760 3019 2812 morgen
3046 2769 3158 2816 voor

1066 2821 1144 2868 den
1168 2822 1350 2870 keijser
1375 2825 1428 2871 te
1453 2827 1789 2877 verschrijnen,
1814 2833 1918 2879 ende
1943 2833 1996 2879 de
2021 2834 2306 2889 schenckagie
2330 2845 2435 2893 over
2459 2849 2512 2895 te
2536 2850 2718 2901 liveren
2743 2857 3054 2912 geordonneert
3079 2867 3186 2915 was,

1074 2927 1352 2977 belastende
1379 2932 1464 2979 mij
1490 2934 1629 2981 degen
1657 2936 1742 2982 den
1768 2938 1908 2986 avond
1935 2941 2157 2991 'tsijnen
2184 2946 2352 2997 huijse
2379 2952 2437 2999 te
2462 2955 2601 3005 laten
2629 2960 2824 3010 vinden,
2851 2966 2990 3014 corts
3018 2969 3131 3015 daer

1058 3035 1147 3082 nae
1176 3037 1295 3083 werd
1324 3038 1414 3085 ons
1442 3041 1620 3090 wegens
1649 3046 1739 3093 den
1767 3048 2064 3102 gouverneur
2092 3058 2625 3121 sabroseijirondonne
2654 3077 2949 3126 Iusgelijcx
2979 3081 3187 3129 'tzelve

1058 3154 1435 3202 geboodschapt
1465 3157 1591 3204 doch
1622 3159 1717 3207 nis
1748 3163 1811 3209 so
1842 3164 2126 3217 absoluijt
2155 3174 2251 3224 als
2280 3179 2533 3230 zeggende
2563 3186 2626 3232 op
2657 3188 2846 3238 morgen
2876 3193 3096 3243 voorden

1064 3271 1259 3320 keijser
1286 3271 1564 3320 revekentie
1590 3276 1647 3322 te
1673 3278 1784 3324 doen
1812 3279 2033 3332 apparent
2061 3287 2117 3334 te
2143 3290 2421 3343 geschieden
2447 3299 2587 3346 stond
2613 3302 2725 3349 niet
2752 3305 2808 3351 te
2835 3306 2918 3354 min
2945 3310 3029 3356 als
3056 3312 3142 3359 off

1047 3392 1244 3438 'tzelve
1272 3393 1469 3439 seecker
1497 3395 1611 3442 ende
1637 3399 1751 3445 vast
1778 3401 1947 3450 gaande
1975 3406 2060 3453 ons
2087 3410 2200 3457 daer
2228 3413 2313 3459 toe
2340 3415 2510 3463 gereet
2537 3419 2594 3465 te
2621 3420 2818 3470 houden,
2846 3425 2903 3471 's
2930 3427 3115 3477 avonts

1058 3507 1210 3557 tegen
1239 3507 1329 3554 den
1358 3509 1568 3555 doncker
1596 3511 1687 3559 tot
1715 3515 2103 3572 sickingodonne
2131 3527 2311 3576 gegaen
2340 3532 2460 3579 naer
2489 3535 2818 3583 verscheijde
2846 3539 3204 3593 complementos

1063 3622 1149 3671 van
1177 3626 1318 3673 weder
1346 3628 1516 3675 sijden
1543 3631 1826 3681 d'oorsaeck
1853 3637 1995 3686 onser
2022 3641 2221 3694 compste
2248 3650 2502 3703 verhaalt,
2528 3655 2643 3702 ende
2671 3657 2784 3705 zijn
2810 3658 2954 3705 Edle
2981 3658 3126 3706 hulpe

1053 3744 1304 3791 versoect
1333 3747 1615 3799 hebbende,
1646 3754 1928 3805 tvolgende
1958 3761 2053 3810 ons
2082 3766 2488 3820 affgesdraacht
2520 3774 2582 3819 te
2613 3774 2775 3825 wesen

1052 3876 1141 3923 off
1170 3875 1230 3922 't
1259 3877 1586 3931 vrijstellen
1614 3886 1705 3934 der
1733 3890 2089 3945 Nederlanders
2118 3898 2238 3945 voor
2265 3899 2386 3946 twee
2414 3901 2563 3948 Jaren
2592 3903 2652 3948 in
2681 3903 2829 3950 nambo
2859 3905 3099 3959 gevangen

1064 4001 1123 4046 de
1151 3999 1210 4045 d'
1239 3999 1357 4046 heer
1384 4002 1678 4052 gouverneur
1705 4009 1940 4059 generael
1968 4015 2056 4061 ten
2084 4016 2289 4064 rechten
2318 4019 2494 4068 bekent
2522 4024 2726 4070 gemaect
2756 4024 2873 4070 ende
2899 4021 3018 4067 vor

1066 4114 1232 4163 comen
1264 4115 1694 4165 gerapporteert
1726 4119 1829 4166 was

2498 4328 2921 4381 antwoord
2971 4338 3079 4385 /.

2821 3783 2885 3831 .
