3703 4828
1363 653 1511 699 ende
1548 653 1660 699 jck
1696 654 1808 701 hem
1845 655 2179 702 gelooven,
2215 653 2401 700 hulpe
2438 651 2698 698 Bewers)
2735 650 2846 696 soo
2882 647 2994 693 wel
3031 647 3180 693 ghij
3216 647 3329 693 als
3365 649 3442 696 u.

1366 751 1765 802 Coopluijden
1801 749 1946 797 hebt
1982 741 2344 794 verlooren,
2379 738 2489 786 als
2525 731 2815 782 ontrooft
2851 729 2960 776 is,
2996 727 3105 774 soo
3139 720 3397 770 cleeden

1376 833 1968 888 coopmanschappen,
2004 818 2410 876 oliphanten,
2446 815 2521 863 en
2557 810 2816 860 anders,
2852 808 3001 855 daer
3038 807 3149 852 van
3186 807 3223 852 ½
3259 807 3481 856 bedrag

1329 938 1490 987 2000
1530 929 1853 982 pardauws
1893 924 2015 973 van
2054 917 2216 967 dese
2252 909 2458 961 pacht
2495 894 2901 954 Jaerlijcks
2940 887 3103 938 sult
3142 880 3466 930 jnhouden

1356 1024 1465 1072 ter
1500 1020 1644 1068 tijt
1679 1018 1787 1065 toe
1821 1015 1931 1063 dat
1966 1007 2217 1060 volgens
2253 1005 2325 1052 d'
2360 993 2756 1049 reeckeninge
2790 989 2934 1037 sult
2969 983 3221 1034 betaelt
3256 976 3474 1027 wesen,

1348 1116 1617 1173 ven
1706 1113 1794 1158 d
1877 1107 2061 1158 er
2132 1099 2238 1147 u
2324 1096 2415 1142 n
2504 1083 2859 1139 vede
2947 1075 3125 1126 ei
3211 1059 3392 1116 ve

1341 1211 1558 1264 een
1629 1199 1918 1254 wden
1963 1185 2278 1238 ende
2349 1180 2495 1229 d'
2567 1164 3000 1222 andere
3071 1159 3360 1207 Cult

1340 1291 1693 1348 ghehouden
1732 1288 1888 1335 sijn
1925 1283 2083 1333 alle
2121 1281 2316 1327 maent
2355 1278 2511 1326 naer
2549 1268 2784 1322 beloop
2818 1258 3017 1312 vande
3054 1246 3449 1301 resterende

1337 1379 1769 1448 dogpardauws
1808 1378 1925 1424 aen
1964 1374 2082 1423 mij
2120 1372 2198 1419 te
2237 1366 2588 1417 betaelen,
2625 1364 2783 1412 oock
2821 1361 2900 1408 is
2938 1356 3017 1404 te
3055 1346 3368 1399 verstaan

1335 1480 1444 1530 dat
1479 1476 1624 1524 alle
1658 1471 1876 1521 groote
1911 1462 2235 1515 oorloogen
2271 1459 2379 1507 die
2415 1459 2487 1505 op
2521 1445 2919 1503 palliacatta
2953 1437 3207 1490 mochten
3242 1434 3495 1481 vallen,

1345 1576 1458 1623 off
1493 1574 1569 1619 te
1605 1572 1755 1619 oock
1791 1568 1904 1616 dat
1940 1559 2201 1612 sommige
2237 1554 2461 1603 Jaeren
2498 1551 2647 1599 geen
2683 1544 2907 1595 reegen
2943 1539 3205 1588 vallen,
3241 1536 3466 1585 dieren

1340 1663 1480 1711 tijt
1515 1662 1656 1708 was,
1691 1660 1901 1706 sulcks
1936 1657 2113 1704 alles
2146 1655 2357 1704 Blijft
2391 1652 2498 1699 tot
2531 1647 2708 1695 onsen
2741 1640 2953 1691 laste,
2988 1635 3129 1684 ende
3163 1632 3269 1680 sal
3304 1632 3411 1679 d=o

1306 1758 1490 1810 pacht
1526 1755 1599 1803 jn
1635 1754 1745 1799 dat
1778 1748 1963 1799 geval
1999 1746 2145 1792 naer
2180 1744 2327 1791 rato
2363 1742 2436 1789 d'
2471 1734 2728 1787 schaede
2762 1729 2910 1778 voor
2944 1725 3055 1772 dat
3088 1719 3237 1769 saij
3273 1717 3458 1766 soen,

1336 1856 1731 1913 vermindert
1770 1846 2047 1900 werden,
2086 1840 2245 1889 ende
2283 1837 2403 1884 met
2441 1833 2561 1882 dit
2599 1824 2917 1877 contract
2956 1818 3153 1867 loopt
3192 1817 3432 1865 winst,

1339 1960 1491 2012 ende
1525 1952 1827 2004 verlies.
1862 1947 2088 1997 beijde
2123 1944 2237 1992 tot
2272 1940 2424 1988 uwen
2461 1937 2685 1985 laste,
2721 1933 2872 1981 ende
2908 1928 3095 1976 bate,
3132 1923 3282 1972 ende
3318 1919 3472 1967 hier

1337 2063 1412 2114 op
1446 2055 1664 2107 moocht
1698 2051 1772 2099 op
1806 2042 1952 2094 mijn
1985 2035 2132 2085 voet
2167 2026 2420 2079 rusten,
2455 2025 2600 2071 ende
2635 2021 2780 2069 doet
2812 2015 3068 2067 grooter
3103 2009 3212 2058 end
3246 2002 3506 2053 meerd=r

1336 2144 1676 2201 coopmans
1718 2143 1845 2190 tot
1885 2141 1930 2189 u
1970 2126 2353 2184 proffijt,
2395 2120 2608 2170 alsoo
2648 2115 2777 2163 dit
2817 2109 2946 2159 een
2986 2099 3243 2153 Couwel
3284 2095 3415 2143 van

1352 2235 1917 2300 verseeckeringh
1956 2230 2078 2279 van
2118 2222 2319 2274 pacht
2358 2216 2479 2265 js,
2518 2212 2600 2259 de
2639 2203 2881 2256 dorpen
2920 2199 3042 2248 van
3078 2192 3363 2243 drican,
3402 2187 3484 2236 en

1336 2344 1573 2403 wansje
1611 2336 1844 2386 wacke,
1883 2328 2273 2381 mitsgaders
2310 2324 2390 2371 d'
2428 2318 2701 2368 verdere
2739 2312 3090 2363 verleende
3128 2306 3285 2356 vrij
3323 2301 3479 2350 ende

1336 2435 1883 2512 gerechticheden
1920 2432 2194 2480 Blijven
2231 2427 2388 2475 voor
2426 2425 2466 2471 u
2502 2420 2621 2470 jnt
2658 2413 2932 2465 geheel,
2969 2404 3243 2458 gelijck
3280 2399 3438 2447 voor

1315 2547 1531 2607 desen,
1564 2539 1673 2590 tot
1706 2524 2065 2581 recognutie
2100 2522 2350 2570 (voord'
2385 2520 2528 2567 twee
2564 2519 2778 2566 dorpen
2812 2511 3063 2562 geweest
3096 2507 3206 2555 is,
3241 2505 3384 2552 miet
3419 2503 3491 2549 de

1342 2642 1463 2692 mij
1501 2631 1898 2688 Jaerlijcks
1937 2618 2374 2675 schenckagie
2411 2617 2531 2664 van
2570 2617 2611 2663 2
2649 2606 2927 2661 paerden
2966 2601 3085 2649 met
3121 2588 3364 2645 andere

1325 2738 1743 2799 rariteijten
1780 2730 2048 2782 doende,
2085 2725 2238 2774 ende
2274 2721 2352 2768 om
2389 2719 2504 2766 dat
2539 2710 2694 2765 ghij
2729 2701 2883 2753 dese
2922 2697 3112 2746 stadt
3150 2691 3417 2742 gepacht

1327 2853 1519 2911 hebt,
1556 2846 1669 2895 soo
1704 2841 1858 2891 sult
1896 2838 2047 2886 ghij
2083 2834 2160 2882 d'
2197 2824 2424 2877 dorpen
2460 2815 2726 2868 arsoer,
2762 2806 3028 2859 auwoer,
3064 2792 3481 2850 ajanabadoer

1336 2951 1709 3002 waweloer,
1749 2950 2122 2998 terraparm
2162 2942 2412 2994 backe,
2450 2927 2824 2984 weunbacke
2864 2920 3032 2972 ende
3072 2909 3487 2964 oponelewai

1318 3055 1608 3114 hebben,
1646 3051 1730 3099 en
1771 3049 1813 3096 t
1851 3042 2140 3091 jncomen
2179 3037 2549 3088 genieten,
2588 3029 2875 3079 gelijck
2915 3020 3202 3073 maleije
3243 3010 3448 3063 gehat

1314 3157 1567 3215 heeft,
1609 3150 1778 3201 mits
1818 3136 2156 3193 jaerlicx
2195 3131 2324 3180 een
2366 3128 2745 3176 oliphant,
2785 3126 2914 3173 een
2942 3116 3208 3170 paert,
3248 3105 3428 3160 ende

1350 3246 1617 3300 andere
1661 3237 2149 3292 schenckagie
2193 3234 2327 3282 aen
2369 3229 2504 3277 mij
2547 3221 2815 3272 doende
2858 3220 2947 3267 —.
