3567 4801
2804 548 2947 598 867

1423 742 1886 799 Sijnsdagh
1936 741 2090 787 den
2140 740 2294 790 5en
2341 734 2598 795 Junij
2649 750 2750 797 Ao
2801 752 3005 801 1646

793 1067 1184 1118 Dageliex
1230 1068 1378 1116 met
1426 1070 1669 1116 groot
1716 1064 2153 1115 verlangen
2201 1064 2445 1112 (doch
2486 1067 2638 1113 tot
2682 1059 2881 1111 noch

892 1177 1426 1229 Overgeeffs)
1471 1174 1524 1222 t
1572 1168 1816 1219 nader
1863 1162 2204 1211 lecours
2252 1162 2398 1208 van
2446 1159 2787 1208 Batavia

2827 1158 2864 1203 -

908 1292 998 1341 t'
1042 1281 1353 1336 gemoedt
1394 1272 1708 1325 gesien,
1742 1268 1841 1317 en
1881 1262 2019 1312 met
2062 1258 2151 1305 'T
2192 1255 2463 1302 halvo.
2506 1242 2995 1301 retourneren

895 1404 1040 1455 van
1085 1393 1378 1446 tschip
1425 1388 1570 1435 den
1614 1377 1812 1433 haan
1859 1374 2053 1421 uijt
2101 1370 2246 1419 St.
2294 1367 2487 1416 Crus
2534 1365 2632 1413 d'
2678 1352 2922 1407 Gaele

888 1537 979 1587 op
1021 1529 1154 1580 19e
1196 1513 1503 1572 passado
1545 1508 1678 1556 ter
1721 1500 1985 1552 rheede
2021 1488 2291 1543 alhier
2333 1486 2378 1532 (
2419 1480 2597 1530 mede
2640 1464 3035 1524 brengende

896 1660 996 1706 40
1012 1648 1343 1701 packen
1392 1629 1891 1692 gebleeckte
1937 1624 2139 1673 ende
2187 1618 2438 1670 rouwe
2485 1602 2935 1660 Lijwaeten

885 1791 1060 1852 1500
1100 1778 1231 1833 stx
1272 1759 1786 1819 rochevellen,
1829 1750 2000 1804 1322
2042 1745 2129 1793 lb
2171 1735 2385 1787 stael
2421 1731 2599 1779 ende
2640 1729 2770 1777 500
2809 1726 2941 1775 p=s

879 1897 1247 1956 Goenijs
1297 1891 1457 1942 van
1509 1873 2085 1934 caijlpatam,
2136 1864 2346 1916 ende
2398 1858 2555 1907 van
2607 1849 2976 1901 carcall

889 2019 1030 2067 als
1069 2004 1585 2065 trinelevaes
1629 2001 1723 2047 39
1769 1989 2047 2046 packen
2092 1970 2509 2032 diversche
2554 1956 3018 2014 Lijnwaeten

875 2149 1065 2204 2028
1111 2140 1206 2191 lb
1251 2122 1533 2183 jndigo
1580 2121 1721 2169 381
1766 2112 1909 2164 stx
1954 2095 2284 2155 slaven,
2329 2089 2425 2139 en
2469 2078 2941 2133 slavinnen)

1192 2088 1242 2134 de

853 2260 1089 2317 weder
1129 2235 1746 2304 gelegentheijt
1790 2222 2215 2280 hebbende,
2262 2214 2404 2266 tot
2448 2191 2921 2257 transpordt

882 2379 1011 2428 der
1052 2361 1312 2422 selver
1353 2356 1483 2404 als
1526 2354 1784 2401 verder
1826 2351 1913 2398 in
1953 2346 2343 2396 voorraedt
2385 2343 2558 2390 ende
2600 2334 3031 2388 aenwesende

893 2504 1141 2555 slaven
1178 2493 1470 2548 cleeden
1511 2486 1676 2537 ende
1717 2480 2006 2531 alhier,
2046 2469 2336 2524 draeght
2374 2465 2501 2513 den
2540 2454 2955 2507 gouverneur

847 2647 991 2706 den
1035 2629 1267 2689 raedt
1311 2619 1498 2673 voor
1543 2613 1729 2663 ende
1774 2606 2005 2658 geeft
2051 2598 2236 2651 haer
2281 2594 2375 2642 E:
2417 2585 2513 2636 jn
2558 2573 2976 2628 bedencken

894 2772 1017 2819 off
1055 2767 1178 2816 men
1217 2754 1462 2812 sonder
1501 2747 1745 2798 langer
1784 2744 1826 2791 t
1865 2737 2068 2787 nader
2107 2724 2392 2781 secours
2431 2719 2554 2768 van
2592 2714 2756 2761 haer
2796 2714 2961 2762 eds

884 2903 1029 2955 all
1072 2897 1171 2946 te
1214 2886 1549 2941 wachten
1596 2884 1644 2930 t
1691 2868 2022 2927 gemelte
2061 2856 2306 2913 schip
2349 2853 2447 2902 d'
2493 2843 2684 2897 haen
2729 2841 2873 2889 Ten

858 3027 1350 3084 principaele
1394 3025 1529 3071 tot
1572 3013 2109 3067 ondtlastinge
2151 3001 2287 3055 der
2329 2987 2599 3044 slaven
2636 2969 2867 3031 (:die

883 3155 1335 3216 dagelijcks
1377 3146 1559 3197 meer
1604 3142 1785 3190 ende
1830 3139 2010 3188 meer
2055 3132 2235 3185 door
2279 3126 2416 3175 den
2459 3099 3008 3167 grasserenden

867 3285 1219 3359 hongers
1259 3268 1515 3325 noodt
1563 3257 1861 3312 alomme
1909 3248 2158 3299 staen
2206 3242 2356 3291 toe
2405 3239 2505 3286 te
2554 3215 3002 3281 vloeijen)

887 3414 1037 3470 van
1080 3402 1281 3457 hier
1327 3384 1672 3444 Buijten
1720 3379 1819 3427 om
1866 3374 1917 3422 t
1964 3353 2357 3415 eijlandt
2404 3336 2749 3395 Sumatra
2794 3326 3012 3377 naer

856 3546 1237 3615 Batavia
1291 3527 1508 3589 niet
1559 3517 1671 3569 en
1723 3489 2158 3558 behooren
2208 3479 2321 3532 te
2373 3458 2973 3522 demitteren.

889 3686 1071 3739 ende
1111 3662 1385 3727 tjacht
1429 3643 1969 3703 grijnskercke
2014 3636 2284 3688 nevens
2323 3626 2420 3683 d'
2458 3595 2775 3657 Chaloup
2813 3584 3048 3640 tleen

886 3809 1250 3881 pijpelij
1293 3776 1883 3852 Jegenwoordigh
1927 3772 2200 3821 alhier
2243 3764 2381 3815 ter
2422 3746 2697 3807 rheede
2741 3736 3015 3790 vruch

875 3953 1214 4016 teloos
1261 3929 1695 3995 liggende)
1741 3912 1983 3971 ander
2029 3901 2223 3954 mael
2268 3891 2464 3945 naer
2509 3876 2848 3933 carcall

840 4089 1038 4141 omme
1074 4081 1184 4132 d'
1232 4060 1575 4125 suijder
1622 4037 2112 4103 quartieren
2158 4028 2258 4077 jn
2304 4012 2502 4070 tans
2550 3995 2867 4052 jouwer

895 4214 1104 4269 ende
1154 4197 1467 4254 madura
1517 4192 1727 4241 naer
1777 4190 1883 4237 d'
1930 4172 2349 4241 presente
2400 4154 2973 4213 Constitutie

889 4356 1034 4407 van
1079 4344 1271 4398 onse
1317 4339 1556 4389 casse
1601 4332 1699 4381 te
1744 4308 2270 4374 secoureren,
2315 4302 2508 4352 daer
2555 4295 2746 4347 door
2789 4281 2889 4337 de

2403 4473 2977 4546 resterende

161 2506 207 2552 n
