3642 4876
515 214 841 277 decembr:
877 206 1002 256 ao.
1042 206 1208 256 1645

867 381 1133 436 Japanders
1161 382 1365 433 plachte
1393 388 1451 435 te
1479 390 1654 441 hebben
1681 397 1914 448 wooryder
1941 403 2087 452 Joncg
2115 408 2176 455 50
2201 412 2377 465 kisten
2404 421 2521 468 gelt
2547 422 2666 471 ende
2693 427 2810 476 dede
2837 433 2927 486 ons

865 509 924 557 de
953 505 1124 554 gratie
1153 505 1239 550 dat
1267 505 1382 551 maer
1410 507 1469 555 25
1495 511 1582 558 nam
1610 514 1725 559 ende
1753 515 1897 563 voort
1924 518 2097 567 tweede
2124 522 2269 574 Schip
2296 530 2355 578 12
2382 535 2468 582 die
2496 538 2784 596 oocgsonder
2809 554 2959 613 tegen

874 633 1057 682 seggen
1085 631 1385 683 begeerden,
1414 639 1534 688 ende
1564 643 1654 690 ons
1683 645 1923 693 anwoorde
1952 649 2013 695 op
2042 652 2370 704 verwachten,
2399 659 2460 707 de
2489 662 2670 711 welcke
2698 667 2972 727 gedachten

814 752 883 800 M:
916 751 985 797 rs
1018 752 1423 807 Broeckhorst,
1456 763 1624 814 dede,
1658 769 1760 817 met
1792 773 1995 821 excuse
2028 776 2129 823 tot
2163 778 2399 827 uytkeer
2432 782 2534 829 van
2567 785 2804 839 meerder
2836 796 2976 848 geld

859 870 976 916 sigh
1005 871 1123 918 niet
1150 875 1559 933 g'anthoriseert
1587 889 1763 937 wondt,
1791 891 1880 936 des
1908 892 1996 939 syn
2025 894 2200 942 maij:t
2229 897 2347 944 sigh
2374 901 2463 947 met
2491 903 2550 949 de
2578 904 2639 953 25
2665 909 2841 960 kisten
2869 911 2930 960 te

856 1006 1001 1054 laten
1029 1006 1491 1063 vernoegendienden
1518 1019 1691 1067 sijnde
1719 1021 1835 1067 nogh
1863 1021 2066 1069 meerder
2093 1025 2180 1073 als
2208 1029 2266 1075 't
2294 1031 2554 1082 voorleden
2581 1037 2812 1086 Saijsoen
2840 1042 2899 1088 in
2924 1044 2963 1095 —

859 1134 984 1181 syde
1014 1135 1169 1184 aende
1199 1140 1354 1191 Comp.
1384 1147 1416 1192 e
1446 1147 1601 1196 hadde
1631 1151 1818 1201 cunnen
1847 1158 2096 1211 voldoen,
2125 1167 2250 1214 ende
2280 1169 2496 1217 wegende
2527 1172 2997 1239 Coopmanschappen

855 1268 1070 1315 hemmede
1100 1267 1378 1316 gebraght,
1407 1272 1501 1320 was
1530 1276 1715 1326 emmers
1745 1282 1838 1329 soo
1868 1284 1993 1331 veel
2022 1288 2145 1336 niet
2175 1291 2360 1342 minder
2390 1298 2484 1348 als
2513 1304 2759 1356 g'eyscht
2789 1312 2981 1364 hadde,

842 1404 971 1451 ende
1002 1403 1067 1449 de
1099 1403 1164 1448 20
1195 1404 1324 1450 stx.
1355 1405 1581 1457 lakenen
1611 1412 1741 1459 voor
1771 1414 1901 1460 sijn
1933 1415 2126 1462 maij:t
2157 1417 2447 1471 tenwollen
2478 1427 2607 1475 mede
2638 1429 2863 1477 gekomen
2893 1426 2961 1476 de

851 1526 1132 1577 Sarassen,
1162 1532 1472 1585 moerissen,
1503 1540 1628 1589 Rits
1658 1544 1814 1592 etc:a
1842 1543 2155 1597 gelieffden
2185 1553 2248 1599 te
2278 1555 2651 1606 considereren
2681 1559 2745 1605 in
2775 1560 2932 1609 Japan

857 1662 993 1709 ofte
1027 1662 1298 1712 Taijonan
1331 1667 1467 1716 niet
1500 1672 1771 1720 gemaect:
1804 1676 1940 1724 maer
1973 1679 2144 1729 vande
2175 1686 2344 1732 Custe
2378 1686 2716 1741 Coromandel
2749 1697 2986 1745 suratte

835 1802 989 1850 ende
1026 1802 1255 1849 Parsia
1293 1803 1447 1849 naer
1483 1806 1751 1860 Batavia
1788 1816 2092 1867 aenonsen
2130 1822 2512 1877 Hollandsen
2548 1834 2779 1886 Prince
2814 1844 2931 1894 ge„

822 1924 1044 1974 „sonden
1074 1930 1296 1983 quamen,
1326 1939 1611 1991 vanwaerse
1642 1946 1737 1995 dan
1768 1951 1895 1998 nogh
1926 1954 2085 2004 eerst
2115 1961 2179 2008 na
2210 1964 2368 2013 Japan
2398 1968 2526 2014 ofte
2557 1970 2811 2021 herwarts
2840 1978 2967 2024 aen—

853 2061 1069 2111 quamen,
1096 2069 1219 2117 daer
1248 2073 1341 2122 tyt
1370 2079 1675 2130 toevandoen
1704 2086 1826 2133 was,
1856 2088 1978 2135 want
2008 2091 2070 2138 de
2099 2094 2312 2144 Suratse
2342 2100 2556 2147 keijsen
2585 2103 2615 2149 5
2646 2104 2676 2149 â
2707 2104 2737 2149 6
2767 2104 2981 2152 maenden

850 2193 1088 2250 duijrden
1115 2207 1234 2255 gins
1262 2210 1381 2258 ende
1409 2213 1499 2261 soo
1527 2217 1646 2266 veel
1673 2221 1909 2271 wederom,
1939 2225 2027 2271 dat
2056 2224 2233 2271 eenvol
2262 2225 2529 2271 Jaermaect
2556 2227 2616 2273 en
2645 2229 2940 2280 dierhalven

849 2331 937 2377 die
965 2332 1200 2388 goederen
1226 2344 1316 2392 als
1343 2349 1547 2398 geseijt
1575 2353 1722 2402 eerst
1750 2356 1838 2402 met
1866 2357 2100 2408 lanckh:t
2128 2364 2216 2409 van
2245 2364 2361 2409 tijt
2390 2364 2449 2409 te
2476 2363 2710 2411 bekomen,
2739 2366 2978 2421 behalven

847 2468 1086 2520 dannogh
1119 2475 1189 2522 de
1221 2478 1733 2538 Jnconvenientien
1766 2493 1869 2542 der
1903 2497 2006 2542 ree
2039 2496 2109 2541 de
2142 2498 2756 2552 Schepenonderwoepen
2790 2506 2927 2554 daer

846 2605 1100 2660 doorgaens
1126 2616 1184 2663 d'
1210 2620 1463 2671 exempelen
1490 2627 1575 2674 van
1601 2630 1853 2680 passeren,
1881 2634 1966 2679 soo
1993 2635 2133 2681 hadde
2161 2636 2245 2682 het
2272 2637 2469 2685 oocqdus
2496 2641 2608 2686 ofte
2636 2641 2721 2686 soo
2748 2642 2945 2692 gestaen

847 2734 939 2786 off
965 2743 1085 2791 sijn
1113 2748 1321 2797 Hoogh:t
1349 2753 1498 2801 aleen
1526 2757 1676 2806 stuck
1704 2762 1852 2810 laken
1881 2766 2029 2815 soude
2058 2770 2235 2818 cunnen
2265 2773 2560 2819 beschicken
2590 2774 2798 2822 hebben,
2826 2776 2944 2823 want

842 2881 909 2929 't
939 2883 1099 2930 Schip
1129 2886 1257 2934 daer
1288 2890 1511 2939 deselve
1542 2895 1670 2943 mede
1701 2898 1796 2944 van
1828 2899 2052 2946 Batavia
2082 2903 2210 2949 voor
2241 2905 2496 2953 soncquin
2526 2909 2687 2957 waren
2715 2911 2971 2963 gekomen,

823 3004 949 3056 door
979 3012 1075 3061 een
1104 3017 1293 3067 tusson
1323 3023 1387 3069 in
1417 3025 1606 3076 prykel
1635 3033 1731 3080 was
1760 3036 2011 3085 geweest,
2041 3039 2198 3087 edogh
2229 3040 2479 3091 behouden
2509 3045 2760 3097 gebleven
2791 3052 2952 3103 allen

830 3146 1074 3198 'twelcke
1104 3153 1226 3201 sijn
1255 3156 1469 3211 hoogh:t
1497 3167 1802 3220 gelieffden
1831 3176 1892 3222 te
1922 3177 2287 3229 considereren
2316 3185 2499 3231 waerop
2528 3187 2893 3234 tenantwoorde
2922 3186 2955 3232 —

839 3287 1083 3339 seggende
1111 3295 1204 3345 de,
1233 3301 1325 3349 het
1354 3304 1475 3351 sijn
1505 3306 1657 3355 maerd
1687 3310 1809 3358 oude
1838 3314 2112 3366 praetjens
2141 3322 2202 3369 en
2231 3325 2293 3372 is
2322 3327 2474 3373 sulcx
2503 3324 2626 3371 alle
2655 3326 2808 3373 Jaren
2836 3319 2960 3374 weer

840 3431 961 3480 aen,
990 3436 1291 3489 dierhalven
1320 3444 1441 3491 daer
1470 3446 1591 3493 niet
1620 3449 1742 3497 meer
1770 3453 2011 3506 nahooren
2041 3462 2222 3511 wilde,
2251 3466 2491 3516 suytende
2521 3471 2612 3516 van
2641 3470 2882 3521 quaeth:t

841 3570 967 3616 ofte
998 3570 1343 3622 vertoornth.
1373 3578 1406 3624 t
1435 3580 1561 3626 (soo
1592 3581 1687 3629 hem
1716 3585 2185 3648 scheentehouden)
2216 3603 2279 3650 de
2310 3605 2498 3654 deuren
2528 3610 2654 3656 voor
2685 3612 2966 3662 onsenense

835 3700 924 3747 toe
951 3701 1129 3747 dattet
1159 3701 1395 3750 clapten,
1423 3706 1512 3752 met
1541 3707 1807 3760 bescheijt
1835 3716 1954 3765 door
1982 3721 2071 3767 een
2100 3722 2277 3772 Capado
2306 3727 2513 3779 aenons,
2541 3735 2630 3782 wel
2658 3737 2867 3788 mochten

835 3817 1095 3864 heengaen
1126 3820 1256 3867 ende
1288 3822 1450 3869 maken
1482 3824 1645 3874 hemde
1676 3830 1743 3877 31
1773 3834 1968 3886 kisten
2000 3841 2130 3891 gelt
2162 3847 2227 3893 te
2259 3848 2615 3901 beschicken,
2647 3856 2745 3903 met
2777 3858 2907 3906 min—

2511 4010 2561 4057 2
2606 4008 2810 4059 ofte

2728 307 2894 369 707
