3410 4985
3182 490 3284 543 Juli

462 457 691 509 Julius
727 458 805 507 ao
841 463 1073 514 1646/.

2478 463 2547 508 Jn
2580 462 2957 514 nangasachij
2990 468 3064 522 /.

1053 710 1296 758 Nankijn,
1325 714 1387 762 de
1416 717 1628 768 Negotie
1657 724 1841 774 alhier
1868 731 2111 778 onbeeijt
2140 734 2292 782 werd,
2321 737 2442 783 ende
2472 738 2774 789 zoodanicgh
2804 744 2895 791 als
2925 746 3139 801 gecomen

1057 826 1271 877 wederom
1301 832 1393 880 sal
1423 835 1547 885 doen
1575 841 1913 898 vertrecken,
1941 854 2004 902 om
2033 858 2247 911 Redenen
2277 866 2370 913 die
2399 869 2493 916 van
2521 873 2736 924 nankijn
2765 879 2888 926 door
2918 881 3011 927 den
3040 883 3169 936 sar„

1052 945 1134 994 tor
1161 949 1593 1007 'tondergebracht,
1619 962 1835 1014 voortaen
1861 969 1970 1018 geen
1996 974 2212 1024 chinesen
2238 980 2346 1026 maer
2373 981 2482 1029 voor
2508 984 2724 1032 tartaren
2751 987 2967 1036 gehouden
2993 992 3188 1053 werden,

1063 1064 1153 1111 met
1182 1066 1333 1114 welke
1362 1070 1514 1118 Iapan
1542 1074 1843 1128 wijthandel
1871 1084 1992 1134 ofte
2021 1089 2471 1144 correspondentie
2501 1099 2651 1144 gehad
2681 1099 2861 1145 heeft,
2890 1101 2981 1146 ooc
3010 1102 3160 1150 voor„

1061 1184 1366 1236 namentlijck
1393 1192 1560 1243 alhier
1586 1199 1810 1250 onbekent
1836 1206 1920 1254 off
1947 1210 2169 1260 geseijde
2196 1216 2417 1264 tartaren
2445 1219 2722 1266 Christenen
2749 1220 2860 1266 ofte
2887 1221 2971 1269 van
2998 1222 3165 1268 andere

1056 1307 1327 1356 Religie
1365 1311 1525 1360 sijn

753 1459 904 1508 adrij
934 1459 1085 1507 28:en
1114 1457 1235 1503 dito
1265 1457 1477 1506 omtrent
1506 1462 1597 1507 den
1626 1462 1838 1512 middael
1867 1467 2051 1524 wierde
2075 1479 2170 1527 mij
2198 1483 2291 1530 een
2319 1487 2561 1537 Bruelken
2590 1493 2712 1543 door
2741 1500 2801 1545 de
2831 1500 3042 1548 tolcken
3072 1503 3164 1551 be„

1076 1570 1312 1622 handicht
1341 1577 1430 1624 bij
1459 1580 1695 1628 schipper
1725 1583 1903 1631 willem
1931 1587 2168 1641 pietersz
2196 1597 2315 1646 dogh
2343 1601 2403 1649 en
2432 1604 2757 1654 Boeckhouder
2785 1609 2963 1659 Gillis
2992 1614 3171 1666 Foppen

1072 1683 1359 1736 getekkent
1391 1691 1487 1737 bij
1518 1692 1710 1740 welcke
1741 1695 1965 1749 missive
1995 1705 2283 1765 vrstonden
2313 1722 2409 1768 met
2440 1723 2664 1771 tsluijt
2695 1726 2855 1772 schip
2886 1726 2950 1773 de
2981 1727 3141 1774 Gulde

1063 1813 1184 1859 vans
1214 1813 1335 1858 uijt
1365 1813 1609 1864 taijouan
1635 1818 1820 1868 quamen
1849 1824 2092 1878 ongevelk
2121 1833 2183 1879 3:
2211 1835 2394 1884 mijlen
2423 1839 2484 1886 te
2514 1839 2849 1887 noordelijck
2877 1843 3152 1893 vervallen

1071 1928 1190 1974 ende
1219 1928 1337 1974 also
1366 1930 1484 1976 door
1513 1932 1866 1988 oncunduteijt
1894 1944 1955 1991 op
1983 1947 2131 1996 26:en
2159 1952 2395 2000 verleden
2424 1956 2601 2003 aldaer
2630 1958 2719 2005 ten
2747 1961 2895 2006 amker
2924 1960 3163 2013 gecomen.

1071 2048 1162 2094 met
1190 2046 1344 2093 wacht
1374 2047 1557 2094 beseth
1586 2050 1770 2098 zijnde
1798 2055 1920 2104 ende
1949 2060 2222 2113 malcander
2252 2068 2375 2115 niet
2403 2071 2648 2120 connende
2676 2077 2919 2124 verstaen
2948 2079 3070 2125 noch
3099 2075 3162 2124 te

1075 2166 1285 2212 vermits
1314 2164 1584 2210 contrarie
1614 2165 1734 2211 wint
1763 2167 1883 2213 niet
1912 2169 2002 2216 nae
2030 2169 2091 2216 de
2121 2169 2241 2217 baij
2270 2173 2331 2222 op
2359 2178 2540 2231 comen,
2568 2187 2628 2233 op
2658 2188 2808 2235 welck
2837 2188 3111 2239 schrijven

1078 2279 1324 2328 terstond
1354 2280 1507 2328 ordre
1537 2282 1629 2329 hoe
1658 2284 1781 2330 haer
1811 2286 1965 2336 tegen
1993 2292 2055 2338 de
2085 2292 2361 2343 Japanders
2389 2298 2451 2344 te
2481 2299 2665 2347 dragen
2694 2302 3121 2349 affgevaerdicht

1079 2397 1271 2445 hebbe,
1298 2398 1492 2446 tegens
1524 2399 1620 2446 den
1651 2401 1812 2451 avond
1842 2408 1970 2455 also
2001 2410 2065 2457 de
2096 2412 2193 2460 win
2223 2416 2354 2466 vrij
2382 2423 2700 2475 wesselijck
2732 2429 2828 2475 was
2858 2428 2987 2474 comt
3018 2430 3117 2478 het

1064 2514 1215 2562 schip
1244 2514 1305 2561 om
1333 2515 1394 2561 de
1423 2515 1574 2563 hoeck
1603 2519 1754 2567 vande
1782 2522 1934 2570 Baij-
1962 2526 2233 2584 derhalven
2261 2540 2352 2587 met
2381 2542 2620 2591 licentie
2650 2546 2830 2592 vanden
2860 2547 3160 2599 gouverneur

1071 2631 1133 2679 om
1162 2628 1223 2675 de
1252 2627 1433 2674 Bruven
1463 2629 1524 2676 te
1551 2631 1793 2680 becomen,
1822 2636 1943 2682 noch
1973 2637 2094 2687 dien
2122 2643 2273 2692 avond
2301 2648 2483 2701 alleen
2512 2658 2722 2706 'tschip
2751 2661 2812 2709 op
2840 2663 2902 2709 de
2932 2662 3052 2708 rede
3081 2661 3172 2707 was

1074 2744 1161 2792 aen
1190 2747 1336 2793 boort
1363 2750 1566 2800 gegaen,
1592 2754 1882 2804 verstonden
1910 2760 1997 2806 mes
2025 2761 2285 2815 leetwesen
2313 2771 2429 2818 uijt
2457 2774 2776 2825 'tschrijven
2803 2781 2890 2826 van
2918 2781 2977 2828 d'
3005 2784 3034 2829 E
3062 2783 3149 2828 h:r

1067 2876 1355 2923 Gouverneur
1384 2878 1615 2925 francois
1641 2879 1787 2925 Caron
1815 2880 1903 2929 den
1930 2885 2046 2932 zeek
2074 2887 2219 2936 slech
2246 2892 2333 2939 ten
2361 2894 2592 2944 toedsand
2620 2900 2706 2945 van
2735 2900 3169 2958 Coopmanschappen

1054 2997 1369 3047 uijtchina,
1400 3002 1558 3049 sulcx
1588 3004 1683 3050 dit
1714 3005 1997 3057 cargasoen
2028 3012 2312 3065 eenelijck
2341 3021 2468 3069 comt
2498 3024 2562 3070 te
2592 3025 2845 3079 Bedragen
2874 3035 2939 3084 gl
2968 3040 3165 3087 87562:

1064 3137 1123 3185 2:
1149 3135 1236 3181 8:o
1264 3133 1519 3180 bestaande
1547 3134 1632 3180 ten
1660 3135 1973 3186 principalen
1999 3143 2057 3190 in
2083 3144 2113 3190 L
2140 3143 2311 3193 30000:
2338 3148 2510 3198 Cattij
2536 3154 2735 3205 poeijer
2762 3159 2990 3206 suijcker
3017 3158 3188 3207 14000:

1077 3263 1141 3313 pr
1169 3260 1413 3307 kennippe
1442 3262 1686 3314 lijwaten
1715 3270 1958 3320 weijnich
1987 3275 2290 3326 persiaense
2320 3281 2441 3327 ende
2472 3282 2684 3328 chinese
2713 3279 2896 3327 zijde,
2925 3274 3108 3325 seijde

1075 3382 1447 3430 stuckwercken
1475 3386 1600 3434 ende
1629 3390 1845 3442 partije
1876 3397 1969 3445 hen
1998 3401 2275 3449 tevellen,
2306 3403 2368 3449 so
2398 3403 2553 3450 waren
2582 3403 2706 3449 mede
2737 3404 2829 3449 opt
2860 3404 3108 3451 vertreck

1069 3502 1164 3549 van
1194 3503 1291 3551 dit
1322 3506 1482 3552 schip
1512 3508 1640 3557 noch
1671 3513 2020 3567 gusscheepen
2051 3523 2148 3571 van
2178 3527 2400 3576 Batavia
2432 3531 2495 3576 in
2527 3531 2781 3580 taijonen
2811 3528 3161 3577 aengecomen,

1058 3626 1185 3677 maer
1214 3627 1338 3675 dese
1368 3628 1554 3679 fluijt
1584 3635 1707 3681 voor
1737 3636 2045 3688 namentlijk
2075 3643 2169 3690 met
2198 3647 2477 3698 insichten
2506 3654 2568 3700 om
2598 3654 2691 3700 den
2720 3651 2937 3700 chuneen
2967 3649 3183 3696 grooten

1068 3747 1295 3799 toevoer
1326 3748 1421 3794 van
1453 3747 1771 3796 zuijckeren
1800 3751 1928 3799 (die
1960 3754 2057 3802 nae
2086 3759 2150 3807 de
2181 3762 2467 3815 geruchten
2498 3771 2657 3819 desen
2688 3773 2817 3821 jare
2847 3777 2943 3823 nae
2973 3779 3133 3827 Japan

1073 3865 1144 3915 te
1177 3864 1314 3910 doen
1347 3865 1620 3914 stonden,
1652 3869 1722 3915 de
1754 3870 1927 3919 merct
1955 3874 2027 3921 te
2060 3877 2333 3928 Bederven
2365 3885 2502 3932 voor
2535 3887 2638 3936 aff
2671 3888 2979 3944 Desondert

3057 3902 3142 3950 —0

821 4019 951 4069 adij
982 4020 1111 4067 29:e
1143 4021 1305 4067 ditto
1335 4018 1466 4067 naer
1497 4017 1662 4067 boord
1690 4023 1886 4070 gegaen
1917 4026 1982 4071 de
2014 4025 2402 4079 monsterringh
2433 4033 2628 4080 gedaen
2659 4031 2789 4079 ende
2819 4023 3081 4074 terstond

1058 4131 1322 4185 Beginnen
1354 4132 1420 4178 te
1453 4133 1649 4180 lossen
1682 4134 1781 4180 men
1813 4133 2240 4183 Regenachtich,
2273 4138 2437 4184 weder

2510 4331 2601 4382 zo
2647 4337 3055 4389 arrivetke

747 385 830 441 a
