3505 4801
822 1039 1032 1091 Wilde
1073 1037 1241 1083 godt
1283 1035 1409 1082 dat
1449 1033 1534 1080 uE
1574 1028 1785 1078 desen
1826 1025 2035 1072 moght
2076 1019 2370 1070 krijgen
2411 1016 2537 1064 met
2578 1000 2957 1060 volcomene

879 1138 1256 1193 gesontheijt
1290 1136 1359 1182 en
1393 1134 1597 1181 leven,
1630 1131 1734 1179 ick
1767 1128 1973 1175 blijve
2005 1122 2246 1173 bereijt
2278 1120 2382 1166 ten
2416 1114 2655 1165 dienste
2689 1113 2792 1159 van
2824 1103 2998 1156 alles

892 1258 1006 1305 dat
1044 1257 1083 1303 u
1118 1254 1159 1301 E
1195 1250 1311 1298 mij
1348 1246 1464 1294 sal
1501 1236 1852 1290 belasten/

870 1424 1015 1472 hier
1051 1427 1124 1473 is
1159 1426 1520 1474 aengecomen
1554 1425 1665 1471 een
1699 1421 1881 1470 schip
1917 1420 2026 1466 van
2061 1413 2458 1465 palliacatte
2494 1413 2566 1458 en
2601 1410 2784 1458 heeft
2819 1411 2892 1458 in

852 1535 1127 1583 genomen
1166 1529 1401 1579 toback
1440 1527 1675 1574 catoen
1714 1526 1792 1571 en
1832 1522 2184 1572 sapanhout
2222 1520 2380 1567 voor
2419 1519 2537 1565 den
2575 1518 2850 1565 nachada
2888 1517 3009 1565 van

809 1639 1082 1688 aRacan,
1120 1638 1238 1684 aen
1276 1636 1473 1683 welck
1511 1633 1707 1680 schip
1744 1632 1863 1679 ick
1900 1624 2058 1675 mijn
2096 1620 2292 1668 volck
2330 1621 2643 1672 gesonden
2682 1622 2877 1672 hebbe
2915 1616 2995 1666 om

881 1751 954 1798 te
988 1745 1170 1793 weten
1206 1745 1279 1791 de
1313 1741 1713 1791 gesontheijt
1747 1738 1858 1786 van
1894 1738 1930 1783 u
1966 1738 2039 1783 E:
2075 1736 2147 1783 en
2183 1736 2256 1781 te
2292 1732 2763 1782 disbarcqueren
2798 1727 2908 1777 den

869 1848 1148 1905 feijtor,
1183 1845 1357 1892 welcq
1389 1843 1633 1891 feijtor
1668 1842 1876 1889 seijde
1910 1841 2050 1887 geen
2083 1836 2362 1886 licentie
2395 1834 2466 1880 te
2500 1829 2708 1879 hebben
2742 1827 2812 1874 om
2846 1822 2917 1871 te

878 1952 1372 2013 disbarcqueren,
1406 1950 1548 1996 daer
1583 1949 1688 1994 nae
1723 1946 1899 1994 hebbe
1933 1943 2040 1990 ick
2074 1939 2180 1987 den
2214 1932 2426 1983 feytor
2460 1929 2707 1977 gebeden
2741 1927 2848 1974 aen
2881 1925 2918 1971 u
2953 1923 2996 1970 E

891 2074 960 2122 te
993 2071 1195 2119 willen
1228 2068 1330 2115 een
1363 2063 1566 2111 brieff
1598 2056 1937 2109 schrijven,
1969 2053 2038 2100 't
2067 2048 2206 2097 zijn
2239 2048 2307 2094 40
2340 2046 2543 2093 Jaeren
2576 2042 2678 2091 dat
2711 2037 2813 2085 ick
2844 2030 2914 2079 de

893 2181 1343 2235 vrientschap
1383 2178 1507 2225 der
1548 2167 1916 2222 Compagnie
1957 2165 2203 2212 gehadt
2243 2158 2489 2210 hebbe,
2527 2155 2612 2203 en
2652 2147 2858 2199 hebbe

886 2303 1109 2356 altoos
1145 2302 1257 2348 van
1294 2298 1443 2347 mijn
1479 2295 1664 2344 zijde
1700 2291 1886 2340 goede
1921 2282 2293 2336 rekenschap
2330 2275 2589 2327 gedaen,
2625 2273 2701 2319 en
2737 2267 2886 2317 daer
2921 2264 2996 2312 is

882 2420 1031 2467 oocq
1063 2415 1252 2465 noijt
1288 2411 1510 2460 eenich
1546 2407 1842 2456 verschil
1878 2395 2174 2451 geweest,
2211 2391 2322 2439 tot
2356 2388 2469 2435 dat
2505 2385 2580 2433 na
2615 2376 2801 2429 desen
2836 2369 2989 2420 mijn

853 2463 1096 2521 volcq

876 2527 1030 2582 int
1068 2525 1220 2572 hoff
1257 2521 1522 2569 zijnde,
1559 2515 1711 2565 dese
1748 2505 2165 2558 verwarringe
2201 2496 2505 2548 gemaeckt
2542 2490 2808 2541 hebben,
2843 2483 2960 2533 een

885 2649 1090 2699 vader
1131 2643 1254 2694 met
1294 2637 1459 2687 zijn
1498 2629 1664 2681 soon
1703 2618 1992 2674 krijght
2032 2614 2156 2662 wel
2196 2605 2484 2658 eenigen
2523 2598 2730 2650 twist
2770 2593 2935 2642 maen

872 2763 1023 2812 s'en
1058 2754 1283 2807 duijrt
1320 2749 1432 2798 met
1470 2747 1693 2794 lange,
1729 2744 1843 2792 uE:
1879 2741 1955 2788 is
1990 2736 2141 2784 oock
2177 2732 2290 2781 een
2326 2725 2477 2776 heer
2512 2718 2626 2768 van
2662 2708 2850 2762 groot

883 2859 1242 2917 vermogen,
1281 2855 1401 2903 die
1439 2851 1598 2899 daer
1637 2844 1836 2895 heeft
1874 2834 2271 2887 verstanten
2310 2825 2627 2877 kennisse
2665 2821 2747 2869 om
2782 2811 2984 2863 weder

881 2972 955 3019 te
991 2963 1359 3016 verlighten
1395 2957 1542 3006 alle
1578 2953 1726 3001 dese
1760 2944 2020 2998 abusen,
2055 2940 2166 2988 ick
2202 2934 2387 2985 hebbe
2422 2931 2534 2977 van
2569 2927 2754 2975 noden
2790 2925 2865 2971 de

876 3070 1126 3124 Comp=e,
1160 3068 1233 3114 en
1266 3064 1340 3111 de
1372 3060 1588 3107 Comp=e
1623 3058 1766 3105 mij,
1801 3057 1908 3103 soo
1943 3056 1979 3102 u
2014 3056 2050 3101 E
2086 3054 2193 3100 mij
2227 3052 2370 3100 hier
2405 3041 2654 3096 gelieft
2688 3038 2761 3086 te
2795 3031 2975 3083 geven

866 3171 1151 3231 geleijde
1185 3166 1396 3216 (:ofte
1431 3163 1677 3211 acces:)
1712 3161 1782 3207 en
1818 3159 1888 3206 de
1922 3154 2309 3203 gepasseerde
2344 3152 2555 3200 dingen
2589 3147 2731 3197 niet
2765 3140 2906 3191 wilt

858 3279 1203 3340 gedencken,
1236 3278 1305 3323 en
1339 3278 1373 3323 u
1408 3277 1476 3323 E:
1510 3275 1613 3322 mij
1646 3273 1715 3319 de
1749 3264 2126 3317 vrientschap
2159 3262 2297 3309 doen
2330 3260 2434 3307 van
2466 3253 2638 3304 weder
2672 3244 3017 3298 Coophandel

875 3392 945 3438 te
979 3389 1186 3436 geven,
1220 3384 1461 3434 gelijck
1495 3382 1565 3429 te
1598 3377 1840 3427 vooren,
1872 3375 1978 3421 ick
2011 3376 2115 3422 sal
2149 3376 2252 3422 als
2286 3374 2390 3421 dan
2424 3373 2528 3419 met
2561 3370 2700 3417 mijn
2734 3366 2975 3414 woorden

869 3495 1006 3549 niet
1038 3482 1407 3538 fallieeren,
1439 3484 1541 3533 ick
1574 3483 1674 3529 sal
1707 3483 1808 3529 bij
1841 3481 1875 3526 u
1907 3478 1976 3525 E.
2008 3474 2209 3524 comen,
2243 3474 2310 3520 en
2341 3473 2410 3520 in
2443 3466 2811 3519 palliacatta
2843 3459 3014 3511 laten

1329 3524 1464 3573 Chittij

1586 3529 1696 3578 doen

872 3588 996 3641 mijn
1025 3583 1148 3633 soon
1176 3576 1389 3627 keesua
1418 3573 1481 3619 en
1509 3574 1600 3623 sal
1691 3577 1751 3622 al
1781 3576 1963 3622 'tgene
1993 3577 2024 3623 u
2050 3577 2114 3624 E:
2143 3575 2235 3622 sal
2263 3572 2386 3618 goet
2415 3569 2627 3616 duncken
2657 3568 2718 3614 in
2748 3562 2992 3613 allerma

865 3687 1077 3742 nieren
1107 3686 1197 3732 sal
1226 3684 1316 3731 ick
1346 3683 1406 3729 de
1435 3680 1616 3729 Comp=e
1645 3678 1705 3724 't
1735 3676 1825 3723 sij
1855 3677 2004 3723 hier,
2034 3676 2094 3722 't
2123 3675 2213 3721 sij
2242 3673 2363 3720 daer
2393 3669 2603 3718 dienen,
2631 3660 2812 3712 sijnde
2841 3656 2902 3704 in

871 3795 1277 3850 palliacatta,
1311 3793 1379 3841 en
1411 3785 1784 3836 tregepatam,
1817 3783 2054 3831 gelijck
2088 3780 2324 3828 altoos,
2357 3779 2426 3824 en
2458 3775 2561 3823 van
2594 3772 2662 3820 te
2693 3763 2899 3816 vooren

872 3920 1057 3972 onsen
1093 3914 1313 3963 handel
1348 3906 1570 3958 gedaen
1606 3903 1863 3950 hebben,
1899 3902 2010 3948 soo
2043 3898 2156 3946 uE:
2191 3890 2376 3941 sulcx
2412 3884 2523 3934 sal
2555 3873 2890 3927 toelaten,

860 4027 1096 4079 'twelck
1129 4024 1264 4072 goet
1297 4021 1365 4068 is
1397 4018 1532 4065 voor
1565 4016 1633 4062 de
1665 4008 1902 4060 Comp=e,
1932 4004 2002 4052 en
2035 3999 2170 4049 voor
2203 3993 2304 4043 mij
2337 3992 2371 4038 u
2405 3992 2438 4038 E
2469 3983 2640 4037 heeft
2672 3980 2774 4028 van
2807 3970 2976 4024 alles

877 4135 1195 4191 kennisse,
1229 4128 1439 4179 daerom
1474 4122 1755 4173 excusere
1788 4118 1895 4166 ick
1930 4116 2070 4162 meer
2105 4113 2386 4161 woorden,
2421 4112 2491 4158 en
2526 4109 2666 4157 alle
2701 4106 2771 4153 de
2806 4100 2997 4150 andre

870 4249 1061 4299 saken
1098 4247 1213 4293 can
1249 4245 1289 4292 u
1326 4243 1403 4289 E:
1439 4237 1745 4288 verstaen
1783 4235 1935 4282 uijt
1972 4233 2087 4279 den
2125 4233 2354 4279 brieff
2389 4232 2505 4279 des
2543 4224 2847 4276 feijtors
2885 4222 2964 4271 in

1600 539 1976 589 Translaet
2017 539 2185 587 uijt
2226 541 2518 589 Millibe
2559 544 2727 592 door
2766 545 3019 598 Chinan

1620 618 1719 667 na
1765 617 2110 666 Chittij
2157 617 2452 664 aenden
2499 615 2843 666 Goubern

1606 711 1683 756 op
1719 705 1876 756 Ewed
1912 700 2185 751 Heussen
2221 695 2645 749 geschreven,
2677 688 2837 740 dato
2875 686 2992 734 27e

1599 784 1813 833 Junij
1854 783 1983 830 ao:
2024 773 2196 826 1646
2235 767 2408 815 uijt
2450 760 2924 811 regenampat.

2762 450 2939 508 994

2700 4338 2859 4387 den

0 541 32 589 ed

0 613 183 659 na
