3642 4883
1302 764 2021 841 Presenterende
2076 763 2788 811 gelegentheijt
2843 764 2953 810 te
3007 762 3341 811 dienen

1325 886 1717 943 tnieuwe
1768 880 2221 931 verbandt
2277 879 2501 928 ende
2557 879 3292 932 verbeteringhe

1301 1007 1452 1058 van
1501 997 1754 1050 gagie
1804 995 1955 1042 den
2005 994 2106 1041 25
2155 993 2408 1040 Junij
2458 994 2560 1040 Ao
2609 994 2811 1042 1646
2861 996 3013 1041 als
3062 997 3422 1055 wanneer

1288 1131 1489 1183 sijn
1538 1113 2091 1174 verplichten
2139 1116 2341 1162 tijt
2389 1119 2590 1165 uijt
2639 1114 2991 1164 geweest
3038 1111 3140 1161 is
3190 1110 3340 1156 aen

1300 1248 1709 1299 vanck
1786 1239 2364 1291 nemende

1238 1502 1674 1555 Paulus
1746 1502 2110 1551 Otten
2180 1502 2401 1549 van
2472 1504 3126 1555 Bolswaert
3197 1503 3357 1553 in

1271 1625 1554 1681 jndia
1609 1613 2005 1667 gecomen
2060 1610 2231 1656 met
2286 1610 2568 1657 jonst
2622 1607 3302 1656 valckenburgh

1263 1752 1373 1805 ao
1424 1739 1639 1793 1638
1690 1732 1906 1782 voor
1953 1726 2493 1776 trompetter
2546 1727 2601 1773 a
2649 1729 2813 1775 120
2866 1730 3400 1782 naderhandt

1271 1868 1766 1936 gevordert
1799 1865 1983 1913 met
2036 1856 2312 1910 gagie
2365 1852 2530 1900 van
2585 1851 2640 1896 ƒ
2694 1846 2804 1895 30
2858 1840 3078 1889 inde
3131 1836 3406 1885 selve

1272 1994 1819 2064 qualiteijt
1855 1989 1982 2038 en
2036 1987 2799 2036 onderstierman,
2852 1978 3399 2030 mitsgaders

1292 2133 1466 2179 tot
1524 2113 2276 2178 opperstierman
2327 2113 2508 2160 met
2564 2116 2738 2162 ƒ46
2796 2115 2970 2162 ter
3027 2107 3375 2158 maendt

1266 2254 1644 2316 hebbende
1689 2247 1785 2298 nu
1830 2240 1972 2291 een
2017 2230 2441 2283 geruijmen
2488 2230 2676 2277 tijt
2722 2232 2816 2278 op
2852 2227 2957 2276 d'
3003 2213 3337 2270 chaloup

1285 2378 1540 2435 cleen
1589 2368 1997 2422 pijpelij
2048 2361 2200 2413 als
2248 2351 2505 2405 hooft
2555 2343 3014 2395 gevaeren,
3063 2343 3269 2392 ende

1260 2494 1691 2563 deurgaens
1737 2488 1928 2538 goet
1975 2477 2356 2530 genougen
2402 2474 2546 2520 van
2593 2472 2784 2518 sijn
2830 2462 3021 2515 doen
3067 2446 3402 2505 gegeven

1254 2628 1518 2681 werdt
1570 2625 1676 2671 op
1729 2613 1940 2668 sijn
1992 2596 2414 2655 vertoogh
2466 2588 2678 2638 ende
2730 2569 3367 2630 bequaemheijt

1284 2752 1563 2805 midts
1616 2731 2117 2797 Expiratie
2169 2722 2505 2775 sijnes
2557 2709 3059 2765 verbandts
3114 2702 3336 2753 ende

1233 2870 1991 2946 Genegentheijt
2047 2858 2281 2911 omme
2337 2854 2454 2901 d'
2511 2851 2570 2898 E
2626 2838 2976 2893 comp„e
3018 2829 3324 2879 onder

1252 3015 1522 3073 goede
1571 2993 2219 3061 verbeteringe
2272 2986 2487 3039 noch
2539 2966 2863 3028 langer
2914 2958 3023 3007 in
3075 2946 3346 3002 jndia

1273 3139 1379 3190 te
1429 3123 1743 3182 dienen
1795 3121 1952 3168 Bij
2000 3106 2265 3164 desen
2314 3101 2421 3149 d'
2470 3094 2681 3143 novo
2733 3096 2942 3142 voor
2993 3076 3255 3142 drije

1248 3247 1584 3304 achter
1638 3238 1806 3289 een
1859 3221 2307 3280 volgende
2361 3211 2642 3265 jaren
2693 3203 2920 3252 inde
2972 3171 3365 3246 voorige

1243 3359 1822 3431 qualiteijdt
1873 3351 2032 3402 van
2084 3334 2769 3396 opperstierman
2820 3331 2927 3378 en
2976 3315 3400 3375 schipper

1247 3487 1825 3557 aengenomen
1878 3476 2113 3530 ende
2169 3454 2746 3518 Belooningh
2803 3452 2976 3498 van
3033 3446 3380 3499 sesen„

1201 3616 1729 3686 „vijfftich
1781 3605 2150 3660 guldens
2202 3600 2360 3649 ter
2412 3596 2728 3644 maendt
2781 3585 3359 3641 toegeleijdt

1254 3764 1477 3825 daer
1530 3753 1751 3806 voor
1773 3738 2243 3795 gehouden
2298 3733 2631 3783 Blijft
2678 3733 2848 3786 soo
2901 3728 3067 3776 wel
3122 3724 3397 3771 tampt

1253 3899 1432 3953 van
1489 3881 1961 3942 schipper
2019 3877 2196 3925 als
2253 3868 3080 3922 opperstiermans
3138 3866 3376 3915 naer

1232 4021 1895 4085 voorvallende
1947 4004 2664 4063 gelegentheijt
2719 4008 2940 4056 waer
2993 4009 3104 4055 te
3159 4007 3435 4055 nemen

1247 4156 1658 4221 tnieuwe
1715 4147 2182 4198 verbandt
2239 4145 2357 4192 en
2414 4142 3114 4191 verbeteringe
3171 4144 3350 4196 van

1251 4287 1489 4342 gagie
1536 4282 1680 4330 den
1727 4277 1871 4326 8„e
1916 4267 2156 4318 julij
2202 4265 2299 4311 ao
2329 4262 2536 4311 1646
2581 4259 2727 4307 als
2774 4255 3107 4302 wanneer
3155 4254 3393 4302 sijne

1240 4405 1845 4471 verplichten
1899 4397 2119 4446 tijt
2174 4397 2395 4442 uijt
2449 4393 2834 4441 geweest
2861 4390 2999 4437 is
3053 4383 3219 4432 aen

1238 4553 1620 4612 vanck
1695 4534 2229 4597 nemende
