<?xml version="1.0" encoding="UTF-8"?>
<PcGts xmlns="http://schema.primaresearch.org/PAGE/gts/pagecontent/2013-07-15">
  <Metadata externalRef="209c1691-f4c4-49a7-92d8-c1f95ba20de4">
    <Creator>Laypa</Creator>
    <Created>2023-09-08T02:20:22</Created>
    <LastChange>2023-09-08T03:38:16</LastChange>
    <Comment>license: CC0</Comment>
    <MetadataItem type="processingStep" name="layout-analysis" value="laypa">
      <Labels>
        <Label value="228a7d24385cff0e51687c00d0e65a2c2a9703d5" type="githash"/>
        <Label value="61334eb4-edff-4af5-b036-b5927f35bbcf" type="uuid"/>
        <Label value="https://hdl.handle.net/10622/VMSCBR" type="laypamodelremote"/>
      </Labels>
    </MetadataItem>
    <MetadataItem type="processingStep" name="region-analysis" value="laypa">
      <Labels>
        <Label value="0a3442b4-835c-44bc-9115-3fd08263a5dc" type="uuid"/>
        <Label value="https://hdl.handle.net/10622/DMAS2T" type="laypamodelremote"/>
      </Labels>
    </MetadataItem>
    <MetadataItem type="processingStep" name="htr" value="loghi-htr">
      <Labels>
        <Label value="9efb3e0ff4338dc6e07d110ac4d435f27f5b0e16&#10;" type="githash"/>
        <Label value="3a9bdaa3-493c-483e-bbb2-f51961b8e5a0" type="uuid"/>
        <Label value="64" type="batch_size"/>
        <Label value="https://hdl.handle.net/10622/X2JZYY" type="loghihtrmodelremote"/>
      </Labels>
    </MetadataItem>
    <MetadataItem type="processingStep" name="word-splitting" value="loghi-htr-tooling"/>
    <MetadataItem type="other" name="dataset" value="https://hdl.handle.net/10622/LVXSBW">
      <Labels>
        <Label value="VOC transcriptions v2 - GLOBALISE" type="name"/>
        <Label value="Dataset in pagexml and txt format, including data card." type="description"/>
        <Label value="https://globalise.huygens.knaw.nl/" type="creator"/>
        <Label value="https://hdl.handle.net/10622/LVXSBW" type="url"/>
      </Labels>
    </MetadataItem>
  </Metadata>
  <Page imageFilename="NL-HaNA_1.04.02_1161_0554.jpg" imageWidth="3567" imageHeight="4883">
    <ReadingOrder>
      <OrderedGroup id="orderedgroup_2d29e8dd-2161-4c8d-91fb-65f8ea923789">
        <RegionRefIndexed index="0" regionRef="region_587eb8af-9864-41a7-a881-cb70fbb87e2f_5"/>
        <RegionRefIndexed index="1" regionRef="region_6e6c92dc-8bc9-4be1-8f82-d15598663946_6"/>
        <RegionRefIndexed index="2" regionRef="region_f76bd2df-3391-46b8-a426-810e9b05a21e_3"/>
        <RegionRefIndexed index="3" regionRef="region_21f71ec0-db8a-43cf-9306-f029f315d3b1_2"/>
        <RegionRefIndexed index="4" regionRef="region_75fd4106-1b6c-4064-aeba-c94b8b9a6185_1"/>
        <RegionRefIndexed index="5" regionRef="region_46532138-de63-4b0e-bb4c-060b8beefc91_4"/>
      </OrderedGroup>
    </ReadingOrder>
    <TextRegion id="region_587eb8af-9864-41a7-a881-cb70fbb87e2f_5" custom="structure {type:header;}">
      <Coords points="1390,714 1372,697 1372,693 1365,686 1362,686 1359,683 1355,683 1348,676 1345,676 1341,672 1338,672 1334,669 1331,669 1327,665 1324,665 1320,662 1310,662 1306,665 1296,665 1292,669 1282,669 1278,672 1258,672 1254,676 1244,676 1237,683 1226,683 1223,686 1160,686 1156,683 1129,683 1125,686 1118,686 1111,693 1108,693 1104,697 1101,697 1094,704 1090,704 1080,714 1080,721 1076,724 1076,735 1080,738 1080,742 1087,749 1090,749 1097,756 1101,756 1111,766 1111,770 1115,770 1118,773 1129,773 1132,777 1160,777 1163,780 1181,780 1184,784 1198,784 1202,780 1216,780 1219,777 1223,777 1230,770 1233,770 1237,766 1244,766 1247,763 1254,763 1258,759 1261,759 1264,756 1268,756 1278,745 1282,745 1289,738 1292,738 1296,735 1303,735 1306,731 1317,731 1320,728 1327,728 1331,724 1355,724 1359,721 1365,721 1369,717 1379,717 1383,714"/>
    </TextRegion>
    <TextRegion id="region_6e6c92dc-8bc9-4be1-8f82-d15598663946_6" custom="structure {type:marginalia;}">
      <Coords points="895,3518 892,3514 864,3514 860,3518 850,3518 846,3521 839,3521 836,3525 829,3525 815,3539 815,3542 812,3546 819,3553 843,3553 846,3549 857,3549 860,3546 867,3546 878,3535 881,3535 885,3532 888,3532 892,3528 892,3525 895,3521"/>
    </TextRegion>
    <TextRegion id="region_f76bd2df-3391-46b8-a426-810e9b05a21e_3" custom="structure {type:paragraph;}">
      <Coords points="1202,784 1209,791 1230,791 1258,798 1278,829 1285,857 1292,867 1285,906 1285,933 1282,937 1282,968 1278,972 1278,1014 1282,1017 1282,1083 1289,1121 1289,1174 1296,1198 1296,1233 1310,1303 1324,1327 1341,1344 1348,1369 1386,1418 1425,1431 1446,1431 1449,1435 1634,1435 1637,1431 1742,1435 1745,1431 1919,1431 1923,1428 2142,1424 2146,1421 2198,1421 2202,1424 2215,1421 2400,1421 2442,1414 2877,1421 2881,1418 2947,1418 2950,1414 3024,1411 3027,1414 3121,1414 3128,1418 3173,1404 3191,1393 3247,1327 3285,1323 3306,1327 3316,1334 3341,1334 3368,1323 3375,1317 3389,1282 3389,1229 3386,1226 3389,1080 3393,1076 3389,986 3393,982 3393,958 3403,930 3403,860 3407,857 3407,825 3417,798 3417,780 3400,717 3375,704 3337,711 3316,724 3267,735 3260,731 3062,731 3027,724 2912,724 2909,721 2874,721 2822,711 2745,707 2741,704 2633,711 2630,714 2585,714 2581,717 2337,717 2334,714 2303,717 2299,714 2142,714 2139,711 2121,714 2010,711 2006,714 1965,714 1961,717 1867,714 1857,717 1784,704 1721,704 1679,714 1627,717 1581,728 1526,724 1522,721 1383,717 1355,728 1331,728 1296,738 1254,766 1237,770 1216,784"/>
      <TextLine id="line_09276152-0a1e-45ee-b2d1-c11f66f66461">
        <Coords points="1205,526 1227,534 1271,534 1311,566 1775,570 1799,591 2108,594 2203,686 2307,686 2323,699 2490,694 2530,734 2698,734 2714,750 2750,751 2806,695 2830,690 2894,738 2950,738 2986,763 2999,762 3054,707 3114,702 3402,698 3463,737 3463,821 3410,821 3393,806 3254,806 3202,830 3098,853 3086,852 3046,813 2838,805 2798,818 2574,817 2555,798 2358,802 2303,853 2219,852 2167,801 1451,805 1403,810 1341,853 1327,845 1205,845"/>
        <Baseline points="1246,783 1296,783 1346,781 1396,781 1446,780 1496,779 1546,778 1596,779 1646,782 1696,782 1746,781 1796,779 1846,778 1896,775 1946,774 1996,773 2046,774 2096,774 2146,773 2196,774 2246,776 2296,775 2346,775 2396,776 2446,776 2496,776 2546,776 2596,776 2646,775 2696,773 2746,774 2796,773 2846,772 2896,774 2946,775 2996,777 3046,777 3096,779 3146,781 3196,783 3246,784 3296,787 3346,790 3396,797 3423,801"/>
        <Word id="word_83aef593-2233-444b-9768-bbb52891d078">
          <Coords points="1246,748 1296,748 1345,746 1396,746 1397,746 1398,791 1396,791 1346,791 1296,793 1246,793"/>
          <TextEquiv>
            <Unicode>Als</Unicode>
          </TextEquiv>
        </Word>
        <Word id="word_107a47ea-6cd0-4033-8a3c-a2de03c6633c">
          <Coords points="1448,745 1495,744 1545,743 1597,744 1648,747 1651,747 1651,792 1645,792 1596,789 1546,788 1496,789 1449,790"/>
          <TextEquiv>
            <Unicode>oock</Unicode>
          </TextEquiv>
        </Word>
        <Word id="word_18adff42-52e2-43e6-9e4f-059c2effc407">
          <Coords points="1701,747 1745,746 1795,744 1845,743 1894,740 1945,739 1995,738 2047,739 2056,739 2056,784 2046,784 1996,783 1946,784 1897,785 1846,788 1796,789 1746,791 1702,792"/>
          <TextEquiv>
            <Unicode>d'goede</Unicode>
          </TextEquiv>
        </Word>
        <Word id="word_3bb6203e-1c39-4565-875d-807c0bbbadc1">
          <Coords points="2106,739 2145,738 2197,739 2247,741 2295,740 2346,740 2397,741 2446,741 2496,741 2546,741 2596,741 2645,740 2695,738 2747,739 2795,738 2815,738 2816,783 2796,783 2746,784 2696,783 2646,785 2596,786 2546,786 2496,786 2446,786 2396,786 2346,785 2296,785 2246,786 2196,784 2146,783 2107,784"/>
          <TextEquiv>
            <Unicode>getuijgenissen</Unicode>
          </TextEquiv>
        </Word>
        <Word id="word_526067d4-eeb2-4759-8295-cde3a2cea5db">
          <Coords points="2870,737 2899,739 2947,740 2997,742 3019,742 3019,787 2996,787 2946,785 2895,784 2866,782"/>
          <TextEquiv>
            <Unicode>die</Unicode>
          </TextEquiv>
        </Word>
        <Word id="word_79fe0c6d-e982-4f23-8da6-c307c64274ba">
          <Coords points="3072,742 3099,744 3147,746 3197,748 3222,749 3221,794 3196,793 3146,791 3095,789 3069,787"/>
          <TextEquiv>
            <Unicode>van</Unicode>
          </TextEquiv>
        </Word>
        <Word id="word_e1c46226-550c-4b70-a9c8-80f89dd93062">
          <Coords points="3275,750 3300,752 3348,755 3401,762 3428,766 3421,811 3395,807 3345,800 3295,797 3271,794"/>
          <TextEquiv>
            <Unicode>hem</Unicode>
          </TextEquiv>
        </Word>
        <TextEquiv conf="0.8809158398042001">
          <Unicode>Als oock d'goede getuijgenissen die van hem</Unicode>
        </TextEquiv>
        <TextStyle xHeight="50"/>
      </TextLine>
      <TextLine id="line_6ec40597-df4c-4a5e-8c0f-c4b78d56b05c">
        <Coords points="1351,848 1401,809 1832,809 1844,800 2124,800 2172,804 2220,852 2303,853 2355,801 2415,788 2559,792 2583,816 2799,817 2839,804 2951,804 2959,812 3042,816 3086,853 3146,845 3250,812 3335,824 3335,907 3082,904 3002,913 2751,913 2703,952 2216,952 2196,939 2152,939 2140,927 1351,924"/>
        <Baseline points="1392,898 1442,898 1492,895 1542,894 1592,894 1642,895 1692,895 1742,896 1792,896 1842,898 1892,899 1942,898 1992,896 2042,896 2092,895 2142,893 2192,892 2242,892 2292,892 2342,891 2392,892 2442,894 2492,893 2542,895 2592,895 2642,895 2692,895 2742,895 2792,894 2842,895 2892,895 2942,894 2992,894 3042,893 3092,893 3142,893 3192,894 3242,892 3292,888 3295,887"/>
        <Word id="word_44881546-780c-44bb-a723-8840c4e41dd9">
          <Coords points="1392,863 1442,863 1490,860 1541,859 1592,859 1643,860 1692,860 1743,861 1773,861 1773,906 1742,906 1692,905 1642,905 1592,904 1542,904 1493,905 1442,908 1392,908"/>
          <TextEquiv>
            <Unicode>Gegeven</Unicode>
          </TextEquiv>
        </Word>
        <Word id="word_8f46a2eb-57e8-47aa-919e-04823a5ea81f">
          <Coords points="1832,861 1847,863 1893,864 1941,863 1991,861 2042,861 2091,860 2141,858 2152,858 2153,903 2142,903 2092,905 2042,906 1992,906 1942,908 1892,909 1841,908 1826,906"/>
          <TextEquiv>
            <Unicode>werden</Unicode>
          </TextEquiv>
        </Word>
        <Word id="word_2926621d-4c41-4b18-a1df-b943a7eb145e">
          <Coords points="2208,857 2242,857 2292,857 2341,856 2371,857 2371,902 2342,901 2292,902 2242,902 2207,902"/>
          <TextEquiv>
            <Unicode>Bij</Unicode>
          </TextEquiv>
        </Word>
        <Word id="word_24e5d509-f74f-4ed1-814f-2f7adfb20a1c">
          <Coords points="2428,858 2445,859 2491,858 2543,860 2592,860 2642,860 2692,860 2697,860 2697,905 2692,905 2642,905 2592,905 2542,905 2492,903 2441,904 2424,903"/>
          <TextEquiv>
            <Unicode>desen</Unicode>
          </TextEquiv>
        </Word>
        <Word id="word_fb81d52e-e487-43f0-9520-c3d452f87be4">
          <Coords points="2750,860 2791,859 2843,860 2892,860 2941,859 2969,859 2969,904 2942,904 2892,905 2842,905 2792,904 2752,905"/>
          <TextEquiv>
            <Unicode>inde</Unicode>
          </TextEquiv>
        </Word>
        <Word id="word_e0227ee2-587f-495e-bdd8-192ef022a9a4">
          <Coords points="3021,859 3040,858 3092,858 3142,858 3193,859 3241,857 3284,854 3289,853 3298,897 3293,898 3242,902 3192,904 3142,903 3092,903 3043,903 3024,904"/>
          <TextEquiv>
            <Unicode>selve</Unicode>
          </TextEquiv>
        </Word>
        <TextEquiv conf="0.9380250060130831">
          <Unicode>Gegeven werden Bij desen inde selve</Unicode>
        </TextEquiv>
        <TextStyle xHeight="37"/>
      </TextLine>
      <TextLine id="line_290dc3f8-0883-4e71-9f39-1dec9f3f6dc4">
        <Coords points="1260,925 2141,924 2153,936 2201,940 2217,956 2448,956 2460,965 2688,961 2705,949 2715,955 2732,944 3207,936 3267,996 3351,1001 3368,1017 3378,1017 3424,976 3424,1058 3379,1102 3339,1102 3327,1114 3147,1105 3108,1069 3024,1069 2996,1057 2952,1066 2768,1065 2740,1049 2608,1050 2600,1058 1661,1058 1625,1094 1260,1089"/>
        <Baseline points="1301,1025 1351,1026 1401,1026 1451,1026 1501,1025 1551,1027 1601,1027 1651,1025 1701,1025 1751,1025 1801,1026 1851,1026 1901,1025 1951,1024 2001,1025 2051,1026 2101,1027 2151,1024 2201,1025 2251,1025 2301,1025 2351,1026 2401,1026 2451,1028 2501,1030 2551,1029 2601,1029 2651,1029 2701,1029 2751,1028 2801,1029 2851,1030 2901,1030 2951,1030 3001,1031 3051,1033 3101,1033 3151,1034 3201,1036 3251,1036 3301,1038 3351,1038 3384,1037"/>
        <Word id="word_90b9a9da-6ba8-4080-8ee4-bf58226f07ed">
          <Coords points="1302,990 1352,991 1401,991 1451,991 1500,990 1552,992 1601,992 1650,990 1701,990 1751,990 1802,991 1809,991 1809,1036 1801,1036 1751,1035 1701,1035 1651,1035 1601,1037 1551,1037 1501,1035 1451,1036 1401,1036 1351,1036 1301,1035"/>
          <TextEquiv>
            <Unicode>qualiteijt</Unicode>
          </TextEquiv>
        </Word>
        <Word id="word_dedeb5b6-cd06-4679-86d6-e744a7f3a7b1">
          <Coords points="1859,991 1900,990 1950,989 2002,990 2013,990 2012,1035 2001,1035 1951,1034 1901,1035 1860,1036"/>
          <TextEquiv>
            <Unicode>van</Unicode>
          </TextEquiv>
        </Word>
        <Word id="word_10bc87b4-4c4b-46e7-8489-f3b540304090">
          <Coords points="2064,991 2102,992 2149,989 2202,990 2251,990 2301,990 2352,991 2401,991 2452,993 2502,995 2520,995 2520,1040 2501,1040 2451,1038 2401,1036 2351,1036 2301,1035 2251,1035 2201,1035 2152,1034 2101,1037 2063,1036"/>
          <TextEquiv>
            <Unicode>Bottelier</Unicode>
          </TextEquiv>
        </Word>
        <Word id="word_95d858ad-e036-41a1-8cbe-4040032bf126">
          <Coords points="2572,994 2601,994 2651,994 2701,994 2750,993 2802,994 2852,995 2901,995 2951,995 3002,996 3052,998 3101,998 3131,999 3130,1044 3101,1043 3051,1043 3001,1041 2951,1040 2901,1040 2851,1040 2801,1039 2751,1038 2701,1039 2651,1039 2601,1039 2571,1039"/>
          <TextEquiv>
            <Unicode>Bevesticht,</Unicode>
          </TextEquiv>
        </Word>
        <Word id="word_86c5babd-8338-4afe-b909-e109b909d204">
          <Coords points="3183,1000 3203,1001 3251,1001 3302,1003 3351,1003 3383,1002 3384,1047 3351,1048 3301,1048 3251,1046 3200,1046 3180,1045"/>
          <TextEquiv>
            <Unicode>ende</Unicode>
          </TextEquiv>
        </Word>
        <TextEquiv conf="0.9565518426368923">
          <Unicode>qualiteijt van Bottelier Bevesticht, ende</Unicode>
        </TextEquiv>
        <TextStyle xHeight="45"/>
      </TextLine>
      <TextLine id="line_6c98545a-4b2d-4b50-9a28-f94dbc7cbe4d">
        <Coords points="1244,1090 1618,1095 1666,1058 2758,1055 2769,1063 2997,1058 3025,1066 3101,1066 3149,1106 3197,1110 3330,1114 3341,1106 3398,1110 3409,1102 3446,1099 3446,1183 3386,1241 3379,1234 3325,1234 3265,1183 3117,1192 3109,1200 2665,1191 2625,1204 2437,1208 2409,1183 2389,1183 2306,1204 2102,1204 2086,1191 2022,1187 1966,1204 1882,1212 1442,1208 1426,1199 1358,1200 1350,1208 1244,1208"/>
        <Baseline points="1285,1163 1335,1161 1385,1159 1435,1158 1485,1158 1535,1158 1585,1156 1635,1156 1685,1155 1735,1154 1785,1153 1835,1152 1885,1150 1935,1150 1985,1151 2035,1153 2085,1155 2135,1155 2185,1157 2235,1157 2285,1157 2335,1156 2385,1156 2435,1156 2485,1155 2535,1155 2585,1154 2635,1154 2685,1153 2735,1151 2785,1151 2835,1152 2885,1151 2935,1151 2985,1152 3035,1153 3085,1153 3135,1154 3185,1154 3235,1156 3285,1157 3335,1158 3385,1161 3406,1162"/>
        <Word id="word_25c570e5-45bd-483f-9130-77cf933b30b7">
          <Coords points="1284,1128 1334,1126 1384,1124 1429,1123 1430,1168 1385,1169 1335,1171 1285,1173"/>
          <TextEquiv>
            <Unicode>een</Unicode>
          </TextEquiv>
        </Word>
        <Word id="word_d91bd29f-0835-41d4-8a10-c4ff9d2ae002">
          <Coords points="1482,1122 1489,1123 1535,1123 1584,1121 1635,1121 1684,1120 1734,1119 1784,1118 1834,1117 1884,1115 1935,1115 1960,1116 1960,1160 1935,1160 1885,1160 1835,1162 1785,1163 1735,1164 1685,1165 1635,1166 1585,1166 1535,1168 1484,1168 1477,1167"/>
          <TextEquiv>
            <Unicode>Belooningh</Unicode>
          </TextEquiv>
        </Word>
        <Word id="word_7642c3cd-ac3a-4e10-8b0f-05339b03c7a3">
          <Coords points="2010,1117 2037,1118 2086,1120 2135,1120 2154,1121 2152,1166 2135,1165 2085,1165 2034,1163 2007,1161"/>
          <TextEquiv>
            <Unicode>van</Unicode>
          </TextEquiv>
        </Word>
        <Word id="word_6d6f34c5-ce83-456b-a7ed-2483b1573c3f">
          <Coords points="2200,1123 2234,1122 2285,1122 2334,1121 2385,1121 2435,1121 2484,1120 2535,1120 2538,1120 2538,1165 2535,1165 2485,1165 2435,1166 2385,1166 2335,1166 2285,1167 2235,1167 2201,1168"/>
          <TextEquiv>
            <Unicode>achtien</Unicode>
          </TextEquiv>
        </Word>
        <Word id="word_84ba0edd-7e83-4475-a6db-6c5dc8bce5b0">
          <Coords points="2586,1119 2635,1119 2684,1118 2734,1116 2785,1116 2836,1117 2884,1116 2924,1116 2924,1161 2885,1161 2835,1162 2785,1161 2735,1161 2685,1163 2635,1164 2586,1164"/>
          <TextEquiv>
            <Unicode>guldens</Unicode>
          </TextEquiv>
        </Word>
        <Word id="word_d57d771d-93a1-409a-bd2f-9d31349fbaaf">
          <Coords points="2975,1116 2988,1117 3036,1118 3085,1118 3117,1119 3117,1164 3085,1163 3035,1163 2984,1162 2971,1161"/>
          <TextEquiv>
            <Unicode>ter</Unicode>
          </TextEquiv>
        </Word>
        <Word id="word_b43a1d81-2b39-4747-9b99-a6bc50d375f7">
          <Coords points="3164,1120 3184,1119 3236,1121 3286,1122 3336,1123 3387,1126 3408,1127 3405,1172 3384,1171 3335,1168 3285,1167 3235,1166 3185,1164 3165,1165"/>
          <TextEquiv>
            <Unicode>maent</Unicode>
          </TextEquiv>
        </Word>
        <TextEquiv conf="0.9389406412535282">
          <Unicode>een Belooningh van achtien guldens ter maent</Unicode>
        </TextEquiv>
        <TextStyle xHeight="46"/>
      </TextLine>
      <TextLine id="line_034285a0-f37c-44ee-b350-ca46fa58a7ae">
        <Coords points="1253,1197 1403,1192 1439,1208 1779,1208 1811,1217 1899,1217 1907,1209 2019,1188 2327,1201 2406,1180 2430,1204 2454,1205 2638,1201 2670,1180 3222,1180 3265,1184 3318,1236 3388,1240 3422,1213 3451,1213 3451,1296 3438,1284 3418,1284 3362,1304 3066,1303 3050,1289 2099,1289 2063,1316 1851,1316 1815,1336 1723,1336 1656,1401 1634,1401 1603,1378 1447,1379 1399,1358 1253,1358"/>
        <Baseline points="1294,1289 1344,1290 1394,1288 1444,1288 1494,1285 1544,1284 1594,1283 1644,1282 1694,1281 1744,1280 1794,1279 1844,1279 1894,1277 1944,1277 1994,1276 2044,1276 2094,1277 2144,1276 2194,1275 2244,1275 2294,1275 2344,1276 2394,1275 2444,1276 2494,1276 2544,1278 2594,1276 2644,1276 2694,1277 2744,1276 2794,1275 2844,1275 2894,1275 2944,1276 2994,1276 3044,1277 3094,1279 3144,1280 3194,1280 3244,1282 3294,1282 3344,1280 3394,1279 3411,1276"/>
        <Word id="word_e04b0d60-04e4-4c84-8908-db65d3d13550">
          <Coords points="1295,1254 1345,1255 1393,1253 1444,1253 1492,1250 1543,1249 1593,1248 1643,1247 1693,1246 1743,1245 1793,1244 1836,1244 1836,1289 1794,1289 1744,1290 1694,1291 1644,1292 1594,1293 1544,1294 1495,1295 1444,1298 1394,1298 1344,1300 1294,1299"/>
          <TextEquiv>
            <Unicode>toegeleijdt</Unicode>
          </TextEquiv>
        </Word>
        <Word id="word_a37600e5-9348-4908-a80e-2d5ad2439d19">
          <Coords points="1877,1245 1887,1243 1944,1242 1993,1241 2044,1241 2095,1242 2143,1241 2193,1240 2244,1240 2294,1240 2345,1241 2376,1240 2377,1285 2344,1286 2294,1285 2244,1285 2194,1285 2144,1286 2094,1287 2044,1286 1994,1286 1944,1287 1896,1287 1887,1289"/>
          <TextEquiv>
            <Unicode>innegaende</Unicode>
          </TextEquiv>
        </Word>
        <Word id="word_5635001b-f954-495c-b027-61d399da547c">
          <Coords points="2430,1240 2447,1241 2494,1241 2526,1242 2524,1287 2494,1286 2443,1286 2425,1284"/>
          <TextEquiv>
            <Unicode>d'</Unicode>
          </TextEquiv>
        </Word>
        <Word id="word_0ece4955-a98f-4e2a-9db6-09de59ea0d5b">
          <Coords points="2568,1245 2588,1241 2644,1241 2695,1242 2743,1241 2793,1240 2844,1240 2894,1240 2945,1241 2994,1241 3045,1242 3095,1244 3145,1245 3194,1245 3215,1246 3213,1291 3194,1290 3144,1290 3094,1289 3044,1287 2994,1286 2944,1286 2894,1285 2844,1285 2794,1285 2744,1286 2694,1287 2644,1286 2596,1286 2576,1289"/>
          <TextEquiv>
            <Unicode>verBeteringhe</Unicode>
          </TextEquiv>
        </Word>
        <Word id="word_50cab4bc-c493-41f2-98d9-355967f62747">
          <Coords points="3262,1248 3293,1247 3343,1245 3393,1244 3404,1242 3412,1286 3394,1289 3344,1290 3294,1292 3263,1293"/>
          <TextEquiv>
            <Unicode>vae</Unicode>
          </TextEquiv>
        </Word>
        <TextEquiv conf="0.8842814790949126">
          <Unicode>toegeleijdt innegaende d' verBeteringhe vae</Unicode>
        </TextEquiv>
        <TextStyle xHeight="42"/>
      </TextLine>
      <TextLine id="c71615c6-5426-4855-bc97-046631080a57">
        <Coords points="1261,1358 1395,1358 1427,1365 1443,1381 1599,1377 1633,1401 1656,1401 1723,1335 1818,1335 1851,1315 2067,1315 2103,1287 3055,1288 3107,1330 3227,1335 3399,1322 3420,1336 3420,1420 3402,1434 3203,1434 3167,1429 3152,1414 2775,1414 2683,1446 2419,1450 2387,1473 1843,1468 1643,1477 1303,1476 1261,1453"/>
        <Baseline points="1302,1416 1352,1416 1402,1414 1452,1414 1502,1414 1552,1413 1602,1412 1652,1411 1702,1411 1752,1410 1802,1409 1852,1407 1902,1406 1952,1404 2002,1402 2052,1401 2102,1404 2152,1404 2202,1404 2252,1403 2302,1403 2352,1403 2402,1401 2452,1400 2502,1398 2552,1397 2602,1397 2652,1397 2702,1396 2752,1396 2802,1398 2852,1398 2902,1396 2952,1394 3002,1393 3052,1394 3102,1396 3152,1397 3202,1395 3252,1395 3302,1395 3352,1397 3380,1400"/>
        <Word id="word_1fd62fc1-facb-419c-9d41-44c37ff52306">
          <Coords points="1302,1381 1352,1381 1401,1379 1452,1379 1502,1379 1551,1378 1568,1378 1569,1423 1552,1423 1502,1424 1452,1424 1402,1424 1352,1426 1302,1426"/>
          <TextEquiv>
            <Unicode>Gagie</Unicode>
          </TextEquiv>
        </Word>
        <Word id="word_fba6ec2a-3225-4d1a-8767-4553d6876882">
          <Coords points="1621,1377 1651,1376 1702,1376 1751,1375 1801,1374 1851,1372 1901,1371 1940,1369 1942,1414 1902,1416 1852,1417 1802,1419 1752,1420 1702,1421 1652,1421 1622,1422"/>
          <TextEquiv>
            <Unicode>vanden</Unicode>
          </TextEquiv>
        </Word>
        <Word id="word_a3e3743d-bfe1-48e6-9313-b9650daa80c8">
          <Coords points="1993,1367 2001,1367 2051,1366 2104,1369 2152,1369 2202,1369 2207,1369 2208,1414 2202,1414 2152,1414 2101,1414 2052,1411 2002,1412 1995,1412"/>
          <TextEquiv>
            <Unicode>18„e</Unicode>
          </TextEquiv>
        </Word>
        <Word id="word_9c7fd51c-773c-4cb7-a819-9a9e74b6ecab">
          <Coords points="2261,1368 2302,1368 2352,1368 2401,1366 2451,1365 2501,1363 2551,1362 2602,1362 2652,1362 2687,1361 2688,1406 2652,1407 2602,1407 2552,1407 2502,1408 2452,1410 2402,1411 2352,1413 2302,1413 2261,1413"/>
          <TextEquiv>
            <Unicode>augustus</Unicode>
          </TextEquiv>
        </Word>
        <Word id="word_2e802faf-1fa3-4814-8995-3ce0ff35ffcc">
          <Coords points="2743,1360 2754,1361 2803,1363 2847,1363 2847,1408 2802,1408 2751,1406 2740,1405"/>
          <TextEquiv>
            <Unicode>ao</Unicode>
          </TextEquiv>
        </Word>
        <Word id="word_fa9afa54-c0a0-48c9-95e4-06b0ccfd22f3">
          <Coords points="2872,1378 2873,1376 2951,1359 3001,1358 3053,1359 3103,1361 3153,1362 3201,1360 3252,1360 3273,1360 3273,1405 3252,1405 3202,1405 3152,1407 3102,1406 3052,1404 3002,1403 2952,1404 2910,1402 2909,1404"/>
          <TextEquiv>
            <Unicode>passado</Unicode>
          </TextEquiv>
        </Word>
        <Word id="word_daf2cbe2-1d17-44ad-b891-cc470c888d79">
          <Coords points="3329,1360 3355,1362 3383,1365 3378,1410 3351,1407 3325,1405"/>
          <TextEquiv>
            <Unicode>—</Unicode>
          </TextEquiv>
        </Word>
        <TextEquiv conf="0.9340513294827526">
          <Unicode>Gagie vanden 18„e augustus ao passado —</Unicode>
        </TextEquiv>
        <TextStyle xHeight="43"/>
      </TextLine>
    </TextRegion>
    <TextRegion id="region_21f71ec0-db8a-43cf-9306-f029f315d3b1_2" custom="structure {type:paragraph;}">
      <Coords points="3368,1592 3337,1574 3236,1581 3208,1588 3125,1574 2992,1578 2961,1571 2835,1567 2738,1581 2637,1588 2567,1588 2543,1581 2132,1592 1752,1585 1585,1602 1341,1613 1324,1637 1324,1647 1313,1661 1317,1675 1303,1693 1292,1724 1296,1766 1292,1801 1285,1815 1289,1832 1278,1867 1264,1884 1268,1923 1282,1964 1275,2044 1268,2065 1268,2239 1261,2267 1216,2344 1216,2375 1233,2417 1233,2469 1216,2487 1212,2501 1240,2556 1261,2741 1278,2793 1278,2947 1296,2999 1341,3037 1376,3051 1453,3068 1564,3079 1891,3065 2250,3068 2323,3061 2665,3058 3274,3068 3334,3061 3365,3051 3382,3030 3389,2995 3389,2598 3379,2490 3379,2410 3368,2323 3375,2226 3372,2055 3375,1982 3389,1891 3389,1728 3386,1675 3375,1651"/>
      <TextLine id="line_2ee37b6b-33b5-4660-b148-e04517bd7c72">
        <Coords points="1394,1494 1420,1494 1428,1486 1548,1486 1556,1478 1843,1465 2638,1469 2674,1481 2690,1496 2894,1496 2934,1533 3165,1528 3185,1548 3381,1553 3392,1545 3418,1562 3418,1645 3397,1627 3317,1643 3225,1643 3173,1690 3133,1694 2778,1698 2746,1710 2650,1710 2638,1701 1759,1701 1716,1718 1694,1710 1669,1718 1660,1709 1548,1709 1512,1734 1452,1750 1437,1765 1424,1754 1394,1754"/>
        <Baseline points="1435,1693 1485,1687 1535,1682 1585,1677 1635,1675 1685,1673 1735,1671 1785,1668 1835,1665 1885,1664 1935,1663 1985,1662 2035,1661 2085,1658 2135,1656 2185,1654 2235,1653 2285,1655 2335,1655 2385,1653 2435,1652 2485,1652 2535,1650 2585,1648 2635,1647 2685,1648 2735,1645 2785,1643 2835,1642 2885,1640 2935,1638 2985,1637 3035,1637 3085,1636 3135,1635 3185,1633 3235,1631 3285,1631 3335,1630 3378,1625"/>
        <Word id="word_db1e2b4b-2335-46e9-ba36-dee4f230a022">
          <Coords points="1431,1658 1481,1652 1532,1647 1582,1642 1615,1641 1617,1686 1586,1687 1536,1692 1486,1697 1436,1703"/>
          <TextEquiv>
            <Unicode>Jan</Unicode>
          </TextEquiv>
        </Word>
        <Word id="word_22973e26-70b8-4e7e-81f7-e582d17de3ab">
          <Coords points="1676,1638 1684,1638 1734,1636 1783,1633 1833,1630 1884,1629 1934,1628 1984,1627 2034,1626 2083,1623 2134,1621 2184,1619 2223,1618 2224,1663 2185,1664 2135,1666 2086,1668 2035,1671 1985,1672 1935,1673 1885,1674 1836,1675 1786,1678 1735,1681 1685,1683 1678,1683"/>
          <TextEquiv>
            <Unicode>theunisen</Unicode>
          </TextEquiv>
        </Word>
        <Word id="word_599b8cb9-f3ba-4582-9d32-55a8ca338e49">
          <Coords points="2319,1648 2320,1651 2335,1620 2384,1618 2434,1617 2464,1617 2464,1662 2435,1662 2385,1663 2335,1665 2275,1656 2275,1653"/>
          <TextEquiv>
            <Unicode>van</Unicode>
          </TextEquiv>
        </Word>
        <Word id="word_e8ab0338-852f-44df-8ff6-e7e036634895">
          <Coords points="2518,1618 2528,1616 2584,1613 2634,1612 2686,1613 2733,1610 2784,1608 2834,1607 2884,1605 2934,1603 2984,1602 3035,1602 3084,1601 3132,1600 3133,1645 3085,1646 3035,1647 2985,1647 2935,1648 2885,1650 2835,1652 2785,1653 2736,1655 2685,1658 2635,1657 2585,1658 2537,1660 2527,1662"/>
          <TextEquiv>
            <Unicode>Coppenhage</Unicode>
          </TextEquiv>
        </Word>
        <Word id="word_9ca2eb17-5167-4b01-8b6c-b3e3f00f3b0f">
          <Coords points="3191,1599 3233,1596 3285,1596 3334,1595 3371,1591 3376,1635 3335,1640 3285,1641 3236,1641 3194,1644"/>
          <TextEquiv>
            <Unicode>int</Unicode>
          </TextEquiv>
        </Word>
        <TextEquiv conf="0.9178300622667221">
          <Unicode>Jan theunisen van Coppenhage int</Unicode>
        </TextEquiv>
        <TextStyle xHeight="64"/>
      </TextLine>
      <TextLine id="line_4f2576ef-e6b2-4819-98de-dc7be8774aae">
        <Coords points="1225,1808 1259,1792 1311,1751 1422,1755 1436,1767 1451,1752 1487,1744 1515,1728 1617,1727 1631,1735 1693,1708 1719,1716 1751,1700 2638,1703 2654,1712 2734,1712 2854,1683 3065,1687 3105,1691 3121,1700 3418,1698 3418,1781 3391,1759 3381,1768 3245,1768 3229,1780 3205,1784 2594,1784 2446,1792 2418,1796 2402,1811 2290,1811 2182,1843 2134,1842 2102,1810 2022,1810 2013,1819 1391,1823 1323,1875 1225,1914"/>
        <Baseline points="1266,1804 1316,1804 1366,1806 1416,1803 1466,1802 1516,1801 1566,1800 1616,1800 1666,1799 1716,1797 1766,1796 1816,1794 1866,1793 1916,1793 1966,1792 2016,1791 2066,1791 2116,1790 2166,1791 2216,1790 2266,1789 2316,1788 2366,1786 2416,1785 2466,1784 2516,1782 2566,1779 2616,1776 2666,1775 2716,1774 2766,1771 2816,1770 2866,1767 2916,1767 2966,1766 3016,1764 3066,1762 3116,1764 3166,1764 3216,1762 3266,1761 3316,1760 3366,1758 3378,1761"/>
        <Word id="word_0dcc9c9d-708d-4c46-8b2c-5ea57d56728a">
          <Coords points="1266,1769 1316,1769 1367,1771 1414,1768 1465,1767 1511,1766 1512,1811 1466,1812 1417,1813 1366,1816 1316,1814 1266,1814"/>
          <TextEquiv>
            <Unicode>landt</Unicode>
          </TextEquiv>
        </Word>
        <Word id="word_574578f1-766c-43b5-9be3-5adc5cb683e6">
          <Coords points="1560,1765 1565,1765 1616,1765 1665,1764 1715,1762 1765,1761 1815,1759 1865,1758 1905,1758 1905,1803 1866,1803 1816,1804 1766,1806 1716,1807 1666,1809 1616,1810 1566,1810 1561,1810"/>
          <TextEquiv>
            <Unicode>gecomen</Unicode>
          </TextEquiv>
        </Word>
        <Word id="word_9f30c9e6-daa7-4614-88cb-9eb7a1f4a3b9">
          <Coords points="1951,1758 1963,1757 2015,1756 2066,1756 2101,1755 2101,1800 2066,1801 2016,1801 1967,1802 1955,1803"/>
          <TextEquiv>
            <Unicode>met</Unicode>
          </TextEquiv>
        </Word>
        <Word id="word_5a2b5f72-dfb6-421b-9bfd-bde0db77b4e1">
          <Coords points="2154,1755 2170,1756 2215,1755 2265,1754 2315,1753 2365,1751 2395,1750 2396,1795 2366,1796 2316,1798 2266,1799 2216,1800 2165,1801 2149,1799"/>
          <TextEquiv>
            <Unicode>schip</Unicode>
          </TextEquiv>
        </Word>
        <Word id="word_ea8b2aa8-1d2a-4f80-a12d-5547198be26a">
          <Coords points="2444,1749 2465,1749 2515,1747 2564,1744 2614,1741 2665,1740 2715,1739 2738,1738 2740,1783 2716,1784 2666,1785 2617,1786 2567,1789 2516,1792 2466,1794 2445,1794"/>
          <TextEquiv>
            <Unicode>Breeda</Unicode>
          </TextEquiv>
        </Word>
        <Word id="word_0f07102d-59fb-4e25-b801-96f6843ed77f">
          <Coords points="2789,1735 2816,1735 2864,1732 2887,1732 2887,1777 2867,1777 2816,1780 2789,1780"/>
          <TextEquiv>
            <Unicode>Ao</Unicode>
          </TextEquiv>
        </Word>
        <Word id="word_ca0b3617-e932-49f7-8c05-cd15c7e6b403">
          <Coords points="2935,1732 2965,1731 3015,1729 3065,1727 3117,1729 3133,1729 3133,1774 3116,1774 3066,1772 3016,1774 2966,1776 2936,1777"/>
          <TextEquiv>
            <Unicode>1643</Unicode>
          </TextEquiv>
        </Word>
        <Word id="word_6ce5b7e8-f107-4f6e-915e-739decb3c69a">
          <Coords points="3180,1729 3214,1727 3265,1726 3315,1725 3365,1723 3386,1727 3375,1771 3366,1768 3316,1770 3266,1771 3217,1772 3182,1774"/>
          <TextEquiv>
            <Unicode>voor</Unicode>
          </TextEquiv>
        </Word>
        <TextEquiv conf="0.927689575618658">
          <Unicode>landt gecomen met schip Breeda Ao 1643 voor</Unicode>
        </TextEquiv>
        <TextStyle xHeight="35"/>
      </TextLine>
      <TextLine id="line_50dd4bf4-0c9c-46ef-8202-4019cb5d238c">
        <Coords points="1243,1909 1325,1874 1393,1822 1553,1826 1561,1818 1650,1818 1661,1807 2017,1802 2025,1810 2105,1810 2140,1845 2205,1838 2289,1811 3048,1817 3056,1825 3392,1829 3421,1842 3421,1925 3392,1914 2808,1919 2768,1923 2760,1931 2680,1931 2592,1959 2097,1959 2061,1971 1813,1970 1713,2026 1701,2018 1533,2018 1509,2030 1469,2029 1441,2005 1417,1997 1389,1970 1243,1971"/>
        <Baseline points="1284,1950 1334,1949 1384,1945 1434,1940 1484,1938 1534,1934 1584,1931 1634,1929 1684,1928 1734,1928 1784,1928 1834,1926 1884,1924 1934,1922 1984,1922 2034,1921 2084,1920 2134,1919 2184,1920 2234,1919 2284,1918 2334,1917 2384,1917 2434,1916 2484,1915 2534,1915 2584,1914 2634,1912 2684,1913 2734,1912 2784,1912 2834,1911 2884,1909 2934,1909 2984,1909 3034,1909 3084,1909 3134,1911 3184,1910 3234,1909 3284,1907 3334,1905 3381,1905"/>
        <Word id="word_0d16bc47-5912-4a87-9159-a8e00a68fb24">
          <Coords points="1283,1915 1333,1914 1381,1910 1431,1905 1483,1903 1531,1899 1582,1896 1633,1894 1683,1893 1734,1893 1774,1893 1774,1938 1734,1938 1684,1938 1634,1939 1585,1941 1535,1944 1484,1948 1435,1950 1385,1955 1334,1959 1284,1960"/>
          <TextEquiv>
            <Unicode>Bosschieter</Unicode>
          </TextEquiv>
        </Word>
        <Word id="word_6382f486-af02-4410-ad4c-054d9fb544da">
          <Coords points="1814,1893 1829,1891 1862,1890 1864,1935 1835,1936 1820,1938"/>
          <TextEquiv>
            <Unicode>a</Unicode>
          </TextEquiv>
        </Word>
        <Word id="word_f33a031b-b9cc-4f84-a024-31ff22cae4d1">
          <Coords points="1907,1888 1933,1887 1953,1887 1953,1932 1934,1932 1908,1933"/>
          <TextEquiv>
            <Unicode>ƒ</Unicode>
          </TextEquiv>
        </Word>
        <Word id="word_2d4a7e62-8609-4713-9d61-3c98b28cf21f">
          <Coords points="1996,1887 2033,1886 2083,1885 2086,1885 2087,1930 2084,1930 2034,1931 1998,1932"/>
          <TextEquiv>
            <Unicode>12</Unicode>
          </TextEquiv>
        </Word>
        <Word id="word_1223fec3-4c3f-439d-98eb-519d3f6cd4ca">
          <Coords points="2131,1884 2133,1884 2185,1885 2233,1884 2264,1883 2265,1928 2234,1929 2184,1930 2134,1929 2131,1929"/>
          <TextEquiv>
            <Unicode>pr.</Unicode>
          </TextEquiv>
        </Word>
        <Word id="word_f7bcd0b2-4859-4996-9210-05a13900f26a">
          <Coords points="2309,1882 2333,1882 2384,1882 2433,1881 2483,1880 2534,1880 2577,1879 2578,1924 2534,1925 2484,1925 2434,1926 2384,1927 2334,1927 2310,1927"/>
          <TextEquiv>
            <Unicode>maendt</Unicode>
          </TextEquiv>
        </Word>
        <Word id="word_733f827a-d1de-432a-887f-c4e737e68669">
          <Coords points="2619,1878 2630,1877 2685,1878 2733,1877 2784,1877 2833,1876 2883,1874 2934,1874 2979,1874 2979,1919 2934,1919 2884,1919 2834,1921 2784,1922 2734,1922 2684,1923 2635,1922 2623,1923"/>
          <TextEquiv>
            <Unicode>hebbende</Unicode>
          </TextEquiv>
        </Word>
        <Word id="word_525481b1-9bac-4315-ac4b-f415f827218d">
          <Coords points="3024,1874 3034,1874 3084,1874 3135,1876 3183,1875 3233,1874 3283,1872 3333,1870 3381,1870 3381,1915 3334,1915 3284,1917 3234,1919 3184,1920 3134,1921 3084,1919 3034,1919 3024,1919"/>
          <TextEquiv>
            <Unicode>t'sedert</Unicode>
          </TextEquiv>
        </Word>
        <TextEquiv conf="0.8707677620974974">
          <Unicode>Bosschieter a ƒ 12 pr. maendt hebbende t'sedert</Unicode>
        </TextEquiv>
        <TextStyle xHeight="50"/>
      </TextLine>
      <TextLine id="line_4cc93079-d4e8-49f3-93c6-2a33c9149813">
        <Coords points="1240,1968 1390,1968 1439,2012 1710,2024 1754,2005 1789,2005 1825,1969 2073,1969 2105,1957 2609,1957 2637,1948 2737,1948 2749,1960 3280,1969 3436,1964 3448,1976 3481,1977 3481,2060 3452,2061 3416,2096 3392,2091 3076,2100 3060,2091 2861,2091 2853,2083 2777,2083 2717,2100 2621,2104 2610,2115 2501,2115 2465,2087 2229,2087 2221,2079 1240,2075"/>
        <Baseline points="1281,2066 1331,2061 1381,2061 1431,2060 1481,2060 1531,2059 1581,2061 1631,2060 1681,2059 1731,2059 1781,2059 1831,2059 1881,2059 1931,2059 1981,2059 2031,2058 2081,2057 2131,2057 2181,2056 2231,2057 2281,2055 2331,2053 2381,2053 2431,2053 2481,2053 2531,2052 2581,2051 2631,2050 2681,2049 2731,2048 2781,2048 2831,2046 2881,2046 2931,2045 2981,2046 3031,2045 3081,2045 3131,2045 3181,2045 3231,2043 3281,2043 3331,2043 3381,2043 3431,2039 3441,2040"/>
        <Word id="word_8962a22b-9a9b-4dac-9e0b-22baa93ce1c8">
          <Coords points="1278,2031 1328,2026 1381,2026 1430,2025 1481,2025 1510,2024 1511,2069 1481,2070 1431,2070 1381,2071 1332,2071 1282,2076"/>
          <TextEquiv>
            <Unicode>medio</Unicode>
          </TextEquiv>
        </Word>
        <Word id="word_607ef1e7-2cb8-4f7b-a4bb-8727c0cb4bae">
          <Coords points="1560,2024 1585,2026 1630,2025 1680,2024 1731,2024 1781,2024 1831,2024 1878,2024 1878,2069 1831,2069 1781,2069 1731,2069 1681,2069 1631,2070 1580,2071 1556,2068"/>
          <TextEquiv>
            <Unicode>novemb.</Unicode>
          </TextEquiv>
        </Word>
        <Word id="word_9c49b1f6-5131-4e00-96a7-96f930672bb9">
          <Coords points="1924,2024 1931,2024 1981,2024 2015,2023 2016,2068 1981,2069 1931,2069 1924,2069"/>
          <TextEquiv>
            <Unicode>ao</Unicode>
          </TextEquiv>
        </Word>
        <Word id="word_13e1fab4-545d-44d2-bb5b-149f4104d5d1">
          <Coords points="2061,2022 2080,2022 2131,2022 2180,2021 2232,2022 2245,2021 2246,2066 2231,2067 2181,2066 2131,2067 2081,2067 2062,2067"/>
          <TextEquiv>
            <Unicode>1644</Unicode>
          </TextEquiv>
        </Word>
        <Word id="word_77229b92-fb07-4533-bd37-9fd2a55f74da">
          <Coords points="2291,2020 2330,2018 2381,2018 2431,2018 2481,2018 2521,2017 2522,2062 2481,2063 2431,2063 2381,2063 2331,2063 2292,2065"/>
          <TextEquiv>
            <Unicode>tampt</Unicode>
          </TextEquiv>
        </Word>
        <Word id="word_bfa47b95-024b-485b-9746-ed6a476e7671">
          <Coords points="2567,2016 2580,2016 2630,2015 2680,2014 2705,2014 2706,2059 2681,2059 2631,2060 2581,2061 2568,2061"/>
          <TextEquiv>
            <Unicode>van</Unicode>
          </TextEquiv>
        </Word>
        <Word id="word_ebd9cba6-681a-4424-a45e-924a495aade9">
          <Coords points="2752,2013 2781,2013 2830,2011 2881,2011 2930,2010 2981,2011 2982,2011 2982,2056 2981,2056 2931,2055 2881,2056 2831,2056 2781,2058 2751,2058"/>
          <TextEquiv>
            <Unicode>schie</Unicode>
          </TextEquiv>
        </Word>
        <Word id="word_4ffd3108-1d98-419d-8855-bf95e15813b1">
          <Coords points="3027,2010 3030,2010 3081,2010 3131,2010 3181,2010 3230,2008 3281,2008 3331,2008 3381,2008 3428,2004 3444,2005 3440,2050 3432,2049 3381,2053 3331,2053 3281,2053 3231,2053 3181,2055 3131,2055 3081,2055 3031,2055 3028,2055"/>
          <TextEquiv>
            <Unicode>mansmaet:</Unicode>
          </TextEquiv>
        </Word>
        <TextEquiv conf="0.8761099771170562">
          <Unicode>medio novemb. ao 1644 tampt van schie mansmaet:</Unicode>
        </TextEquiv>
        <TextStyle xHeight="40"/>
      </TextLine>
      <TextLine id="line_3d6c292a-6059-4db3-89f3-b07569f1d25c">
        <Coords points="1243,2093 1349,2093 1385,2106 2460,2085 2480,2094 2611,2093 2620,2102 2688,2102 2776,2082 2852,2081 2860,2089 2896,2093 3067,2093 3079,2102 3392,2090 3415,2103 3456,2103 3456,2186 3403,2186 3375,2203 3323,2199 3263,2250 3179,2250 3143,2222 2328,2231 2321,2238 2276,2238 2260,2226 1908,2231 1901,2238 1243,2230"/>
        <Baseline points="1284,2181 1334,2184 1384,2182 1434,2182 1484,2184 1534,2184 1584,2185 1634,2186 1684,2185 1734,2184 1784,2184 1834,2184 1884,2184 1934,2184 1984,2184 2034,2183 2084,2182 2134,2183 2184,2183 2234,2182 2284,2181 2334,2181 2384,2181 2434,2180 2484,2179 2534,2179 2584,2177 2634,2177 2684,2175 2734,2173 2784,2172 2834,2172 2884,2171 2934,2171 2984,2169 3034,2169 3084,2169 3134,2168 3184,2167 3234,2166 3284,2166 3334,2165 3384,2165 3416,2166"/>
        <Word id="word_d4332955-1882-49e0-8b38-7ac2231cb6cc">
          <Coords points="1286,2146 1336,2149 1383,2147 1423,2147 1423,2192 1384,2192 1333,2194 1283,2191"/>
          <TextEquiv>
            <Unicode>tot</Unicode>
          </TextEquiv>
        </Word>
        <Word id="word_bdfb00d8-e8b6-4737-8ac5-6c75abe81c09">
          <Coords points="1474,2147 1489,2149 1534,2149 1585,2150 1635,2151 1683,2150 1700,2150 1701,2195 1684,2195 1634,2196 1584,2195 1534,2194 1483,2194 1468,2192"/>
          <TextEquiv>
            <Unicode>goedt</Unicode>
          </TextEquiv>
        </Word>
        <Word id="word_b6c1284e-70fd-4524-aea4-fcba1ddd88ee">
          <Coords points="1748,2149 1784,2149 1834,2149 1884,2149 1934,2149 1984,2149 2033,2148 2083,2147 2119,2148 2118,2193 2084,2192 2034,2193 1984,2194 1934,2194 1884,2194 1834,2194 1784,2194 1747,2194"/>
          <TextEquiv>
            <Unicode>genougen</Unicode>
          </TextEquiv>
        </Word>
        <Word id="word_42239ee6-87a1-4fe0-b143-edddbb996e57">
          <Coords points="2163,2149 2183,2148 2233,2147 2283,2146 2334,2146 2350,2146 2350,2191 2334,2191 2284,2191 2234,2192 2184,2193 2165,2194"/>
          <TextEquiv>
            <Unicode>ende</Unicode>
          </TextEquiv>
        </Word>
        <Word id="word_5243e2f8-4358-41c6-947f-8c12933d8dc6">
          <Coords points="2395,2146 2433,2145 2483,2144 2534,2144 2583,2142 2634,2142 2683,2140 2733,2138 2783,2137 2834,2137 2883,2136 2934,2136 2983,2134 2999,2134 2999,2179 2984,2179 2934,2181 2884,2181 2834,2182 2784,2182 2734,2183 2684,2185 2634,2187 2584,2187 2534,2189 2484,2189 2434,2190 2397,2191"/>
          <TextEquiv>
            <Unicode>Contentemendt</Unicode>
          </TextEquiv>
        </Word>
        <Word id="word_3c1a6a2c-508b-4a53-8f89-8ba803a67cc0">
          <Coords points="3045,2134 3084,2134 3133,2133 3183,2132 3183,2132 3184,2177 3184,2177 3134,2178 3084,2179 3045,2179"/>
          <TextEquiv>
            <Unicode>van</Unicode>
          </TextEquiv>
        </Word>
        <Word id="word_725fcee4-0432-45be-89b7-b3df4d7b625b">
          <Coords points="3230,2131 3233,2131 3284,2131 3333,2130 3384,2130 3417,2131 3416,2176 3384,2175 3334,2175 3284,2176 3234,2176 3231,2176"/>
          <TextEquiv>
            <Unicode>sijn</Unicode>
          </TextEquiv>
        </Word>
        <TextEquiv conf="0.9563972633320954">
          <Unicode>tot goedt genougen ende Contentemendt van sijn</Unicode>
        </TextEquiv>
        <TextStyle xHeight="44"/>
      </TextLine>
      <TextLine id="line_912ec11b-2ac5-49a7-8e9b-b86884aa045a">
        <Coords points="1172,2227 1414,2227 1466,2231 1474,2239 1901,2240 1921,2228 1977,2215 2169,2215 2177,2223 2257,2223 2277,2240 2320,2240 2328,2232 2396,2232 2444,2199 2476,2211 2512,2211 2520,2219 2956,2215 2984,2223 3145,2223 3179,2252 3255,2252 3303,2219 3379,2219 3408,2231 3408,2314 3379,2295 3370,2304 3275,2316 3139,2312 2840,2320 2776,2375 2692,2370 2416,2379 2404,2378 2388,2362 1881,2362 1833,2371 1470,2366 1433,2396 1422,2387 1354,2394 1172,2394"/>
        <Baseline points="1213,2357 1263,2348 1313,2344 1363,2342 1413,2340 1463,2338 1513,2336 1563,2334 1613,2335 1663,2335 1713,2334 1763,2333 1813,2332 1863,2332 1913,2330 1963,2329 2013,2329 2063,2328 2113,2326 2163,2326 2213,2324 2263,2322 2313,2322 2363,2323 2413,2320 2463,2318 2513,2318 2563,2317 2613,2316 2663,2316 2713,2315 2763,2313 2813,2311 2863,2310 2913,2309 2963,2308 3013,2307 3063,2306 3113,2306 3163,2305 3213,2305 3263,2303 3313,2301 3363,2296 3368,2294"/>
        <Word id="word_c50ca284-af03-4cc7-993d-3105c45ed6c4">
          <Coords points="1207,2323 1257,2314 1310,2309 1362,2307 1412,2305 1462,2303 1512,2301 1562,2299 1572,2299 1571,2344 1563,2344 1513,2346 1463,2348 1413,2350 1363,2352 1314,2354 1265,2358 1215,2367"/>
          <TextEquiv>
            <Unicode>meerder</Unicode>
          </TextEquiv>
        </Word>
        <Word id="word_06a9d34d-bbd0-429c-9dbd-4169a3dde967">
          <Coords points="1623,2300 1663,2300 1712,2299 1762,2298 1812,2297 1863,2297 1912,2295 1962,2294 2013,2294 2062,2293 2112,2291 2163,2291 2186,2290 2188,2335 2163,2336 2113,2336 2063,2338 2013,2339 1963,2339 1913,2340 1863,2342 1813,2342 1763,2343 1713,2344 1663,2345 1623,2345"/>
          <TextEquiv>
            <Unicode>waergenomen</Unicode>
          </TextEquiv>
        </Word>
        <Word id="word_903b8649-9e6e-442f-a57c-7739d7d34870">
          <Coords points="2238,2288 2262,2287 2313,2287 2364,2288 2411,2285 2462,2283 2496,2283 2496,2328 2463,2328 2414,2330 2363,2333 2313,2332 2263,2332 2239,2333"/>
          <TextEquiv>
            <Unicode>werdt</Unicode>
          </TextEquiv>
        </Word>
        <Word id="word_9bfd78e7-4ae5-48eb-8f65-c133c4a8ada7">
          <Coords points="2545,2283 2561,2282 2612,2281 2650,2281 2650,2326 2613,2326 2564,2327 2548,2328"/>
          <TextEquiv>
            <Unicode>op</Unicode>
          </TextEquiv>
        </Word>
        <Word id="word_90e095de-4691-4e2a-85e1-cc8e7ffeee18">
          <Coords points="2698,2281 2710,2280 2762,2278 2812,2276 2862,2275 2906,2274 2907,2319 2863,2320 2813,2321 2763,2323 2714,2325 2702,2326"/>
          <TextEquiv>
            <Unicode>sijn</Unicode>
          </TextEquiv>
        </Word>
        <Word id="word_a8f37d1a-e176-4780-a69b-d9f49689ec19">
          <Coords points="2957,2273 2962,2273 3012,2272 3062,2271 3113,2271 3162,2270 3213,2270 3262,2268 3312,2266 3355,2262 3360,2261 3372,2303 3364,2306 3313,2311 3263,2313 3213,2315 3163,2315 3113,2316 3063,2316 3013,2317 2963,2318 2958,2318"/>
          <TextEquiv>
            <Unicode>vertoogh</Unicode>
          </TextEquiv>
        </Word>
        <TextEquiv conf="0.9518339469121125">
          <Unicode>meerder waergenomen werdt op sijn vertoogh</Unicode>
        </TextEquiv>
        <TextStyle xHeight="44"/>
      </TextLine>
      <TextLine id="d33efd70-3610-48bb-9709-2a9d44fc7bf5">
        <Coords points="1231,2394 1361,2393 1397,2397 1422,2409 1469,2365 1509,2365 1525,2373 1813,2374 1825,2365 1881,2361 2388,2361 2404,2377 2416,2378 2776,2374 2795,2366 2840,2322 3188,2322 3196,2314 3280,2310 3374,2313 3416,2353 3441,2357 3441,2440 3416,2440 3372,2473 3032,2473 3004,2501 2968,2505 2924,2504 2912,2492 2596,2493 2580,2480 2556,2476 2165,2476 2085,2485 1949,2485 1941,2493 1231,2489"/>
        <Baseline points="1272,2471 1322,2464 1372,2461 1422,2459 1472,2457 1522,2454 1572,2453 1622,2452 1672,2450 1722,2448 1772,2447 1822,2446 1872,2444 1922,2443 1972,2444 2022,2445 2072,2445 2122,2445 2172,2444 2222,2445 2272,2446 2322,2445 2372,2444 2422,2443 2472,2442 2522,2441 2572,2442 2622,2441 2672,2439 2722,2437 2772,2437 2822,2437 2872,2436 2922,2436 2972,2434 3022,2434 3072,2433 3122,2431 3172,2426 3222,2424 3272,2423 3322,2423 3372,2424 3401,2420"/>
        <Word id="word_f657923f-49dd-4bbf-a6cb-ba4a2c4301d5">
          <Coords points="1267,2436 1317,2429 1370,2426 1421,2424 1459,2422 1461,2467 1422,2469 1373,2471 1323,2474 1273,2481"/>
          <TextEquiv>
            <Unicode>ende</Unicode>
          </TextEquiv>
        </Word>
        <Word id="word_15251ac2-abeb-4612-91f1-2e9cf4eb1ce6">
          <Coords points="1504,2421 1518,2419 1571,2418 1621,2417 1671,2415 1721,2413 1771,2412 1821,2411 1871,2409 1921,2408 1973,2409 2023,2410 2072,2410 2122,2410 2123,2410 2124,2455 2122,2455 2072,2455 2022,2455 1972,2454 1922,2453 1872,2454 1822,2456 1772,2457 1722,2458 1672,2460 1622,2462 1572,2463 1523,2464 1509,2465"/>
          <TextEquiv>
            <Unicode>Bequaemheijt,</Unicode>
          </TextEquiv>
        </Word>
        <Word id="word_aa407d23-7b6b-4c23-9ac2-b88623790a44">
          <Coords points="2170,2409 2171,2409 2223,2410 2273,2411 2312,2410 2313,2455 2272,2456 2222,2455 2172,2454 2171,2454"/>
          <TextEquiv>
            <Unicode>als</Unicode>
          </TextEquiv>
        </Word>
        <Word id="word_20204fcc-fa55-40b7-bdd5-ada8487d3e58">
          <Coords points="2359,2409 2371,2409 2421,2408 2454,2407 2455,2452 2422,2453 2372,2454 2360,2454"/>
          <TextEquiv>
            <Unicode>d'</Unicode>
          </TextEquiv>
        </Word>
        <Word id="word_ee975678-558a-44bf-9515-623fb4fa1055">
          <Coords points="2501,2406 2521,2406 2573,2407 2621,2406 2671,2404 2721,2402 2739,2402 2739,2447 2722,2447 2672,2449 2622,2451 2572,2452 2522,2451 2502,2451"/>
          <TextEquiv>
            <Unicode>goede</Unicode>
          </TextEquiv>
        </Word>
        <Word id="word_1b6a7bd0-c84d-437f-8be9-f06834b7f5ec">
          <Coords points="2786,2402 2822,2402 2871,2401 2922,2401 2971,2399 3022,2399 3071,2398 3121,2396 3169,2391 3221,2389 3271,2388 3322,2388 3373,2389 3396,2385 3402,2430 3372,2434 3322,2433 3272,2433 3222,2434 3173,2436 3122,2441 3072,2443 3022,2444 2972,2444 2922,2446 2872,2446 2822,2447 2786,2447"/>
          <TextEquiv>
            <Unicode>getuijgeniore</Unicode>
          </TextEquiv>
        </Word>
        <TextEquiv conf="0.8373780852572351">
          <Unicode>ende Bequaemheijt, als d' goede getuijgeniore</Unicode>
        </TextEquiv>
        <TextStyle xHeight="44"/>
      </TextLine>
      <TextLine id="line_15eee186-0867-4e73-b187-95e566a819b9">
        <Coords points="1228,2492 1942,2492 1950,2484 2138,2479 2577,2479 2597,2492 2829,2491 2969,2504 3005,2500 3033,2475 3370,2478 3370,2561 3233,2560 3194,2553 3117,2557 3065,2605 1850,2601 1630,2605 1602,2617 1554,2621 1538,2608 1482,2600 1228,2601"/>
        <Baseline points="1269,2584 1319,2584 1369,2584 1419,2583 1469,2582 1519,2581 1569,2578 1619,2576 1669,2577 1719,2576 1769,2574 1819,2572 1869,2571 1919,2569 1969,2566 2019,2563 2069,2561 2119,2560 2169,2559 2219,2558 2269,2557 2319,2558 2369,2558 2419,2557 2469,2557 2519,2556 2569,2555 2619,2555 2669,2555 2719,2554 2769,2553 2819,2553 2869,2552 2919,2552 2969,2550 3019,2548 3069,2548 3119,2547 3169,2546 3219,2544 3269,2542 3319,2539 3330,2541"/>
        <Word id="word_48c49201-fae7-4b50-b4a1-2bcffdf9a86f">
          <Coords points="1269,2549 1319,2549 1369,2549 1416,2548 1416,2593 1369,2594 1319,2594 1269,2594"/>
          <TextEquiv>
            <Unicode>die</Unicode>
          </TextEquiv>
        </Word>
        <Word id="word_f9a9ac23-34c3-4e19-a4c4-3917f4047ae3">
          <Coords points="1465,2547 1468,2547 1518,2546 1567,2543 1611,2541 1613,2586 1570,2588 1519,2591 1469,2592 1466,2592"/>
          <TextEquiv>
            <Unicode>van</Unicode>
          </TextEquiv>
        </Word>
        <Word id="word_9a3ac3ed-d1c5-4656-87b8-f50b45fae3ec">
          <Coords points="1674,2541 1681,2544 1718,2541 1768,2539 1807,2537 1809,2582 1769,2584 1719,2586 1666,2586 1658,2584"/>
          <TextEquiv>
            <Unicode>hem</Unicode>
          </TextEquiv>
        </Word>
        <Word id="word_66ab40ef-4d4d-4c49-873a-b278e9b1ee9c">
          <Coords points="1859,2536 1871,2536 1918,2534 1967,2531 2017,2528 2068,2526 2118,2525 2168,2524 2200,2523 2201,2568 2169,2569 2119,2570 2069,2571 2020,2573 1970,2576 1919,2579 1869,2581 1857,2580"/>
          <TextEquiv>
            <Unicode>gegeven</Unicode>
          </TextEquiv>
        </Word>
        <Word id="word_993e3536-bc82-44b9-870d-9d1856b4882b">
          <Coords points="2249,2522 2268,2522 2320,2523 2369,2523 2418,2522 2469,2522 2518,2521 2544,2520 2545,2565 2519,2566 2469,2567 2419,2567 2369,2568 2319,2568 2269,2567 2250,2567"/>
          <TextEquiv>
            <Unicode>werden</Unicode>
          </TextEquiv>
        </Word>
        <Word id="word_136b4c3c-2675-4a12-98a8-0a5339594e08">
          <Coords points="2594,2520 2620,2520 2669,2520 2718,2519 2740,2519 2741,2564 2719,2564 2669,2565 2619,2565 2593,2565"/>
          <TextEquiv>
            <Unicode>Bij</Unicode>
          </TextEquiv>
        </Word>
        <Word id="word_a88903bb-a4d6-4179-8b33-990287258ddc">
          <Coords points="2790,2518 2820,2518 2868,2517 2919,2517 2968,2515 3018,2513 3069,2513 3084,2513 3085,2558 3069,2558 3019,2558 2969,2560 2919,2562 2869,2562 2819,2563 2790,2563"/>
          <TextEquiv>
            <Unicode>desen,</Unicode>
          </TextEquiv>
        </Word>
        <Word id="word_cf1b918b-2c05-4393-bc09-fd2dabf14481">
          <Coords points="3133,2512 3168,2511 3218,2509 3268,2507 3317,2504 3336,2506 3328,2551 3320,2549 3269,2552 3219,2554 3169,2556 3134,2557"/>
          <TextEquiv>
            <Unicode>jnde</Unicode>
          </TextEquiv>
        </Word>
        <TextEquiv conf="0.853089896662258">
          <Unicode>die van hem gegeven werden Bij desen, jnde</Unicode>
        </TextEquiv>
        <TextStyle xHeight="39"/>
      </TextLine>
      <TextLine id="line_168a61ff-f01d-41de-8592-8a5438f6188e">
        <Coords points="1211,2601 1481,2601 1525,2605 1561,2622 1673,2593 1853,2601 2468,2597 2480,2605 3200,2610 3240,2610 3248,2602 3372,2602 3384,2594 3408,2605 3417,2597 3441,2605 3441,2688 3400,2685 3383,2697 3356,2694 3344,2702 3172,2702 3160,2693 2864,2694 2804,2689 2797,2682 2712,2690 2388,2690 2332,2702 2185,2757 1869,2756 1713,2744 1211,2744"/>
        <Baseline points="1252,2711 1302,2716 1352,2714 1402,2712 1452,2709 1502,2706 1552,2704 1602,2702 1652,2700 1702,2698 1752,2697 1802,2696 1852,2695 1902,2695 1952,2697 2002,2696 2052,2694 2102,2693 2152,2691 2202,2689 2252,2687 2302,2685 2352,2683 2402,2682 2452,2681 2502,2679 2552,2678 2602,2677 2652,2677 2702,2676 2752,2676 2802,2674 2852,2674 2902,2673 2952,2675 3002,2674 3052,2675 3102,2674 3152,2673 3202,2673 3252,2672 3302,2671 3352,2670 3401,2668"/>
        <Word id="word_7d4f51a5-d2a0-4749-9c93-3eac9608b452">
          <Coords points="1255,2676 1305,2681 1351,2679 1401,2677 1450,2674 1488,2672 1491,2717 1453,2719 1402,2722 1352,2724 1301,2726 1251,2721"/>
          <TextEquiv>
            <Unicode>selve</Unicode>
          </TextEquiv>
        </Word>
        <Word id="word_7d408361-ff4f-416b-9a7d-eaa6cb5b5c68">
          <Coords points="1539,2669 1552,2669 1601,2667 1651,2665 1701,2663 1751,2662 1801,2661 1851,2660 1902,2660 1953,2662 2001,2661 2014,2660 2016,2705 2002,2706 1952,2707 1902,2705 1852,2705 1802,2706 1752,2707 1702,2708 1652,2710 1602,2712 1552,2714 1538,2714"/>
          <TextEquiv>
            <Unicode>qualiteijt</Unicode>
          </TextEquiv>
        </Word>
        <Word id="word_789f52b3-f91d-4b1c-a9c0-69722156dd23">
          <Coords points="2063,2659 2102,2658 2151,2656 2201,2654 2205,2654 2207,2699 2202,2699 2152,2701 2102,2703 2064,2704"/>
          <TextEquiv>
            <Unicode>van</Unicode>
          </TextEquiv>
        </Word>
        <Word id="word_c26d0ea8-3a0c-4f7a-af08-d1c45922bafc">
          <Coords points="2253,2652 2301,2650 2351,2648 2401,2647 2451,2646 2501,2644 2551,2643 2601,2642 2652,2642 2701,2641 2752,2641 2801,2639 2852,2639 2875,2639 2876,2684 2852,2684 2802,2684 2752,2686 2702,2686 2652,2687 2602,2687 2552,2688 2502,2689 2452,2691 2402,2692 2352,2693 2302,2695 2255,2697"/>
          <TextEquiv>
            <Unicode>schiemansmaet</Unicode>
          </TextEquiv>
        </Word>
        <Word id="word_dd257d3c-ce5c-4bcc-b823-785ee70b84ec">
          <Coords points="2926,2638 2955,2640 3001,2639 3053,2640 3101,2639 3151,2638 3202,2638 3251,2637 3301,2636 3351,2635 3399,2633 3401,2678 3352,2680 3302,2681 3252,2682 3202,2683 3152,2683 3102,2684 3052,2685 3002,2684 2951,2685 2922,2683"/>
          <TextEquiv>
            <Unicode>bevesticht</Unicode>
          </TextEquiv>
        </Word>
        <TextEquiv conf="0.9338502063461894">
          <Unicode>selve qualiteijt van schiemansmaet bevesticht</Unicode>
        </TextEquiv>
        <TextStyle xHeight="41"/>
      </TextLine>
      <TextLine id="ed994cb7-c66a-41ae-a6d2-cfc15f082378">
        <Coords points="1223,2744 1713,2744 1869,2756 2185,2757 2332,2702 2348,2702 2364,2690 2712,2690 2768,2682 2864,2694 3160,2693 3172,2702 3344,2702 3356,2694 3388,2693 3421,2721 3421,2804 3416,2801 3372,2838 3192,2838 3160,2813 3080,2813 3064,2826 2824,2822 2756,2842 2265,2841 2029,2902 2013,2901 1961,2849 1223,2857"/>
        <Baseline points="1264,2830 1314,2827 1364,2826 1414,2825 1464,2823 1514,2822 1564,2822 1614,2821 1664,2820 1714,2819 1764,2817 1814,2816 1864,2812 1914,2811 1964,2811 2014,2809 2064,2808 2114,2807 2164,2805 2214,2804 2264,2803 2314,2801 2364,2801 2414,2799 2464,2799 2514,2799 2564,2798 2614,2800 2664,2798 2714,2796 2764,2795 2814,2796 2864,2796 2914,2795 2964,2793 3014,2792 3064,2791 3114,2788 3164,2787 3214,2787 3264,2785 3314,2784 3364,2785 3381,2784"/>
        <Word id="word_0e4766e7-1bc7-403d-8983-59644dc43d85">
          <Coords points="1262,2795 1312,2792 1363,2791 1413,2790 1463,2788 1470,2788 1471,2833 1464,2833 1414,2835 1364,2836 1315,2837 1265,2840"/>
          <TextEquiv>
            <Unicode>ende</Unicode>
          </TextEquiv>
        </Word>
        <Word id="word_56769a7f-d680-4bd7-be79-283218f6031b">
          <Coords points="1522,2787 1564,2787 1613,2786 1663,2785 1676,2785 1677,2830 1664,2830 1614,2831 1564,2832 1522,2832"/>
          <TextEquiv>
            <Unicode>een</Unicode>
          </TextEquiv>
        </Word>
        <Word id="word_7ed67519-2a37-4b97-92db-a413348e4c6d">
          <Coords points="1727,2784 1762,2782 1813,2781 1861,2777 1913,2776 1964,2776 2013,2774 2063,2773 2113,2772 2163,2770 2213,2769 2244,2768 2245,2813 2214,2814 2164,2815 2114,2817 2064,2818 2014,2819 1964,2821 1914,2821 1865,2822 1814,2826 1764,2827 1729,2829"/>
          <TextEquiv>
            <Unicode>Belooningh</Unicode>
          </TextEquiv>
        </Word>
        <Word id="word_ec400cca-3666-49ce-a166-bc6244027d17">
          <Coords points="2294,2767 2311,2766 2364,2766 2413,2764 2452,2764 2452,2809 2414,2809 2364,2811 2315,2811 2297,2812"/>
          <TextEquiv>
            <Unicode>van</Unicode>
          </TextEquiv>
        </Word>
        <Word id="word_d7459a20-45ff-430d-8c48-3974e9c0925a">
          <Coords points="2503,2764 2514,2764 2563,2763 2615,2765 2663,2763 2713,2761 2763,2760 2815,2761 2864,2761 2913,2760 2963,2758 2967,2758 2968,2803 2964,2803 2914,2805 2864,2806 2814,2806 2764,2805 2714,2806 2664,2808 2614,2810 2564,2808 2514,2809 2503,2809"/>
          <TextEquiv>
            <Unicode>veerthien</Unicode>
          </TextEquiv>
        </Word>
        <Word id="word_15c29e51-3872-4df8-9bbe-11b11bad269e">
          <Coords points="3019,2757 3063,2756 3112,2753 3163,2752 3214,2752 3263,2750 3313,2749 3365,2750 3379,2749 3382,2794 3364,2795 3314,2794 3264,2795 3214,2797 3164,2797 3115,2798 3064,2801 3020,2802"/>
          <TextEquiv>
            <Unicode>guldens</Unicode>
          </TextEquiv>
        </Word>
        <TextEquiv conf="0.9624701724804383">
          <Unicode>ende een Belooningh van veerthien guldens</Unicode>
        </TextEquiv>
        <TextStyle xHeight="42"/>
      </TextLine>
      <TextLine id="line_44ec126e-9d02-4758-b981-fb96f5fc880f">
        <Coords points="1240,2837 1454,2836 1554,2840 1562,2848 1962,2848 2018,2900 2094,2888 2266,2840 2758,2841 2838,2820 3066,2825 3078,2816 3165,2816 3226,2873 3366,2865 3394,2845 3427,2844 3427,2927 3419,2920 3384,2955 3361,2960 2982,2960 2974,2968 2898,2976 2294,2972 2274,2971 2262,2959 1738,2955 1726,2943 1240,2948"/>
        <Baseline points="1281,2933 1331,2934 1381,2932 1431,2931 1481,2929 1531,2927 1581,2925 1631,2925 1681,2924 1731,2924 1781,2924 1831,2924 1881,2925 1931,2925 1981,2925 2031,2928 2081,2926 2131,2925 2181,2923 2231,2923 2281,2924 2331,2926 2381,2926 2431,2926 2481,2927 2531,2926 2581,2925 2631,2924 2681,2923 2731,2922 2781,2920 2831,2919 2881,2918 2931,2918 2981,2917 3031,2916 3081,2914 3131,2913 3181,2912 3231,2912 3281,2911 3331,2909 3381,2910 3387,2907"/>
        <Word id="word_f7040222-5830-4f54-8e07-98f5db505fe6">
          <Coords points="1282,2898 1332,2899 1380,2897 1430,2896 1434,2896 1436,2941 1431,2941 1381,2942 1331,2944 1281,2943"/>
          <TextEquiv>
            <Unicode>ter</Unicode>
          </TextEquiv>
        </Word>
        <Word id="word_b20978c3-1d64-4ef6-8e0b-7d85bfbae42f">
          <Coords points="1485,2894 1530,2892 1580,2890 1631,2890 1680,2889 1731,2889 1743,2889 1743,2934 1731,2934 1681,2934 1631,2935 1581,2935 1531,2937 1487,2939"/>
          <TextEquiv>
            <Unicode>maent</Unicode>
          </TextEquiv>
        </Word>
        <Word id="word_e44684ad-80e8-478c-ba13-1bcc30838956">
          <Coords points="1795,2889 1831,2889 1882,2890 1931,2890 1981,2890 2033,2893 2080,2891 2130,2890 2180,2888 2231,2888 2282,2889 2332,2891 2360,2891 2360,2936 2331,2936 2281,2934 2231,2933 2181,2933 2131,2935 2081,2936 2030,2938 1981,2935 1931,2935 1881,2935 1831,2934 1795,2934"/>
          <TextEquiv>
            <Unicode>toegeleijt,</Unicode>
          </TextEquiv>
        </Word>
        <Word id="word_858a2b22-3ec6-4c0b-adf0-1a5d1cafb7ae">
          <Coords points="2411,2891 2431,2891 2482,2892 2513,2891 2514,2936 2481,2937 2431,2936 2411,2936"/>
          <TextEquiv>
            <Unicode>d'</Unicode>
          </TextEquiv>
        </Word>
        <Word id="word_afbd39be-f2bb-4b85-b2a4-6d5aa508bda6">
          <Coords points="2565,2890 2580,2890 2630,2889 2680,2888 2730,2887 2780,2885 2830,2884 2880,2883 2931,2883 2980,2882 3030,2881 3080,2879 3130,2878 3180,2877 3182,2877 3182,2922 3181,2922 3131,2923 3081,2924 3031,2926 2981,2927 2931,2928 2881,2928 2831,2929 2781,2930 2731,2932 2681,2933 2631,2934 2581,2935 2566,2935"/>
          <TextEquiv>
            <Unicode>verbeteringe</Unicode>
          </TextEquiv>
        </Word>
        <Word id="word_888f2592-0aed-4c26-b1a1-a874c3a44fc5">
          <Coords points="3233,2877 3280,2876 3330,2874 3371,2876 3382,2875 3391,2916 3381,2920 3331,2919 3281,2921 3234,2922"/>
          <TextEquiv>
            <Unicode>van</Unicode>
          </TextEquiv>
        </Word>
        <TextEquiv conf="0.9350311924105644">
          <Unicode>ter maent toegeleijt, d' verbeteringe van</Unicode>
        </TextEquiv>
        <TextStyle xHeight="40"/>
      </TextLine>
      <TextLine id="line_7db86415-b0a3-4295-b44e-3eaf4e8b88e8">
        <Coords points="1184,2948 1726,2943 3073,2960 3413,2955 3434,2976 3434,3060 3397,3060 3377,3051 3049,3060 2601,3060 2405,3072 2246,3072 2226,3064 2214,3076 1798,3072 1534,3076 1526,3083 1284,3076 1184,3083"/>
        <Baseline points="1225,3074 1275,3069 1325,3066 1375,3064 1425,3061 1475,3057 1525,3056 1575,3055 1625,3053 1675,3054 1725,3055 1775,3055 1825,3055 1875,3055 1925,3055 1975,3055 2025,3055 2075,3054 2125,3053 2175,3051 2225,3051 2275,3052 2325,3049 2375,3048 2425,3048 2475,3048 2525,3047 2575,3048 2625,3048 2675,3047 2725,3046 2775,3046 2825,3047 2875,3047 2925,3046 2975,3045 3025,3045 3075,3044 3125,3044 3175,3043 3225,3042 3275,3041 3325,3041 3375,3038 3394,3040"/>
        <Word id="word_57c5e5ce-716e-4724-b0ad-290f0ad74e35">
          <Coords points="1222,3039 1272,3034 1323,3031 1374,3029 1423,3026 1472,3022 1482,3022 1483,3067 1476,3067 1426,3071 1375,3074 1326,3076 1276,3079 1226,3084"/>
          <TextEquiv>
            <Unicode>Gagie</Unicode>
          </TextEquiv>
        </Word>
        <Word id="word_1b917f38-3a90-48ad-a86b-ca9358ec193b">
          <Coords points="1534,3021 1574,3020 1624,3018 1676,3019 1726,3020 1775,3020 1793,3020 1793,3065 1775,3065 1725,3065 1675,3064 1625,3063 1575,3065 1535,3066"/>
          <TextEquiv>
            <Unicode>medio</Unicode>
          </TextEquiv>
        </Word>
        <Word id="word_ae1aa89c-62a1-448d-8b46-ef15c07dd72b">
          <Coords points="1844,3020 1875,3020 1925,3020 1975,3020 2025,3020 2074,3019 2124,3018 2153,3017 2155,3062 2125,3063 2075,3064 2025,3065 1975,3065 1925,3065 1875,3065 1844,3065"/>
          <TextEquiv>
            <Unicode>novemb</Unicode>
          </TextEquiv>
        </Word>
        <Word id="word_5ab5b443-dff2-4c71-bcbc-b2a796baaac7">
          <Coords points="2208,3015 2227,3016 2276,3017 2307,3015 2310,3060 2275,3062 2224,3061 2205,3060"/>
          <TextEquiv>
            <Unicode>ao</Unicode>
          </TextEquiv>
        </Word>
        <Word id="word_c1b5f17c-4d09-4555-84e2-e24179f22b76">
          <Coords points="2364,3012 2378,3013 2425,3013 2475,3013 2524,3012 2568,3013 2567,3058 2525,3057 2475,3058 2425,3058 2374,3058 2360,3057"/>
          <TextEquiv>
            <Unicode>1644</Unicode>
          </TextEquiv>
        </Word>
        <Word id="word_d7495a32-9782-4226-ba21-806d8a1de391">
          <Coords points="2614,3014 2620,3013 2674,3012 2724,3011 2774,3011 2774,3056 2725,3056 2675,3057 2626,3058 2621,3059"/>
          <TextEquiv>
            <Unicode>aen</Unicode>
          </TextEquiv>
        </Word>
        <Word id="word_198fab3e-7963-440c-a0b3-76c7f4fa7a58">
          <Coords points="2826,3011 2876,3012 2924,3011 2974,3010 3025,3010 3074,3009 3084,3009 3084,3054 3075,3054 3025,3055 2975,3055 2925,3056 2875,3057 2825,3056"/>
          <TextEquiv>
            <Unicode>vanck</Unicode>
          </TextEquiv>
        </Word>
        <Word id="word_e09d86b7-fe6b-4cb2-9aec-b2c808d1abc1">
          <Coords points="3135,3009 3174,3008 3224,3007 3274,3006 3325,3006 3373,3003 3397,3005 3393,3050 3376,3048 3325,3051 3275,3051 3225,3052 3175,3053 3136,3054"/>
          <TextEquiv>
            <Unicode>nemen</Unicode>
          </TextEquiv>
        </Word>
        <TextEquiv conf="0.8798324336967515">
          <Unicode>Gagie medio novemb ao 1644 aen vanck nemen</Unicode>
        </TextEquiv>
        <TextStyle xHeight="40"/>
      </TextLine>
    </TextRegion>
    <TextRegion id="region_75fd4106-1b6c-4064-aeba-c94b8b9a6185_1" custom="structure {type:paragraph;}">
      <Coords points="3365,3225 3344,3215 3299,3215 3226,3197 3163,3197 3062,3176 3013,3176 2909,3190 2334,3187 2257,3197 2149,3197 2097,3204 1972,3204 1933,3197 1829,3194 1679,3180 1519,3180 1449,3187 1320,3187 1317,3190 1271,3187 1233,3204 1209,3253 1216,3354 1209,3378 1205,3556 1216,3584 1219,3671 1195,3765 1195,3814 1205,3856 1209,3922 1191,3988 1191,4037 1198,4054 1202,4124 1216,4214 1230,4246 1233,4298 1254,4368 1251,4406 1258,4420 1275,4430 1306,4437 1456,4437 1554,4427 1794,4427 1822,4420 1986,4420 2062,4413 2219,4416 2261,4409 2320,4409 2404,4395 2487,4395 2522,4402 2602,4406 2884,4402 2916,4395 2961,4395 2985,4381 2999,4381 3024,4326 3065,4298 3086,4291 3198,4284 3267,4249 3299,4249 3323,4239 3358,4211 3372,4186 3386,4138 3382,4120 3386,3929 3379,3876 3355,3817 3361,3786 3361,3695 3372,3671 3368,3661 3372,3591 3379,3556 3379,3532 3368,3490 3372,3455 3365,3434 3379,3364 3375,3319 3368,3302 3372,3250"/>
      <TextLine id="b80afbd0-a695-426d-a6e9-3046bd9d0ec5">
        <Coords points="1244,3080 1286,3092 1742,3087 1750,3095 1790,3099 2009,3099 2017,3107 3032,3107 3092,3115 3168,3190 3252,3190 3260,3198 3368,3203 3388,3203 3426,3182 3445,3192 3445,3273 3400,3273 3356,3297 3236,3301 3217,3293 3072,3288 3064,3280 2473,3280 2309,3284 2245,3297 1916,3301 1857,3301 1841,3288 1366,3293 1318,3340 1244,3382"/>
        <Baseline points="1285,3267 1335,3263 1385,3261 1435,3260 1485,3258 1535,3256 1585,3255 1635,3254 1685,3253 1735,3253 1785,3253 1835,3254 1885,3253 1935,3251 1985,3256 2035,3256 2085,3257 2135,3254 2185,3253 2235,3254 2285,3253 2335,3252 2385,3250 2435,3250 2485,3252 2535,3252 2585,3250 2635,3248 2685,3249 2735,3250 2785,3248 2835,3248 2885,3248 2935,3249 2985,3250 3035,3253 3085,3252 3135,3252 3185,3251 3235,3252 3285,3254 3335,3255 3385,3255 3405,3253"/>
        <Word id="word_dbbdef40-d62a-49f4-832f-0e60373a2631">
          <Coords points="1282,3232 1332,3228 1384,3226 1434,3225 1484,3223 1534,3221 1584,3220 1634,3219 1684,3218 1735,3218 1785,3218 1833,3219 1832,3264 1785,3263 1735,3263 1685,3263 1635,3264 1585,3265 1535,3266 1485,3268 1435,3270 1385,3271 1336,3273 1286,3277"/>
          <TextEquiv>
            <Unicode>Hendrick</Unicode>
          </TextEquiv>
        </Word>
        <Word id="word_d88e14bd-5824-4c27-9369-74c18dcb37bb">
          <Coords points="1896,3221 1931,3216 1988,3221 2035,3221 2086,3222 2133,3219 2184,3218 2236,3219 2284,3218 2334,3217 2384,3215 2435,3215 2486,3217 2535,3217 2583,3215 2584,3260 2535,3262 2485,3262 2435,3260 2385,3260 2335,3262 2285,3263 2235,3264 2185,3263 2136,3264 2085,3267 2035,3266 1984,3266 1936,3261 1902,3265"/>
          <TextEquiv>
            <Unicode>Terricksen</Unicode>
          </TextEquiv>
        </Word>
        <Word id="word_dc715dc1-b478-4949-bd9f-495bbdaaa73a">
          <Coords points="2654,3212 2687,3214 2736,3215 2784,3213 2835,3213 2858,3213 2858,3258 2835,3258 2785,3258 2735,3260 2684,3259 2652,3257"/>
          <TextEquiv>
            <Unicode>van</Unicode>
          </TextEquiv>
        </Word>
        <Word id="word_08a1dda4-a80d-4852-9dbb-715d2c74171b">
          <Coords points="2930,3213 2939,3214 2986,3215 3037,3218 3084,3217 3135,3217 3184,3216 3236,3217 3286,3219 3336,3220 3385,3220 3401,3218 3406,3263 3385,3265 3335,3265 3285,3264 3235,3262 3185,3261 3135,3262 3085,3262 3034,3263 2985,3260 2934,3259 2925,3258"/>
          <TextEquiv>
            <Unicode>Breemen</Unicode>
          </TextEquiv>
        </Word>
        <TextEquiv conf="0.8836131629408476">
          <Unicode>Hendrick Terricksen van Breemen</Unicode>
        </TextEquiv>
        <TextStyle xHeight="61"/>
      </TextLine>
      <TextLine id="line_635b25bb-f46c-4d30-b625-9600465eade0">
        <Coords points="1235,3386 1321,3338 1377,3286 2229,3277 2273,3286 2504,3281 2516,3293 2756,3298 3140,3289 3219,3293 3240,3309 3352,3313 3364,3321 3400,3317 3408,3325 3421,3311 3421,3395 3396,3413 3124,3412 3116,3404 3068,3404 2976,3429 2944,3412 2760,3412 2745,3397 2508,3397 2448,3409 2149,3404 2133,3417 2053,3421 2021,3421 2001,3408 1861,3404 1429,3404 1345,3409 1263,3487 1235,3481"/>
        <Baseline points="1276,3376 1326,3372 1376,3372 1426,3373 1476,3373 1526,3371 1576,3370 1626,3369 1676,3368 1726,3367 1776,3366 1826,3367 1876,3366 1926,3365 1976,3366 2026,3366 2076,3366 2126,3366 2176,3366 2226,3364 2276,3365 2326,3366 2376,3366 2426,3367 2476,3368 2526,3369 2576,3370 2626,3369 2676,3371 2726,3371 2776,3371 2826,3371 2876,3371 2926,3371 2976,3372 3026,3371 3076,3371 3126,3372 3176,3373 3226,3373 3276,3374 3326,3374 3376,3372 3381,3374"/>
        <Word id="word_b6e64658-e7a6-4155-8d35-02ac39df2bfd">
          <Coords points="1273,3341 1323,3337 1364,3337 1364,3382 1327,3382 1277,3386"/>
          <TextEquiv>
            <Unicode>jn</Unicode>
          </TextEquiv>
        </Word>
        <Word id="word_1c3cf72b-665f-4e3c-bd12-7cc301560615">
          <Coords points="1409,3337 1428,3338 1476,3338 1525,3336 1575,3335 1625,3334 1626,3334 1627,3379 1626,3379 1576,3380 1526,3381 1476,3383 1425,3383 1407,3382"/>
          <TextEquiv>
            <Unicode>jndia</Unicode>
          </TextEquiv>
        </Word>
        <Word id="word_1fed360b-07f8-4759-b68d-de0006748a3a">
          <Coords points="1670,3333 1675,3333 1725,3332 1775,3331 1827,3332 1875,3331 1925,3330 1977,3331 1978,3331 1978,3376 1976,3376 1926,3375 1876,3376 1826,3377 1776,3376 1726,3377 1676,3378 1671,3378"/>
          <TextEquiv>
            <Unicode>gecomen</Unicode>
          </TextEquiv>
        </Word>
        <Word id="word_127723ed-91b4-4112-aa87-930b1859ec5c">
          <Coords points="2022,3331 2026,3331 2076,3331 2126,3331 2153,3331 2153,3376 2126,3376 2076,3376 2026,3376 2022,3376"/>
          <TextEquiv>
            <Unicode>met</Unicode>
          </TextEquiv>
        </Word>
        <Word id="word_98829bdb-7927-441f-8cbc-3fd1cbc41fb8">
          <Coords points="2195,3331 2224,3329 2277,3330 2327,3331 2376,3331 2427,3332 2461,3333 2460,3378 2426,3377 2376,3376 2326,3376 2276,3375 2227,3374 2198,3376"/>
          <TextEquiv>
            <Unicode>tschip</Unicode>
          </TextEquiv>
        </Word>
        <Word id="word_f25f2321-f17f-4e3a-ab08-379675690b94">
          <Coords points="2505,3334 2527,3334 2577,3335 2591,3335 2592,3380 2576,3380 2526,3379 2504,3379"/>
          <TextEquiv>
            <Unicode>d'</Unicode>
          </TextEquiv>
        </Word>
        <Word id="word_73979ee7-81d8-43fc-9cd3-d2337cca8381">
          <Coords points="2638,3334 2678,3336 2726,3336 2776,3336 2826,3336 2876,3336 2926,3336 2977,3337 2986,3337 2987,3382 2976,3382 2926,3381 2876,3381 2826,3381 2776,3381 2726,3381 2675,3381 2635,3379"/>
          <TextEquiv>
            <Unicode>walvisch</Unicode>
          </TextEquiv>
        </Word>
        <Word id="word_862fbecc-d354-4ae3-a5a8-4121ece7ea68">
          <Coords points="3030,3336 3076,3336 3119,3337 3118,3382 3076,3381 3030,3381"/>
          <TextEquiv>
            <Unicode>ao</Unicode>
          </TextEquiv>
        </Word>
        <Word id="word_adc0d1c0-fa63-4fd4-88da-5322c2760a83">
          <Coords points="3163,3338 3177,3338 3226,3338 3277,3339 3326,3339 3375,3337 3394,3341 3377,3383 3376,3382 3326,3384 3276,3384 3226,3383 3176,3383 3162,3383"/>
          <TextEquiv>
            <Unicode>1645:</Unicode>
          </TextEquiv>
        </Word>
        <TextEquiv conf="0.8326905028528164">
          <Unicode>jn jndia gecomen met tschip d' walvisch ao 1645:</Unicode>
        </TextEquiv>
        <TextStyle xHeight="43"/>
      </TextLine>
      <TextLine id="line_53ac5b30-2a63-47f1-a1dd-0cc152164c0c">
        <Coords points="1181,3482 1255,3482 1262,3489 1347,3408 1431,3403 1862,3403 1998,3407 2022,3420 2090,3420 2134,3416 2150,3403 2454,3408 2514,3395 2746,3395 2770,3419 2927,3419 2944,3432 3061,3404 3117,3403 3129,3415 3381,3424 3394,3437 3393,3523 3369,3511 3285,3511 3239,3535 3219,3526 3077,3526 3070,3519 2302,3519 2106,3524 2054,3551 2041,3542 1758,3543 1727,3523 1706,3534 1685,3516 1363,3516 1251,3520 1211,3559 1181,3575"/>
        <Baseline points="1222,3514 1272,3509 1322,3507 1372,3505 1422,3505 1472,3504 1522,3502 1572,3501 1622,3498 1672,3495 1722,3494 1772,3493 1822,3493 1872,3492 1922,3494 1972,3495 2022,3495 2072,3495 2122,3495 2172,3495 2222,3495 2272,3496 2322,3497 2372,3496 2422,3494 2472,3493 2522,3492 2572,3491 2622,3490 2672,3490 2722,3490 2772,3491 2822,3492 2872,3493 2922,3496 2972,3497 3022,3497 3072,3496 3122,3496 3172,3498 3222,3500 3272,3499 3322,3499 3354,3501"/>
        <Word id="word_1393ba12-23a3-45aa-b86a-7c91c1cdd0b4">
          <Coords points="1219,3479 1269,3474 1321,3472 1371,3470 1416,3470 1416,3515 1372,3515 1322,3517 1273,3519 1223,3524"/>
          <TextEquiv>
            <Unicode>voor</Unicode>
          </TextEquiv>
        </Word>
        <Word id="word_1e07b47f-4eb4-40b6-bd64-de94cab34ed8">
          <Coords points="1460,3470 1468,3469 1521,3467 1571,3466 1620,3463 1670,3460 1721,3459 1771,3458 1822,3458 1871,3457 1923,3459 1973,3460 1997,3460 1997,3505 1972,3505 1922,3504 1872,3502 1822,3503 1772,3503 1722,3504 1673,3505 1623,3508 1572,3511 1522,3512 1473,3514 1465,3515"/>
          <TextEquiv>
            <Unicode>Bosschieter</Unicode>
          </TextEquiv>
        </Word>
        <Word id="word_cc2e9365-b05d-4b14-913a-d1760618ca20">
          <Coords points="2045,3460 2072,3460 2094,3460 2094,3505 2072,3505 2045,3505"/>
          <TextEquiv>
            <Unicode>a</Unicode>
          </TextEquiv>
        </Word>
        <Word id="word_7c9dfbf3-01b7-4efe-8cbe-ac226f688102">
          <Coords points="2142,3460 2172,3460 2191,3460 2191,3505 2172,3505 2142,3505"/>
          <TextEquiv>
            <Unicode>ƒ</Unicode>
          </TextEquiv>
        </Word>
        <Word id="word_a80b1607-d49e-4d85-8eb5-2243e762c290">
          <Coords points="2240,3460 2273,3461 2323,3462 2336,3462 2336,3507 2322,3507 2272,3506 2239,3505"/>
          <TextEquiv>
            <Unicode>11</Unicode>
          </TextEquiv>
        </Word>
        <Word id="word_ba830ea9-1e7c-414a-ac95-bdb4496e011c">
          <Coords points="2383,3461 2420,3459 2471,3458 2521,3457 2529,3457 2530,3502 2522,3502 2472,3503 2422,3504 2385,3506"/>
          <TextEquiv>
            <Unicode>ter</Unicode>
          </TextEquiv>
        </Word>
        <Word id="word_e8eae594-1006-49df-8a3b-b691d0ef972e">
          <Coords points="2578,3456 2621,3455 2672,3455 2722,3455 2773,3456 2823,3457 2873,3458 2920,3461 2917,3506 2872,3503 2822,3502 2772,3501 2722,3500 2672,3500 2622,3500 2579,3501"/>
          <TextEquiv>
            <Unicode>maendt,</Unicode>
          </TextEquiv>
        </Word>
        <Word id="word_861b96dd-e530-4a63-96c5-feeb20b06ea8">
          <Coords points="2957,3465 2962,3463 3022,3462 3071,3461 3122,3461 3173,3463 3210,3464 3208,3509 3172,3508 3122,3506 3072,3506 3022,3507 2975,3507 2969,3508"/>
          <TextEquiv>
            <Unicode>werdt</Unicode>
          </TextEquiv>
        </Word>
        <Word id="word_c45a99b8-aafb-4cb9-9f97-f4a3ee2ce1d4">
          <Coords points="3251,3467 3267,3464 3322,3464 3356,3466 3353,3511 3322,3509 3274,3509 3258,3511"/>
          <TextEquiv>
            <Unicode>op</Unicode>
          </TextEquiv>
        </Word>
        <TextEquiv conf="0.9328960664901351">
          <Unicode>voor Bosschieter a ƒ 11 ter maendt, werdt op</Unicode>
        </TextEquiv>
        <TextStyle xHeight="44"/>
      </TextLine>
      <TextLine id="f8e8d637-d611-411e-8f50-a80b09d0daa0">
        <Coords points="1192,3569 1250,3522 1358,3522 1366,3514 1502,3514 1666,3502 1741,3505 1781,3541 2037,3540 2057,3549 2109,3522 2586,3521 2601,3533 3216,3528 3227,3537 3248,3536 3264,3552 3301,3553 3301,3636 3004,3641 2964,3674 2385,3669 2322,3689 2117,3697 2073,3657 1714,3662 1694,3670 1346,3669 1285,3721 1192,3737"/>
        <Baseline points="1233,3641 1283,3638 1333,3633 1383,3631 1433,3629 1483,3628 1533,3628 1583,3627 1633,3627 1683,3626 1733,3627 1783,3626 1833,3625 1883,3622 1933,3623 1983,3623 2033,3621 2083,3620 2133,3617 2183,3616 2233,3616 2283,3616 2333,3616 2383,3617 2433,3617 2483,3618 2533,3619 2583,3620 2633,3621 2683,3622 2733,3623 2783,3624 2833,3625 2883,3625 2933,3625 2983,3627 3033,3626 3083,3625 3133,3625 3183,3623 3233,3620 3261,3616"/>
        <Word id="word_69ac01b8-135b-488a-8f90-55da172781ba">
          <Coords points="1231,3606 1281,3603 1330,3598 1382,3596 1416,3595 1417,3640 1383,3641 1334,3643 1284,3648 1234,3651"/>
          <TextEquiv>
            <Unicode>sijn</Unicode>
          </TextEquiv>
        </Word>
        <Word id="word_a153f642-9579-4f8b-8d08-e72441fc479a">
          <Coords points="1464,3593 1483,3593 1533,3593 1582,3592 1633,3592 1682,3591 1734,3592 1782,3591 1831,3590 1832,3635 1783,3636 1733,3637 1683,3636 1633,3637 1583,3637 1533,3638 1483,3638 1463,3638"/>
          <TextEquiv>
            <Unicode>vertoogh</Unicode>
          </TextEquiv>
        </Word>
        <Word id="word_30a55663-6a29-4de9-bd74-66380edf7f6c">
          <Coords points="1864,3592 1869,3590 1934,3588 1983,3588 2032,3586 2061,3585 2062,3630 2033,3631 1983,3633 1933,3633 1887,3631 1882,3633"/>
          <TextEquiv>
            <Unicode>ende</Unicode>
          </TextEquiv>
        </Word>
        <Word id="word_b5a4b895-1988-4915-9260-3c1853056bac">
          <Coords points="2105,3585 2129,3582 2182,3581 2233,3581 2283,3581 2333,3581 2384,3582 2433,3582 2484,3583 2534,3584 2584,3585 2634,3586 2662,3587 2661,3632 2633,3631 2583,3630 2533,3629 2483,3628 2433,3627 2383,3627 2333,3626 2283,3626 2233,3626 2183,3626 2134,3627 2109,3629"/>
          <TextEquiv>
            <Unicode>bequaemheijt</Unicode>
          </TextEquiv>
        </Word>
        <Word id="word_dc81073e-4f11-46bd-8666-5f0abe9e0641">
          <Coords points="2708,3587 2734,3588 2784,3589 2834,3590 2846,3590 2846,3635 2833,3635 2783,3634 2733,3633 2707,3632"/>
          <TextEquiv>
            <Unicode>als</Unicode>
          </TextEquiv>
        </Word>
        <Word id="word_cd1b51e9-7817-4380-bbee-97c24cf6b97a">
          <Coords points="2892,3590 2933,3590 2984,3592 2984,3592 2985,3637 2983,3637 2933,3635 2892,3635"/>
          <TextEquiv>
            <Unicode>d'</Unicode>
          </TextEquiv>
        </Word>
        <Word id="word_e057254d-1be0-498d-8917-918f92f11d64">
          <Coords points="3030,3591 3032,3591 3082,3590 3133,3590 3182,3588 3231,3585 3256,3581 3262,3626 3234,3630 3183,3633 3133,3635 3083,3635 3033,3636 3031,3636"/>
          <TextEquiv>
            <Unicode>goede</Unicode>
          </TextEquiv>
        </Word>
        <TextEquiv conf="0.9157802195820793">
          <Unicode>sijn vertoogh ende bequaemheijt als d' goede</Unicode>
        </TextEquiv>
        <TextStyle xHeight="48"/>
      </TextLine>
      <TextLine id="b9548db2-e590-4261-a75d-5c0b82fdc724">
        <Coords points="1221,3733 1255,3721 1286,3721 1347,3669 1547,3669 1587,3685 1738,3685 1762,3709 1967,3713 2034,3737 2046,3737 2094,3693 2278,3694 2318,3690 2326,3682 2386,3669 2642,3673 2678,3702 2726,3689 3342,3688 3342,3771 2961,3771 2953,3779 2470,3774 2434,3795 2386,3803 1511,3798 1499,3807 1455,3807 1431,3786 1221,3787"/>
        <Baseline points="1262,3766 1312,3758 1362,3752 1412,3747 1462,3746 1512,3746 1562,3745 1612,3746 1662,3749 1712,3747 1762,3747 1812,3747 1862,3747 1912,3748 1962,3750 2012,3750 2062,3750 2112,3751 2162,3751 2212,3752 2262,3752 2312,3753 2362,3753 2412,3753 2462,3752 2512,3750 2562,3750 2612,3748 2662,3747 2712,3748 2762,3750 2812,3751 2862,3750 2912,3750 2962,3750 3012,3750 3062,3750 3112,3748 3162,3748 3212,3748 3262,3748 3302,3751"/>
        <Word id="word_6a7393de-07c6-46e5-b522-38ef00c746e4">
          <Coords points="1256,3731 1306,3723 1358,3717 1409,3712 1461,3711 1512,3711 1561,3710 1613,3711 1664,3714 1711,3712 1762,3712 1812,3712 1817,3712 1817,3757 1812,3757 1762,3757 1712,3757 1661,3759 1612,3756 1562,3755 1512,3756 1462,3756 1413,3757 1363,3762 1314,3768 1264,3776"/>
          <TextEquiv>
            <Unicode>Getuijgen</Unicode>
          </TextEquiv>
        </Word>
        <Word id="word_9dd68640-9417-4479-9d50-389f5e25356a">
          <Coords points="1880,3712 1913,3713 1963,3715 2012,3715 2062,3715 2066,3715 2065,3760 2062,3760 2012,3760 1962,3760 1912,3758 1879,3757"/>
          <TextEquiv>
            <Unicode>ise</Unicode>
          </TextEquiv>
        </Word>
        <Word id="word_9cad493c-463e-491f-8039-7ba42fb04b5c">
          <Coords points="2126,3716 2162,3716 2213,3717 2262,3717 2312,3718 2313,3718 2312,3763 2312,3763 2262,3762 2212,3762 2162,3761 2127,3761"/>
          <TextEquiv>
            <Unicode>die</Unicode>
          </TextEquiv>
        </Word>
        <Word id="word_126c8a10-f930-455d-b16b-2050ef826110">
          <Coords points="2374,3718 2412,3718 2461,3717 2511,3715 2560,3715 2560,3760 2512,3760 2462,3762 2412,3763 2374,3763"/>
          <TextEquiv>
            <Unicode>van</Unicode>
          </TextEquiv>
        </Word>
        <Word id="word_42558514-8fab-488e-ae70-7a0b370816bd">
          <Coords points="2619,3715 2659,3712 2713,3713 2763,3715 2808,3716 2807,3761 2762,3760 2712,3758 2663,3757 2622,3760"/>
          <TextEquiv>
            <Unicode>hem</Unicode>
          </TextEquiv>
        </Word>
        <Word id="word_2772234f-903b-4515-b057-d53fff2514c4">
          <Coords points="2867,3717 2910,3715 2962,3715 3012,3715 3062,3715 3111,3713 3162,3713 3212,3713 3262,3713 3304,3716 3301,3761 3262,3758 3212,3758 3162,3758 3112,3758 3062,3760 3012,3760 2962,3760 2912,3760 2869,3762"/>
          <TextEquiv>
            <Unicode>gegeven</Unicode>
          </TextEquiv>
        </Word>
        <TextEquiv conf="0.9112192881462121">
          <Unicode>Getuijgen ise die van hem gegeven</Unicode>
        </TextEquiv>
        <TextStyle xHeight="38"/>
      </TextLine>
      <TextLine id="line_5ef03ff0-59bc-48b3-8ef7-983bd55644af">
        <Coords points="1169,3783 1455,3787 1555,3795 1567,3804 2075,3799 2087,3811 2307,3812 2315,3804 2382,3804 2434,3796 2446,3784 2522,3779 3202,3779 3406,3787 3450,3831 3471,3831 3471,3914 3350,3914 3335,3903 3306,3903 3278,3919 3190,3931 3126,3922 2774,3918 2754,3899 2374,3900 2367,3907 2111,3907 2099,3899 1790,3907 1639,3903 1622,3915 1347,3910 1291,3959 1259,3975 1227,3986 1169,3986"/>
        <Baseline points="1210,3891 1260,3884 1310,3880 1360,3876 1410,3873 1460,3872 1510,3871 1560,3869 1610,3869 1660,3870 1710,3870 1760,3868 1810,3867 1860,3866 1910,3867 1960,3867 2010,3868 2060,3867 2110,3867 2160,3868 2210,3868 2260,3866 2310,3868 2360,3869 2410,3871 2460,3872 2510,3872 2560,3873 2610,3875 2660,3877 2710,3879 2760,3879 2810,3881 2860,3883 2910,3883 2960,3883 3010,3884 3060,3886 3110,3886 3160,3885 3210,3886 3260,3890 3310,3891 3360,3892 3410,3893 3431,3894"/>
        <Word id="word_a5bebbe1-d02d-4b7b-947b-7683c1112e44">
          <Coords points="1205,3856 1255,3849 1307,3845 1357,3841 1408,3838 1459,3837 1509,3836 1553,3834 1555,3879 1510,3881 1460,3882 1411,3883 1361,3886 1311,3890 1261,3894 1211,3901"/>
          <TextEquiv>
            <Unicode>werden,</Unicode>
          </TextEquiv>
        </Word>
        <Word id="word_afe07570-7461-4a48-a364-947c268619fa">
          <Coords points="1614,3834 1620,3835 1661,3835 1710,3835 1751,3833 1752,3878 1710,3880 1660,3880 1607,3879 1601,3877"/>
          <TextEquiv>
            <Unicode>Bij</Unicode>
          </TextEquiv>
        </Word>
        <Word id="word_dd3df38b-becd-43d0-81ac-a81a4f1aad50">
          <Coords points="1804,3831 1813,3832 1859,3831 1911,3832 1960,3832 2011,3833 2048,3832 2048,3877 2010,3878 1960,3877 1910,3877 1860,3876 1809,3877 1801,3876"/>
          <TextEquiv>
            <Unicode>desen</Unicode>
          </TextEquiv>
        </Word>
        <Word id="word_a5882c61-a11f-4087-b0fe-d8e23aa77db8">
          <Coords points="2100,3831 2112,3832 2161,3833 2210,3833 2244,3832 2246,3877 2210,3878 2160,3878 2109,3877 2097,3876"/>
          <TextEquiv>
            <Unicode>een</Unicode>
          </TextEquiv>
        </Word>
        <Word id="word_252f45b7-843e-4f22-8f79-4ed46ac89c01">
          <Coords points="2303,3830 2318,3834 2361,3834 2411,3836 2461,3837 2510,3837 2561,3838 2611,3840 2661,3842 2711,3844 2739,3844 2739,3889 2710,3889 2660,3887 2610,3885 2560,3883 2510,3882 2460,3882 2410,3881 2360,3879 2308,3878 2293,3874"/>
          <TextEquiv>
            <Unicode>tractam„t</Unicode>
          </TextEquiv>
        </Word>
        <Word id="word_d57a949c-3281-45e3-928e-cc450c512131">
          <Coords points="2792,3844 2813,3846 2861,3848 2910,3848 2937,3848 2937,3893 2910,3893 2860,3893 2809,3891 2788,3889"/>
          <TextEquiv>
            <Unicode>van</Unicode>
          </TextEquiv>
        </Word>
        <Word id="word_c0ac3170-178d-4d19-81e5-a59d1d71b166">
          <Coords points="2987,3848 3011,3849 3061,3851 3110,3851 3159,3850 3211,3851 3263,3855 3311,3856 3361,3857 3411,3858 3432,3859 3430,3904 3410,3903 3360,3902 3310,3901 3259,3900 3210,3896 3160,3895 3110,3896 3060,3896 3010,3894 2986,3893"/>
          <TextEquiv>
            <Unicode>veerthien</Unicode>
          </TextEquiv>
        </Word>
        <TextEquiv conf="0.9306950634372686">
          <Unicode>werden, Bij desen een tractam„t van veerthien</Unicode>
        </TextEquiv>
        <TextStyle xHeight="48"/>
      </TextLine>
      <TextLine id="line_2d21391e-3a5f-4487-b1b7-f587fd50acd5">
        <Coords points="1182,3986 1224,3986 1276,3967 1312,3943 1360,3895 1632,3894 1640,3902 1728,3906 2100,3898 2112,3907 2755,3898 2775,3918 2839,3919 3279,3919 3307,3903 3335,3902 3351,3914 3383,3914 3423,3954 3436,3957 3436,4040 3419,4042 3384,4077 3359,4072 3331,4081 3263,4081 3247,4073 2927,4069 2919,4061 2743,4061 2719,4081 2698,4085 2531,4080 2485,4049 2423,4054 2371,4049 2359,4041 2104,4033 1276,4034 1182,4042"/>
        <Baseline points="1223,4032 1273,4021 1323,4013 1373,4008 1423,4004 1473,4002 1523,4002 1573,4001 1623,4002 1673,4001 1723,4001 1773,4001 1823,4001 1873,4003 1923,4003 1973,4003 2023,4004 2073,4004 2123,4003 2173,4004 2223,4007 2273,4008 2323,4008 2373,4009 2423,4010 2473,4010 2523,4010 2573,4010 2623,4011 2673,4010 2723,4010 2773,4011 2823,4013 2873,4013 2923,4013 2973,4012 3023,4012 3073,4013 3123,4016 3173,4018 3223,4019 3273,4020 3323,4021 3373,4023 3396,4020"/>
        <Word id="word_1c0c36f3-da9d-4bc1-8579-68c88eb280ac">
          <Coords points="1215,3998 1265,3987 1317,3978 1370,3973 1420,3969 1472,3967 1523,3967 1572,3966 1602,3967 1601,4012 1573,4011 1523,4012 1473,4012 1424,4014 1374,4018 1325,4023 1275,4031 1225,4042"/>
          <TextEquiv>
            <Unicode>Guldens</Unicode>
          </TextEquiv>
        </Word>
        <Word id="word_a72946fa-5057-4e1f-bf3e-53addb0a2d5f">
          <Coords points="1653,3968 1670,3966 1723,3966 1773,3966 1819,3966 1819,4011 1773,4011 1723,4011 1674,4011 1657,4013"/>
          <TextEquiv>
            <Unicode>ter</Unicode>
          </TextEquiv>
        </Word>
        <Word id="word_f8274675-4595-415b-92fb-5aa63578581a">
          <Coords points="1875,3966 1924,3968 1973,3968 2024,3969 2073,3969 2122,3968 2174,3969 2202,3971 2199,4016 2173,4014 2123,4013 2073,4014 2023,4014 1973,4013 1923,4013 1873,4011"/>
          <TextEquiv>
            <Unicode>maendt</Unicode>
          </TextEquiv>
        </Word>
        <Word id="word_57b6a56a-51a2-47d9-90ba-821e1a46a598">
          <Coords points="2252,3974 2271,3973 2323,3973 2374,3974 2424,3975 2473,3975 2523,3975 2573,3975 2624,3976 2672,3975 2723,3975 2774,3976 2799,3977 2797,4022 2773,4021 2723,4020 2673,4020 2623,4021 2573,4020 2523,4020 2473,4020 2423,4020 2373,4019 2323,4018 2273,4018 2254,4019"/>
          <TextEquiv>
            <Unicode>toegeleijt</Unicode>
          </TextEquiv>
        </Word>
        <Word id="word_ca17f3b1-eb87-4285-bf92-8db093428ad2">
          <Coords points="2850,3979 2871,3978 2923,3978 2972,3977 3023,3977 3074,3978 3125,3981 3126,3981 3124,4026 3122,4026 3073,4023 3023,4022 2973,4022 2923,4023 2874,4023 2853,4024"/>
          <TextEquiv>
            <Unicode>midts</Unicode>
          </TextEquiv>
        </Word>
        <Word id="word_534a61c1-c8f4-4f56-8932-a8e06ca3f4fa">
          <Coords points="3179,3983 3224,3984 3274,3985 3324,3986 3374,3988 3391,3985 3397,4030 3373,4033 3323,4031 3273,4030 3223,4029 3178,4028"/>
          <TextEquiv>
            <Unicode>daer</Unicode>
          </TextEquiv>
        </Word>
        <TextEquiv conf="0.9540122943498475">
          <Unicode>Guldens ter maendt toegeleijt midts daer</Unicode>
        </TextEquiv>
        <TextStyle xHeight="52"/>
      </TextLine>
      <TextLine id="f4c71330-435a-4ea4-9222-032799a95084">
        <Coords points="1187,4042 1325,4033 2104,4033 2359,4041 2371,4049 2423,4054 2485,4049 2515,4077 2531,4081 2698,4086 2719,4082 2743,4061 2919,4061 2927,4069 3246,4073 3274,4097 3374,4101 3382,4109 3406,4086 3439,4086 3439,4169 3378,4165 3342,4177 3306,4177 3286,4193 3242,4197 3226,4196 3206,4180 2967,4176 2687,4176 2675,4185 2248,4180 2152,4185 2129,4193 2093,4165 1616,4170 1553,4181 1187,4180"/>
        <Baseline points="1228,4156 1278,4148 1328,4148 1378,4147 1428,4147 1478,4147 1528,4145 1578,4145 1628,4146 1678,4143 1728,4142 1778,4141 1828,4140 1878,4138 1928,4138 1978,4138 2028,4138 2078,4136 2128,4136 2178,4137 2228,4138 2278,4138 2328,4141 2378,4145 2428,4147 2478,4149 2528,4150 2578,4149 2628,4149 2678,4151 2728,4151 2778,4151 2828,4153 2878,4154 2928,4152 2978,4151 3028,4150 3078,4150 3128,4151 3178,4152 3228,4152 3278,4152 3328,4152 3378,4152 3399,4149"/>
        <Word id="word_27561386-cef5-4f11-bfb3-4874e7e5d4a4">
          <Coords points="1222,4121 1272,4113 1328,4113 1377,4112 1428,4112 1429,4112 1429,4157 1428,4157 1378,4157 1328,4158 1280,4158 1230,4166"/>
          <TextEquiv>
            <Unicode>voor</Unicode>
          </TextEquiv>
        </Word>
        <Word id="word_bf3054e1-bd17-4749-88dd-9b3cb62fbc9f">
          <Coords points="1479,4112 1527,4110 1578,4110 1629,4111 1676,4108 1727,4107 1777,4106 1827,4105 1877,4103 1884,4103 1884,4148 1878,4148 1828,4150 1778,4151 1728,4152 1679,4153 1628,4156 1578,4155 1528,4155 1480,4157"/>
          <TextEquiv>
            <Unicode>gehouden</Unicode>
          </TextEquiv>
        </Word>
        <Word id="word_e0751573-febd-411a-9b8b-655b56a2943e">
          <Coords points="1935,4103 1978,4103 2028,4103 2077,4101 2128,4101 2179,4102 2229,4103 2238,4103 2238,4148 2228,4148 2178,4147 2128,4146 2078,4146 2028,4148 1978,4148 1935,4148"/>
          <TextEquiv>
            <Unicode>Blijft</Unicode>
          </TextEquiv>
        </Word>
        <Word id="word_cb2845d4-f7e1-4ee4-9cc1-c020a83de450">
          <Coords points="2291,4103 2331,4106 2341,4107 2338,4152 2327,4151 2287,4148"/>
          <TextEquiv>
            <Unicode>t</Unicode>
          </TextEquiv>
        </Word>
        <Word id="word_f9e6ad95-5131-41a4-9368-e2dd3163e73d">
          <Coords points="2390,4111 2429,4112 2479,4114 2529,4115 2577,4114 2628,4114 2679,4116 2728,4116 2778,4116 2829,4118 2879,4119 2893,4118 2894,4163 2878,4164 2828,4163 2778,4161 2728,4161 2678,4161 2628,4159 2578,4159 2528,4160 2478,4159 2428,4157 2389,4156"/>
          <TextEquiv>
            <Unicode>botteliers</Unicode>
          </TextEquiv>
        </Word>
        <Word id="word_05f3abcb-979a-41cf-b19b-267185c4158b">
          <Coords points="2944,4116 2978,4116 3027,4115 3078,4115 3129,4116 3147,4116 3146,4161 3128,4161 3078,4160 3028,4160 2978,4161 2945,4161"/>
          <TextEquiv>
            <Unicode>maet</Unicode>
          </TextEquiv>
        </Word>
        <Word id="word_a6cd4616-0498-45be-a192-8992877a70ea">
          <Coords points="3197,4117 3228,4117 3278,4117 3328,4117 3378,4117 3394,4114 3400,4159 3378,4162 3328,4162 3278,4162 3228,4162 3197,4162"/>
          <TextEquiv>
            <Unicode>samp</Unicode>
          </TextEquiv>
        </Word>
        <TextEquiv conf="0.8479654327454235">
          <Unicode>voor gehouden Blijft t botteliers maet samp</Unicode>
        </TextEquiv>
        <TextStyle xHeight="43"/>
      </TextLine>
      <TextLine id="line_09e7cadb-f9b5-45ef-8e03-3ad482ddff02">
        <Coords points="1204,4181 1550,4182 1622,4170 2092,4165 2130,4194 2149,4186 2217,4181 3212,4181 3220,4189 3277,4193 3277,4276 2721,4278 2669,4325 2640,4316 2472,4317 2457,4304 2409,4300 2361,4325 2289,4325 2261,4316 1993,4316 1969,4300 1204,4293"/>
        <Baseline points="1245,4284 1295,4282 1345,4280 1395,4278 1445,4276 1495,4275 1545,4275 1595,4275 1645,4273 1695,4274 1745,4274 1795,4274 1845,4275 1895,4275 1945,4274 1995,4272 2045,4272 2095,4270 2145,4268 2195,4266 2245,4264 2295,4262 2345,4261 2395,4261 2445,4261 2495,4260 2545,4259 2595,4258 2645,4258 2695,4258 2745,4257 2795,4256 2845,4256 2895,4257 2945,4257 2995,4256 3045,4257 3095,4258 3145,4258 3195,4257 3237,4256"/>
        <Word id="word_1b294653-0582-4589-a612-ad7825366115">
          <Coords points="1244,4249 1294,4247 1344,4245 1394,4243 1444,4241 1486,4240 1487,4285 1445,4286 1395,4288 1345,4290 1295,4292 1245,4294"/>
          <TextEquiv>
            <Unicode>mede</Unicode>
          </TextEquiv>
        </Word>
        <Word id="word_f0e4b1f0-9880-419c-bb68-a3509e263320">
          <Coords points="1547,4239 1596,4240 1644,4238 1696,4239 1745,4239 1788,4239 1788,4284 1745,4284 1695,4284 1645,4283 1595,4285 1547,4284"/>
          <TextEquiv>
            <Unicode>waer</Unicode>
          </TextEquiv>
        </Word>
        <Word id="word_e43190bf-ab63-4422-b5ba-65aea764b60e">
          <Coords points="1849,4239 1896,4240 1944,4239 1968,4238 1970,4283 1945,4284 1895,4285 1848,4284"/>
          <TextEquiv>
            <Unicode>te</Unicode>
          </TextEquiv>
        </Word>
        <Word id="word_76dc860a-1823-4927-a50f-6deaa83d09e1">
          <Coords points="2033,4236 2048,4237 2094,4235 2144,4233 2194,4231 2244,4229 2294,4227 2331,4226 2331,4271 2295,4272 2245,4274 2195,4276 2145,4278 2095,4280 2044,4282 2029,4281"/>
          <TextEquiv>
            <Unicode>nemen</Unicode>
          </TextEquiv>
        </Word>
        <Word id="word_85f62848-b5cc-4273-baae-12a4c9979b83">
          <Coords points="2401,4226 2404,4227 2445,4226 2494,4225 2544,4224 2594,4223 2645,4223 2695,4223 2744,4222 2794,4221 2845,4221 2896,4222 2945,4222 2994,4221 2996,4221 2995,4266 2995,4266 2945,4267 2895,4267 2845,4266 2795,4266 2745,4267 2695,4268 2645,4268 2595,4268 2545,4269 2495,4270 2445,4271 2392,4271 2389,4270"/>
          <TextEquiv>
            <Unicode>jnnegaende</Unicode>
          </TextEquiv>
        </Word>
        <Word id="word_7e7fa521-595f-4027-a58c-90c8d65858ad">
          <Coords points="3056,4222 3096,4223 3145,4223 3194,4222 3236,4221 3237,4266 3195,4267 3145,4268 3095,4268 3055,4267"/>
          <TextEquiv>
            <Unicode>det</Unicode>
          </TextEquiv>
        </Word>
        <TextEquiv conf="0.8627173998289469">
          <Unicode>mede waer te nemen jnnegaende det</Unicode>
        </TextEquiv>
        <TextStyle xHeight="42"/>
      </TextLine>
      <TextLine id="line_40b46090-77fb-4d56-8104-6338833cc5b2">
        <Coords points="1199,4312 1473,4309 1601,4300 1969,4300 1993,4316 2261,4316 2289,4325 2361,4325 2409,4300 2457,4304 2471,4317 2640,4316 2669,4325 2701,4300 2949,4300 2977,4308 3005,4336 3122,4343 3119,4430 2237,4421 2221,4434 2197,4438 1997,4442 1957,4441 1941,4429 1821,4429 1773,4473 1733,4489 1641,4489 1633,4497 1573,4497 1541,4513 1485,4517 1199,4521"/>
        <Baseline points="1240,4425 1290,4425 1340,4421 1390,4419 1440,4417 1490,4414 1540,4410 1590,4409 1640,4408 1690,4406 1740,4405 1790,4404 1840,4403 1890,4400 1940,4399 1990,4396 2040,4394 2090,4392 2140,4391 2190,4390 2240,4389 2290,4389 2340,4389 2390,4388 2440,4388 2490,4388 2540,4389 2590,4389 2640,4390 2690,4391 2740,4391 2790,4391 2840,4391 2890,4390 2940,4392 2990,4392 3040,4398 3082,4406"/>
        <Word id="word_31658643-04eb-45e5-8222-b914a0b4f6a2">
          <Coords points="1240,4390 1290,4390 1337,4386 1389,4384 1439,4382 1488,4379 1537,4375 1589,4374 1639,4373 1689,4371 1739,4370 1789,4369 1839,4368 1888,4365 1909,4365 1910,4410 1891,4410 1840,4413 1790,4414 1740,4415 1690,4416 1640,4418 1590,4419 1541,4420 1491,4424 1440,4427 1390,4429 1341,4431 1290,4435 1240,4435"/>
          <TextEquiv>
            <Unicode>verbeteringe</Unicode>
          </TextEquiv>
        </Word>
        <Word id="word_3bd4b6cc-9677-493e-9c27-39cc44ca908e">
          <Coords points="1962,4364 1986,4361 2039,4359 2089,4357 2133,4356 2133,4401 2090,4402 2040,4404 1991,4406 1967,4408"/>
          <TextEquiv>
            <Unicode>van</Unicode>
          </TextEquiv>
        </Word>
        <Word id="word_ad63c361-9e57-4dda-85e0-b53036691040">
          <Coords points="2188,4355 2189,4355 2239,4354 2290,4354 2340,4354 2389,4353 2440,4353 2468,4353 2468,4398 2440,4398 2390,4398 2340,4399 2290,4399 2240,4399 2190,4400 2189,4400"/>
          <TextEquiv>
            <Unicode>gagie</Unicode>
          </TextEquiv>
        </Word>
        <Word id="word_451e4c75-f48e-4d56-8bd1-c94edc314a2f">
          <Coords points="2527,4353 2542,4354 2590,4354 2641,4355 2691,4356 2740,4356 2748,4356 2748,4401 2740,4401 2690,4401 2640,4400 2590,4399 2539,4399 2524,4398"/>
          <TextEquiv>
            <Unicode>dato</Unicode>
          </TextEquiv>
        </Word>
        <Word id="word_d0fe7c79-5196-4300-93fd-2c4ba208458c">
          <Coords points="2804,4356 2840,4356 2889,4355 2941,4357 2990,4357 3044,4363 3088,4372 3080,4416 3039,4408 2990,4402 2940,4402 2890,4400 2840,4401 2804,4401"/>
          <TextEquiv>
            <Unicode>deses</Unicode>
          </TextEquiv>
        </Word>
        <TextEquiv conf="0.9397327486963343">
          <Unicode>verbeteringe van gagie dato deses</Unicode>
        </TextEquiv>
        <TextStyle xHeight="52"/>
      </TextLine>
    </TextRegion>
    <TextRegion id="region_46532138-de63-4b0e-bb4c-060b8beefc91_4" custom="structure {type:catch-word;}">
      <Coords points="2992,4385 2985,4385 2978,4392 2975,4392 2971,4395 2964,4395 2961,4399 2916,4399 2912,4402 2888,4402 2957,4402 2961,4399 2971,4399 2975,4395 2982,4395 2985,4392 2989,4392 2992,4388"/>
    </TextRegion>
  </Page>
</PcGts>
