<?xml version="1.0" encoding="UTF-8"?>
<PcGts xmlns="http://schema.primaresearch.org/PAGE/gts/pagecontent/2013-07-15">
  <Metadata externalRef="43e09882-0ed3-4cf6-927a-c6bc2f8b7211">
    <Creator>Laypa</Creator>
    <Created>2023-09-08T02:22:40</Created>
    <LastChange>2023-09-08T03:38:12</LastChange>
    <Comment>license: CC0</Comment>
    <MetadataItem type="processingStep" name="layout-analysis" value="laypa">
      <Labels>
        <Label value="228a7d24385cff0e51687c00d0e65a2c2a9703d5" type="githash"/>
        <Label value="61334eb4-edff-4af5-b036-b5927f35bbcf" type="uuid"/>
        <Label value="https://hdl.handle.net/10622/VMSCBR" type="laypamodelremote"/>
      </Labels>
    </MetadataItem>
    <MetadataItem type="processingStep" name="region-analysis" value="laypa">
      <Labels>
        <Label value="0a3442b4-835c-44bc-9115-3fd08263a5dc" type="uuid"/>
        <Label value="https://hdl.handle.net/10622/DMAS2T" type="laypamodelremote"/>
      </Labels>
    </MetadataItem>
    <MetadataItem type="processingStep" name="htr" value="loghi-htr">
      <Labels>
        <Label value="9efb3e0ff4338dc6e07d110ac4d435f27f5b0e16&#10;" type="githash"/>
        <Label value="3a9bdaa3-493c-483e-bbb2-f51961b8e5a0" type="uuid"/>
        <Label value="64" type="batch_size"/>
        <Label value="https://hdl.handle.net/10622/X2JZYY" type="loghihtrmodelremote"/>
      </Labels>
    </MetadataItem>
    <MetadataItem type="processingStep" name="word-splitting" value="loghi-htr-tooling"/>
    <MetadataItem type="other" name="dataset" value="https://hdl.handle.net/10622/LVXSBW">
      <Labels>
        <Label value="VOC transcriptions v2 - GLOBALISE" type="name"/>
        <Label value="Dataset in pagexml and txt format, including data card." type="description"/>
        <Label value="https://globalise.huygens.knaw.nl/" type="creator"/>
        <Label value="https://hdl.handle.net/10622/LVXSBW" type="url"/>
      </Labels>
    </MetadataItem>
  </Metadata>
  <Page imageFilename="NL-HaNA_1.04.02_1161_0214.jpg" imageWidth="3587" imageHeight="4883">
    <ReadingOrder>
      <OrderedGroup id="orderedgroup_36ae1ac2-3202-4e82-8700-2ba60bd64d16">
        <RegionRefIndexed index="0" regionRef="region_a9faeaa1-b34b-43bb-976c-be9fe670b203_5"/>
        <RegionRefIndexed index="1" regionRef="region_278ec4b7-c70e-4623-a955-39faf43040bd_4"/>
        <RegionRefIndexed index="2" regionRef="region_720f8002-90fe-4b8a-9aee-2a84080ca118_7"/>
        <RegionRefIndexed index="3" regionRef="region_fa58b94c-9029-42aa-abd3-34d882c4c60f_6"/>
        <RegionRefIndexed index="4" regionRef="region_60d0a506-0680-4300-a66c-5b77e3472e0b_1"/>
        <RegionRefIndexed index="5" regionRef="region_64a1761d-86bc-446c-96d6-408910554e88_2"/>
        <RegionRefIndexed index="6" regionRef="region_7162871b-c020-4455-9896-63b6d4ab34ee_3"/>
      </OrderedGroup>
    </ReadingOrder>
    <TextRegion id="region_a9faeaa1-b34b-43bb-976c-be9fe670b203_5" custom="structure {type:header;}">
      <Coords points="830,245 830,259 834,263 834,266 841,273 844,273 848,277 851,277 855,280 858,280 862,284 865,284 869,287 1096,287 1093,284 1093,280 1086,273 1086,270 1082,266 1082,263 1079,259 1072,259 1068,256 1065,256 1061,252 1058,252 1054,249 1051,249 1047,245 1044,245 1040,242 1037,242 1030,235 1026,235 1016,224 995,224 991,221 974,221 970,217 963,217 960,214 956,214 953,210 949,210 946,207 942,207 939,203 918,203 914,207 900,207 897,210 890,210 886,214 869,214 865,217 862,217 858,221 855,221"/>
      <TextLine id="line_1084c02c-064c-4c2f-b633-4cdfcf3d494b">
        <Coords points="804,169 854,168 878,188 1342,188 1358,200 1459,200 1459,282 1154,282 1090,342 1070,350 804,350"/>
        <Baseline points="844,274 894,274 944,272 994,270 1044,270 1094,266 1144,263 1194,262 1244,263 1294,263 1344,264 1394,265 1420,262"/>
        <Word id="word_e382d5c8-3750-4727-b35c-624592d128ef">
          <Coords points="844,239 894,239 943,237 993,235 1044,235 1091,231 1130,229 1133,274 1095,276 1044,280 994,280 944,282 894,284 844,284"/>
          <TextEquiv>
            <Unicode>decembr:</Unicode>
          </TextEquiv>
        </Word>
        <Word id="word_b7cff167-9f0b-49f6-bafd-4b966db4be72">
          <Coords points="1169,227 1195,227 1241,228 1240,273 1194,272 1168,272"/>
          <TextEquiv>
            <Unicode>ao</Unicode>
          </TextEquiv>
        </Word>
        <Word id="word_d0936ab6-3fbb-4bf9-9a04-7e4161e9c01d">
          <Coords points="1275,229 1293,228 1345,229 1395,230 1416,227 1421,272 1394,275 1344,274 1294,273 1276,274"/>
          <TextEquiv>
            <Unicode>1645</Unicode>
          </TextEquiv>
        </Word>
        <TextEquiv conf="0.850766227777031">
          <Unicode>decembr: ao 1645</Unicode>
        </TextEquiv>
        <TextStyle xHeight="60"/>
      </TextLine>
    </TextRegion>
    <TextRegion id="region_278ec4b7-c70e-4623-a955-39faf43040bd_4" custom="structure {type:header;}">
      <Coords points="1419,242 1415,238 1415,231 1398,214 1394,214 1391,210 1380,210 1377,207 1317,207 1314,210 1303,210 1300,214 1293,214 1289,217 1286,217 1282,221 1279,221 1265,235 1258,235 1254,238 1244,238 1240,242 1233,242 1230,245 1226,245 1226,249 1216,259 1219,263 1219,266 1223,270 1223,277 1226,280 1258,280 1261,277 1356,277 1359,280 1380,280 1384,277 1391,277 1394,273 1398,273 1405,266 1408,266 1415,259 1415,252 1419,249"/>
    </TextRegion>
    <TextRegion id="region_720f8002-90fe-4b8a-9aee-2a84080ca118_7" custom="structure {type:marginalia;}">
      <Coords points="942,200 942,203 946,203 949,207 953,207 956,210 960,210 963,214 970,214 974,217 991,217 995,221 1016,221 1026,231 1030,231 1037,238 1040,238 1044,242 1047,242 1051,245 1054,245 1058,249 1061,249 1065,252 1068,252 1072,256 1079,256 1086,263 1086,266 1089,270 1089,273 1096,280 1096,284 1100,287 1124,287 1128,291 1184,291 1187,287 1212,287 1216,284 1223,284 1223,280 1219,277 1219,270 1216,266 1216,263 1212,259 1223,249 1223,245 1226,242 1226,231 1223,228 1219,228 1216,224 1212,224 1209,221 1184,221 1180,217 1173,217 1170,214 1117,214 1114,210 1107,210 1103,207 1089,207 1086,203 1051,203 1047,207 1044,207 1040,203 995,203 991,200"/>
    </TextRegion>
    <TextRegion id="region_fa58b94c-9029-42aa-abd3-34d882c4c60f_6" custom="structure {type:marginalia;}">
      <Coords points="1135,1482 1138,1485 1145,1485 1149,1489 1156,1489 1159,1492 1166,1492 1170,1496 1184,1496 1187,1492 1194,1492 1198,1489 1198,1485 1191,1485 1187,1482"/>
    </TextRegion>
    <TextRegion id="region_60d0a506-0680-4300-a66c-5b77e3472e0b_1" custom="structure {type:paragraph;}">
      <Coords points="1289,382 1265,417 1275,518 1268,1142 1279,1226 1268,1366 1279,1447 1254,1471 1184,1499 1009,1443 925,1443 890,1478 907,1510 991,1517 1100,1552 1184,1545 1230,1573 1226,1604 1247,1674 1240,1979 1258,2519 1251,3142 1275,3643 1265,3703 1237,3720 1187,3731 1026,3720 998,3734 967,3773 967,3825 1019,3857 1187,3860 1240,3927 1282,3955 1471,3937 2795,3930 3034,3909 3216,3916 3352,3906 3391,3773 3384,3731 3356,3710 3289,3720 3006,3706 2396,3713 1986,3692 1972,3678 1990,3660 1969,3604 2000,3576 2077,3562 3023,3569 3195,3552 3338,3573 3363,3566 3384,3538 3366,3303 3373,2231 3398,1892 3370,1510 3359,1492 3317,1478 2946,1471 2743,1450 2725,1436 2764,1412 2774,1359 2809,1331 2988,1307 3307,1321 3373,1307 3380,1068 3359,638 3370,448 3356,413 3328,389 3202,392 2883,361 2466,371 1583,357 1475,378 1352,368"/>
      <TextLine id="ed888917-5234-4b92-b626-01121d64ee05">
        <Coords points="1232,311 1446,320 2873,323 2893,339 2993,339 3061,371 3153,375 3161,383 3277,383 3289,392 3394,392 3394,474 3341,474 3324,490 3125,490 3101,489 3081,469 3017,465 2573,465 2526,454 2345,454 2338,447 1910,442 1594,442 1562,462 1232,462"/>
        <Baseline points="1272,426 1322,424 1372,424 1422,425 1472,424 1522,423 1572,422 1622,421 1672,420 1722,420 1772,421 1822,421 1872,421 1922,421 1972,420 2022,420 2072,421 2122,420 2172,419 2222,419 2272,419 2322,418 2372,419 2422,419 2472,419 2522,419 2572,420 2622,418 2672,417 2722,417 2772,417 2822,418 2872,419 2922,421 2972,423 3022,426 3072,428 3122,431 3172,435 3222,440 3272,445 3322,450 3355,454"/>
        <Word id="word_0fbac898-f5f9-4b40-b67f-eb93143411fa">
          <Coords points="1271,391 1321,389 1360,389 1360,434 1322,434 1272,436"/>
          <TextEquiv>
            <Unicode>een</Unicode>
          </TextEquiv>
        </Word>
        <Word id="word_a57a27f1-0228-486a-904d-8ea74cc28d33">
          <Coords points="1390,389 1423,390 1471,389 1506,388 1507,433 1472,434 1422,435 1389,434"/>
          <TextEquiv>
            <Unicode>uijr</Unicode>
          </TextEquiv>
        </Word>
        <Word id="word_9b13ccdc-1486-4bd7-a775-f80374c46f8c">
          <Coords points="1535,388 1571,387 1621,386 1624,386 1624,431 1622,431 1572,432 1536,433"/>
          <TextEquiv>
            <Unicode>off</Unicode>
          </TextEquiv>
        </Word>
        <Word id="word_c1a64a08-0903-487d-9229-a794f101f81c">
          <Coords points="1653,385 1671,385 1722,385 1773,386 1822,386 1872,386 1922,386 1971,385 1977,385 1977,430 1972,430 1922,431 1872,431 1822,431 1772,431 1722,430 1672,430 1654,430"/>
          <TextEquiv>
            <Unicode>meersittens</Unicode>
          </TextEquiv>
        </Word>
        <Word id="word_c8bc6e77-ae42-4218-8a2d-395299c7c385">
          <Coords points="2006,385 2022,385 2073,386 2121,385 2171,384 2211,384 2211,429 2172,429 2122,430 2072,431 2022,430 2006,430"/>
          <TextEquiv>
            <Unicode>begoste</Unicode>
          </TextEquiv>
        </Word>
        <Word id="word_8f07ad56-a47f-429a-8ef7-d2500c59bf66">
          <Coords points="2241,384 2272,384 2321,383 2373,384 2422,384 2472,384 2522,384 2573,385 2621,383 2622,383 2623,428 2622,428 2572,430 2522,429 2472,429 2422,429 2372,429 2322,428 2272,429 2241,429"/>
          <TextEquiv>
            <Unicode>wedervangelt,</Unicode>
          </TextEquiv>
        </Word>
        <Word id="word_0e97b002-b873-484c-bb66-c8c39f3ec811">
          <Coords points="2651,382 2671,382 2722,382 2772,382 2823,383 2858,384 2857,429 2822,428 2772,427 2722,427 2672,427 2652,427"/>
          <TextEquiv>
            <Unicode>alamb:r</Unicode>
          </TextEquiv>
        </Word>
        <Word id="word_94ea815e-ecea-4907-9839-ac477373ba3c">
          <Coords points="2888,384 2924,386 2973,388 3006,390 3003,435 2972,433 2922,431 2886,429"/>
          <TextEquiv>
            <Unicode>ende</Unicode>
          </TextEquiv>
        </Word>
        <Word id="word_0b5d08fa-ce76-4e3b-8382-e0158911eb60">
          <Coords points="3034,392 3073,393 3124,396 3175,400 3225,405 3275,410 3325,415 3359,419 3354,464 3321,460 3271,455 3221,450 3171,445 3121,441 3072,438 3033,437"/>
          <TextEquiv>
            <Unicode>andresaeken</Unicode>
          </TextEquiv>
        </Word>
        <TextEquiv conf="0.8954812345987824">
          <Unicode>een uijr off meersittens begoste wedervangelt, alamb:r ende andresaeken</Unicode>
        </TextEquiv>
        <TextStyle xHeight="46"/>
      </TextLine>
      <TextLine id="line_65be11f7-8860-44de-be40-253acae9cb85">
        <Coords points="1226,463 1556,463 1592,442 2327,442 2347,454 2535,454 2579,466 3082,470 3106,494 3222,494 3274,502 3282,510 3330,510 3346,526 3387,518 3387,600 3078,596 3066,588 2803,588 2776,612 2607,612 2583,600 2427,600 2407,617 2367,617 2319,612 2295,588 1831,584 1807,605 1688,605 1676,596 1512,596 1432,568 1226,573"/>
        <Baseline points="1266,541 1316,542 1366,540 1416,541 1466,541 1516,542 1566,544 1616,543 1666,542 1716,543 1766,542 1816,543 1866,544 1916,544 1966,544 2016,544 2066,545 2116,545 2166,545 2216,545 2266,545 2316,544 2366,543 2416,543 2466,542 2516,542 2566,542 2616,542 2666,542 2716,542 2766,542 2816,544 2866,545 2916,546 2966,546 3016,549 3066,550 3116,552 3166,556 3216,560 3266,564 3316,573 3348,580"/>
        <Word id="word_00e1e1cf-0650-4993-9e19-ffb22140d1d5">
          <Coords points="1267,506 1317,507 1321,507 1323,552 1316,552 1266,551"/>
          <TextEquiv>
            <Unicode>te</Unicode>
          </TextEquiv>
        </Word>
        <Word id="word_0bb08b18-61c3-4b17-9b68-3a85bfa5ae70">
          <Coords points="1349,506 1365,505 1417,506 1466,506 1517,507 1567,509 1575,509 1576,554 1566,554 1516,552 1466,551 1416,551 1366,550 1351,551"/>
          <TextEquiv>
            <Unicode>praeten,</Unicode>
          </TextEquiv>
        </Word>
        <Word id="word_e48c8bd7-efcd-401f-8ee0-b1122c49ade0">
          <Coords points="1603,508 1615,508 1665,507 1716,508 1717,508 1717,553 1716,553 1666,552 1616,553 1604,553"/>
          <TextEquiv>
            <Unicode>daer</Unicode>
          </TextEquiv>
        </Word>
        <Word id="word_a34a93c1-aff4-4324-8885-0d1fae72151a">
          <Coords points="1744,507 1765,507 1817,508 1867,509 1916,509 1966,509 2016,509 2027,509 2026,554 2016,554 1966,554 1916,554 1866,554 1816,553 1766,552 1745,552"/>
          <TextEquiv>
            <Unicode>versoghten</Unicode>
          </TextEquiv>
        </Word>
        <Word id="word_f089a09f-697e-4485-a6ad-2501f0541715">
          <Coords points="2055,510 2067,510 2116,510 2139,510 2139,555 2116,555 2066,555 2054,555"/>
          <TextEquiv>
            <Unicode>ons</Unicode>
          </TextEquiv>
        </Word>
        <Word id="word_c12056b7-2f07-463d-8892-b2005adfe4c4">
          <Coords points="2167,510 2216,510 2266,510 2279,510 2280,555 2266,555 2216,555 2167,555"/>
          <TextEquiv>
            <Unicode>over</Unicode>
          </TextEquiv>
        </Word>
        <Word id="word_c6af62e9-a7f6-412b-bedf-776244e92afe">
          <Coords points="2307,509 2315,509 2365,508 2416,508 2465,507 2516,507 2566,507 2616,507 2666,507 2716,507 2731,507 2731,552 2716,552 2666,552 2616,552 2566,552 2516,552 2466,552 2416,553 2366,553 2316,554 2308,554"/>
          <TextEquiv>
            <Unicode>Excuserenwilde,</Unicode>
          </TextEquiv>
        </Word>
        <Word id="word_746fab68-802d-42f4-a5cd-624ae255e3a6">
          <Coords points="2759,507 2766,507 2817,509 2867,510 2900,511 2899,556 2866,555 2816,554 2766,552 2759,552"/>
          <TextEquiv>
            <Unicode>alsoo</Unicode>
          </TextEquiv>
        </Word>
        <Word id="word_5c235aea-61c9-48a2-ab7a-2dc6e15e8e45">
          <Coords points="2927,511 2966,511 3014,514 3011,559 2966,556 2928,556"/>
          <TextEquiv>
            <Unicode>tot</Unicode>
          </TextEquiv>
        </Word>
        <Word id="word_101944bb-9a51-4753-863b-a1ab4bcc36e0">
          <Coords points="3040,515 3065,515 3117,517 3169,521 3219,525 3269,529 3322,539 3355,546 3346,590 3314,583 3265,574 3215,570 3165,566 3116,562 3066,560 3040,560"/>
          <TextEquiv>
            <Unicode>uytkieningh</Unicode>
          </TextEquiv>
        </Word>
        <TextEquiv conf="0.9213626371331884">
          <Unicode>te praeten, daer versoghten ons over Excuserenwilde, alsoo tot uytkieningh</Unicode>
        </TextEquiv>
        <TextStyle xHeight="47"/>
      </TextLine>
      <TextLine id="e75e46c4-e253-4e3f-b57c-68c9ed44a9ba">
        <Coords points="1226,574 1432,569 1512,596 1675,596 1687,605 1807,605 1831,584 2295,588 2319,612 2366,617 2410,617 2430,600 2582,600 2610,612 2776,613 2806,588 3065,588 3077,596 3381,604 3422,616 3422,698 3389,729 3329,716 3297,688 3213,684 2826,684 2738,717 2502,720 2422,680 2047,680 2039,672 1226,673"/>
        <Baseline points="1266,653 1316,656 1366,655 1416,654 1466,655 1516,654 1566,654 1616,655 1666,654 1716,654 1766,654 1816,654 1866,653 1916,653 1966,652 2016,651 2066,651 2116,651 2166,651 2216,652 2266,652 2316,651 2366,652 2416,652 2466,652 2516,652 2566,651 2616,651 2666,651 2716,651 2766,651 2816,653 2866,654 2916,655 2966,656 3016,657 3066,658 3116,659 3166,660 3216,663 3266,668 3316,673 3366,676 3383,678"/>
        <Word id="word_c13bbfab-c618-4e39-8889-ae312148ad28">
          <Coords points="1268,618 1318,621 1365,620 1415,619 1467,620 1515,619 1560,619 1560,664 1516,664 1466,665 1416,664 1366,665 1315,666 1265,663"/>
          <TextEquiv>
            <Unicode>vanmeerder</Unicode>
          </TextEquiv>
        </Word>
        <Word id="word_66db6e9c-0b26-4808-a1a5-3e5e1530d7db">
          <Coords points="1591,619 1617,620 1665,619 1716,619 1766,619 1795,619 1795,664 1766,664 1716,664 1666,664 1616,665 1589,664"/>
          <TextEquiv>
            <Unicode>silver,</Unicode>
          </TextEquiv>
        </Word>
        <Word id="word_191014f7-f640-4e4e-b09e-6fc91507c684">
          <Coords points="1824,619 1865,618 1916,618 1942,617 1943,662 1916,663 1866,663 1825,664"/>
          <TextEquiv>
            <Unicode>niet</Unicode>
          </TextEquiv>
        </Word>
        <Word id="word_a18840bd-7939-4827-aadd-28eb54f7aa33">
          <Coords points="1971,617 2015,616 2066,616 2116,616 2166,616 2217,617 2266,617 2295,616 2296,661 2266,662 2216,662 2166,661 2116,661 2066,661 2016,661 1972,662"/>
          <TextEquiv>
            <Unicode>bemachtight</Unicode>
          </TextEquiv>
        </Word>
        <Word id="word_094b8e5a-ce9a-4d69-ba01-7c52a1cba24b">
          <Coords points="2326,616 2367,617 2416,617 2466,617 2501,617 2501,662 2466,662 2416,662 2366,662 2325,661"/>
          <TextEquiv>
            <Unicode>waren,</Unicode>
          </TextEquiv>
        </Word>
        <Word id="word_3e5eebbe-afc1-456b-8e1d-382eb4cf1265">
          <Coords points="2530,617 2565,616 2616,616 2666,616 2716,616 2766,616 2767,616 2766,661 2766,661 2716,661 2666,661 2616,661 2566,661 2531,662"/>
          <TextEquiv>
            <Unicode>alhoewel</Unicode>
          </TextEquiv>
        </Word>
        <Word id="word_ba3c0c7f-91e9-4628-ac68-705939895024">
          <Coords points="2797,617 2817,618 2867,619 2914,620 2913,665 2866,664 2816,663 2795,662"/>
          <TextEquiv>
            <Unicode>sijn</Unicode>
          </TextEquiv>
        </Word>
        <Word id="word_3dfdf3e5-ffcb-4526-9bb0-40c47134bb20">
          <Coords points="2943,621 2967,621 3017,622 3067,623 3117,624 3120,624 3119,669 3116,669 3066,668 3016,667 2966,666 2942,666"/>
          <TextEquiv>
            <Unicode>altese</Unicode>
          </TextEquiv>
        </Word>
        <Word id="word_d943337c-3db9-4c60-bf08-790636d0cd1b">
          <Coords points="3149,625 3167,625 3218,628 3240,630 3235,675 3215,673 3166,670 3148,670"/>
          <TextEquiv>
            <Unicode>met</Unicode>
          </TextEquiv>
        </Word>
        <Word id="word_99013a7c-a3c8-4215-a4ee-73c9ed184390">
          <Coords points="3269,633 3269,633 3319,638 3368,641 3387,643 3382,688 3365,686 3315,683 3265,678 3265,678"/>
          <TextEquiv>
            <Unicode>drie</Unicode>
          </TextEquiv>
        </Word>
        <TextEquiv conf="0.9482706480137476">
          <Unicode>vanmeerder silver, niet bemachtight waren, alhoewel sijn altese met drie</Unicode>
        </TextEquiv>
        <TextStyle xHeight="36"/>
      </TextLine>
      <TextLine id="line_7170784c-fd5d-441b-b36b-1dbbadb44470">
        <Coords points="3257,688 3294,688 3314,701 3385,701 3394,708 3414,687 3409,775 3370,781 3342,772 3304,792 3284,772 3257,772"/>
        <Baseline points="3297,747 3347,747 3375,749"/>
        <Word id="word_1ecbf145-0b96-45a5-a9fd-7d393c6edb6f">
          <Coords points="3297,712 3347,712 3377,714 3374,759 3347,757 3297,757"/>
          <TextEquiv>
            <Unicode>N</Unicode>
          </TextEquiv>
        </Word>
        <TextEquiv conf="0.1450103521347046">
          <Unicode>N</Unicode>
        </TextEquiv>
        <TextStyle xHeight="32"/>
      </TextLine>
      <TextLine id="line_0f61b3f0-0acc-4d4c-a500-f2f1b6af3366">
        <Coords points="1222,673 2039,672 2047,680 2422,680 2502,720 2598,721 2738,717 2826,684 2946,684 3022,736 3205,736 3237,768 3284,772 3304,792 3341,772 3381,779 3418,742 3418,823 3357,827 2786,826 2766,835 2155,830 2116,792 1975,792 1891,796 1854,831 1771,830 1755,814 1623,810 1496,810 1476,827 1396,835 1222,830"/>
        <Baseline points="1262,775 1312,773 1362,774 1412,774 1462,773 1512,772 1562,771 1612,771 1662,770 1712,770 1762,770 1812,770 1862,771 1912,771 1962,771 2012,771 2062,771 2112,770 2162,772 2212,772 2262,772 2312,772 2362,773 2412,773 2462,774 2512,774 2562,774 2612,775 2662,777 2712,778 2762,778 2812,780 2862,782 2912,783 2962,784 3012,785 3062,786 3112,788 3162,790 3212,793 3262,796 3312,800 3362,801 3379,803"/>
        <Word id="word_f53f6230-f309-4ce4-a928-85598c0494ff">
          <Coords points="1261,740 1311,738 1363,739 1412,739 1433,739 1434,784 1412,784 1362,784 1312,783 1262,785"/>
          <TextEquiv>
            <Unicode>kisten</Unicode>
          </TextEquiv>
        </Word>
        <Word id="word_e6bcb2b0-4ed5-4a04-a866-ccaeb73fe9b6">
          <Coords points="1462,738 1511,737 1561,736 1577,736 1577,781 1562,781 1512,782 1462,783"/>
          <TextEquiv>
            <Unicode>gelt</Unicode>
          </TextEquiv>
        </Word>
        <Word id="word_fa88e4ad-8fdc-4ffd-96b3-b6f525c4fd01">
          <Coords points="1605,736 1612,736 1661,735 1712,735 1748,735 1748,780 1712,780 1662,780 1612,781 1605,781"/>
          <TextEquiv>
            <Unicode>boven</Unicode>
          </TextEquiv>
        </Word>
        <Word id="word_ea6ca8f9-602a-4df5-915c-d19fcebc9840">
          <Coords points="1777,735 1812,735 1863,736 1912,736 1920,736 1920,781 1912,781 1862,781 1812,780 1777,780"/>
          <TextEquiv>
            <Unicode>onsen</Unicode>
          </TextEquiv>
        </Word>
        <Word id="word_5350e439-a0b0-40a0-a0a4-4be312b468f7">
          <Coords points="1949,736 1962,736 2012,736 2062,736 2063,736 2063,781 2062,781 2012,781 1962,781 1949,781"/>
          <TextEquiv>
            <Unicode>last</Unicode>
          </TextEquiv>
        </Word>
        <Word id="word_4bae379f-e4bb-4c41-b892-491e5961d314">
          <Coords points="2091,735 2111,735 2163,737 2178,737 2178,782 2162,782 2112,780 2092,780"/>
          <TextEquiv>
            <Unicode>had</Unicode>
          </TextEquiv>
        </Word>
        <Word id="word_916d0988-9935-42d4-b2be-789cfb18ffc8">
          <Coords points="2206,737 2212,737 2262,737 2292,737 2292,782 2262,782 2212,782 2206,782"/>
          <TextEquiv>
            <Unicode>den</Unicode>
          </TextEquiv>
        </Word>
        <Word id="word_dc220541-46e1-478b-b976-d6d56dce222b">
          <Coords points="2322,737 2363,738 2412,738 2463,739 2512,739 2562,739 2613,740 2663,742 2713,743 2750,743 2750,788 2712,788 2662,787 2612,785 2562,784 2512,784 2462,784 2412,783 2362,783 2321,782"/>
          <TextEquiv>
            <Unicode>g'accommodeert,</Unicode>
          </TextEquiv>
        </Word>
        <Word id="word_e0b1d937-2733-4a7f-8c46-ed9e7fe638b8">
          <Coords points="2781,743 2814,745 2863,747 2913,748 2963,749 3013,750 3037,750 3036,795 3012,795 2962,794 2912,793 2862,792 2811,790 2778,788"/>
          <TextEquiv>
            <Unicode>aengaende</Unicode>
          </TextEquiv>
        </Word>
        <Word id="word_725d04e6-a272-4e19-8c33-33ff4e0c20d9">
          <Coords points="3066,751 3113,753 3152,755 3150,800 3112,798 3064,796"/>
          <TextEquiv>
            <Unicode>den</Unicode>
          </TextEquiv>
        </Word>
        <Word id="word_6b0e2ca4-75f1-44ff-a68b-f2feb70768f5">
          <Coords points="3182,756 3214,758 3264,761 3315,765 3363,766 3383,768 3378,813 3362,811 3311,810 3261,806 3211,803 3178,801"/>
          <TextEquiv>
            <Unicode>Alamb:r</Unicode>
          </TextEquiv>
        </Word>
        <TextEquiv conf="0.9033799187227111">
          <Unicode>kisten gelt boven onsen last had den g'accommodeert, aengaende den Alamb:r</Unicode>
        </TextEquiv>
        <TextStyle xHeight="44"/>
      </TextLine>
      <TextLine id="b850d1cb-18cc-4d01-8b2e-a241aa263b2b">
        <Coords points="1229,833 1415,834 1475,826 1495,810 1611,809 1751,813 1779,837 1864,838 1919,789 2115,789 2167,841 2359,841 2367,849 2447,849 2475,857 2727,854 2743,845 3356,853 3356,935 3119,944 3079,982 3048,956 3042,959 2976,924 2959,940 1991,939 1963,964 1755,963 1695,927 1229,928"/>
        <Baseline points="1269,902 1319,899 1369,898 1419,898 1469,897 1519,897 1569,898 1619,898 1669,897 1719,897 1769,896 1819,896 1869,896 1919,896 1969,896 2019,896 2069,897 2119,895 2169,896 2219,896 2269,897 2319,897 2369,896 2419,896 2469,896 2519,897 2569,897 2619,897 2669,897 2719,897 2769,898 2819,899 2869,901 2919,902 2969,903 3019,905 3069,905 3119,907 3169,908 3219,909 3269,911 3317,915"/>
        <Word id="word_b0bd2364-db7f-4e1d-8526-a2ea07939dbe">
          <Coords points="1267,867 1317,864 1368,863 1419,863 1460,862 1461,907 1419,908 1369,908 1320,909 1270,912"/>
          <TextEquiv>
            <Unicode>lakens</Unicode>
          </TextEquiv>
        </Word>
        <Word id="word_5f85bcf3-0328-4cc9-bdc9-ee413044fea4">
          <Coords points="1494,862 1520,862 1570,863 1619,863 1652,862 1653,907 1619,908 1569,908 1519,907 1493,907"/>
          <TextEquiv>
            <Unicode>etc:a</Unicode>
          </TextEquiv>
        </Word>
        <Word id="word_3593f8e2-70b1-4f79-ba7a-f5964b31fc65">
          <Coords points="1685,862 1719,862 1768,861 1819,861 1869,861 1877,861 1877,906 1869,906 1819,906 1769,906 1719,907 1685,907"/>
          <TextEquiv>
            <Unicode>hadden</Unicode>
          </TextEquiv>
        </Word>
        <Word id="word_22dc3ec1-16dc-4a35-b4ba-9780d267662a">
          <Coords points="1909,861 1919,861 1969,861 2019,861 2068,862 2070,862 2069,907 2069,907 2019,906 1969,906 1919,906 1909,906"/>
          <TextEquiv>
            <Unicode>desen</Unicode>
          </TextEquiv>
        </Word>
        <Word id="word_fab186bb-55d0-4e03-958d-3063b8dcdd3c">
          <Coords points="2100,861 2118,860 2170,861 2219,861 2230,861 2229,906 2219,906 2169,906 2119,905 2101,906"/>
          <TextEquiv>
            <Unicode>Jare</Unicode>
          </TextEquiv>
        </Word>
        <Word id="word_7fb53e23-42ca-4091-811e-a576d8242bd0">
          <Coords points="2262,862 2270,862 2319,862 2368,861 2389,861 2389,906 2369,906 2319,907 2269,907 2261,907"/>
          <TextEquiv>
            <Unicode>niet</Unicode>
          </TextEquiv>
        </Word>
        <Word id="word_7b04ae23-8fab-4f0e-8c67-71920007fef0">
          <Coords points="2421,861 2469,861 2520,862 2549,862 2549,907 2519,907 2469,906 2421,906"/>
          <TextEquiv>
            <Unicode>meer</Unicode>
          </TextEquiv>
        </Word>
        <Word id="word_89d7b454-7c63-4af1-b044-87bb47086601">
          <Coords points="2581,862 2619,862 2669,862 2719,862 2770,863 2774,863 2773,908 2769,908 2719,907 2669,907 2619,907 2581,907"/>
          <TextEquiv>
            <Unicode>cunnen</Unicode>
          </TextEquiv>
        </Word>
        <Word id="word_03da7250-bebb-44f0-a13d-36ec67ae87b5">
          <Coords points="2806,864 2820,864 2870,866 2920,867 2970,868 3020,870 3061,870 3061,915 3019,915 2969,913 2919,912 2869,911 2819,909 2805,909"/>
          <TextEquiv>
            <Unicode>bekomen:</Unicode>
          </TextEquiv>
        </Word>
        <Word id="word_dd305b11-61d6-471f-927d-ca53bd2d2795">
          <Coords points="3096,870 3122,872 3170,873 3220,874 3223,874 3221,919 3219,919 3169,918 3118,917 3092,915"/>
          <TextEquiv>
            <Unicode>maer</Unicode>
          </TextEquiv>
        </Word>
        <Word id="word_f61553ac-666c-4d4a-9327-baa8fd37d591">
          <Coords points="3255,875 3270,876 3320,880 3316,925 3269,921 3253,920"/>
          <TextEquiv>
            <Unicode>in</Unicode>
          </TextEquiv>
        </Word>
        <TextEquiv conf="0.930506175201964">
          <Unicode>lakens etc:a hadden desen Jare niet meer cunnen bekomen: maer in</Unicode>
        </TextEquiv>
        <TextStyle xHeight="39"/>
      </TextLine>
      <TextLine id="line_7c84b6f2-b9cb-4e8a-b025-49a1d33f5273">
        <Coords points="1216,929 1689,924 1757,963 1965,964 1993,939 2960,939 2977,925 3055,959 3079,983 3119,944 3307,943 3355,991 3375,992 3387,980 3404,979 3404,1061 3379,1039 3367,1048 2213,1040 2172,1064 2154,1051 2061,1047 2017,1048 1977,1060 1705,1060 1674,1036 1482,1036 1474,1044 1216,1048"/>
        <Baseline points="1256,1027 1306,1023 1356,1021 1406,1020 1456,1019 1506,1019 1556,1018 1606,1020 1656,1020 1706,1019 1756,1019 1806,1019 1856,1019 1906,1019 1956,1020 2006,1021 2056,1020 2106,1021 2156,1022 2206,1021 2256,1021 2306,1020 2356,1022 2406,1023 2456,1022 2506,1023 2556,1025 2606,1026 2656,1028 2706,1027 2756,1026 2806,1025 2856,1026 2906,1027 2956,1028 3006,1029 3056,1029 3106,1030 3156,1032 3206,1035 3256,1034 3306,1035 3356,1037 3365,1041"/>
        <Word id="word_c5b9af96-5238-4895-9755-b8c22b5ae756">
          <Coords points="1253,992 1303,988 1355,986 1405,985 1455,984 1506,984 1555,983 1577,984 1575,1029 1556,1028 1506,1029 1456,1029 1406,1030 1356,1031 1307,1033 1257,1037"/>
          <TextEquiv>
            <Unicode>toekomende</Unicode>
          </TextEquiv>
        </Word>
        <Word id="word_c3fcc7d1-3790-46cf-adcc-17dbccd7a990">
          <Coords points="1607,985 1656,985 1705,984 1756,984 1806,984 1856,984 1906,984 1957,985 2007,986 2054,985 2055,1030 2006,1031 1956,1030 1906,1029 1856,1029 1806,1029 1756,1029 1706,1029 1656,1030 1608,1030"/>
          <TextEquiv>
            <Unicode>soudentrachten</Unicode>
          </TextEquiv>
        </Word>
        <Word id="word_4d3c818e-96e0-4728-990e-a0ff9a73cad7">
          <Coords points="2090,985 2109,986 2157,987 2205,986 2256,986 2305,985 2312,985 2310,1030 2306,1030 2256,1031 2206,1031 2156,1032 2105,1031 2086,1029"/>
          <TextEquiv>
            <Unicode>tsijner</Unicode>
          </TextEquiv>
        </Word>
        <Word id="word_86fed42b-86aa-44db-bafa-bf5ccfba9a40">
          <Coords points="2344,987 2357,987 2407,988 2455,987 2507,988 2557,990 2599,991 2598,1036 2556,1035 2506,1033 2456,1032 2406,1033 2356,1032 2342,1031"/>
          <TextEquiv>
            <Unicode>genoegen</Unicode>
          </TextEquiv>
        </Word>
        <Word id="word_66379c37-540c-4575-b261-cdeb21eed2e6">
          <Coords points="2633,992 2658,993 2705,992 2726,992 2727,1037 2706,1037 2655,1038 2630,1036"/>
          <TextEquiv>
            <Unicode>van</Unicode>
          </TextEquiv>
        </Word>
        <Word id="word_633d3a1b-4b83-4692-b5f0-c8ac36712264">
          <Coords points="2758,991 2805,990 2857,991 2907,992 2957,993 2983,994 2982,1039 2956,1038 2906,1037 2856,1036 2806,1035 2759,1036"/>
          <TextEquiv>
            <Unicode>t'eenen</Unicode>
          </TextEquiv>
        </Word>
        <Word id="word_c734c560-a944-4e24-b2ba-742cc17600dd">
          <Coords points="3014,994 3056,994 3107,995 3157,997 3208,1000 3237,999 3238,1044 3205,1045 3156,1042 3106,1040 3056,1039 3014,1039"/>
          <TextEquiv>
            <Unicode>t'ander</Unicode>
          </TextEquiv>
        </Word>
        <Word id="word_213d9645-cb3a-4146-b8f5-dfb0288f818d">
          <Coords points="3271,999 3307,1000 3357,1002 3379,1009 3361,1050 3356,1047 3306,1045 3270,1044"/>
          <TextEquiv>
            <Unicode>Cte</Unicode>
          </TextEquiv>
        </Word>
        <TextEquiv conf="0.8680620394032564">
          <Unicode>toekomende soudentrachten tsijner genoegen van t'eenen t'ander Cte</Unicode>
        </TextEquiv>
        <TextStyle xHeight="40"/>
      </TextLine>
      <TextLine id="line_0335d013-381e-4af4-9eed-bee6ce2d7812">
        <Coords points="1227,1038 1373,1038 1381,1030 1433,1029 1473,1029 1481,1037 1677,1037 1709,1062 1941,1062 2061,1049 2151,1053 2172,1066 2222,1037 2245,1053 3180,1061 3220,1077 3236,1092 3357,1092 3357,1174 3188,1176 3145,1211 2648,1211 2632,1203 2564,1211 2548,1195 2416,1183 2344,1235 2277,1235 2177,1183 2109,1183 2089,1200 1969,1200 1949,1191 1817,1187 1417,1188 1401,1179 1261,1179 1227,1168"/>
        <Baseline points="1267,1155 1317,1152 1367,1152 1417,1153 1467,1151 1517,1151 1567,1151 1617,1151 1667,1151 1717,1149 1767,1150 1817,1149 1867,1147 1917,1148 1967,1148 2017,1148 2067,1148 2117,1148 2167,1150 2217,1150 2267,1150 2317,1151 2367,1152 2417,1152 2467,1152 2517,1153 2567,1155 2617,1154 2667,1155 2717,1155 2767,1155 2817,1154 2867,1153 2917,1152 2967,1151 3017,1152 3067,1152 3117,1151 3167,1150 3217,1152 3267,1152 3317,1154 3318,1154"/>
        <Word id="word_a8f2151d-af75-46d0-aaa2-eff810fc1728">
          <Coords points="1265,1120 1315,1117 1367,1117 1418,1118 1466,1116 1478,1116 1478,1161 1467,1161 1417,1163 1367,1162 1318,1162 1268,1165"/>
          <TextEquiv>
            <Unicode>bekomen</Unicode>
          </TextEquiv>
        </Word>
        <Word id="word_017f7bf3-68d0-4c06-8b48-2cf1a9f6708b">
          <Coords points="1508,1116 1517,1116 1567,1116 1617,1116 1667,1116 1716,1114 1750,1115 1749,1160 1717,1159 1667,1161 1617,1161 1567,1161 1517,1161 1508,1161"/>
          <TextEquiv>
            <Unicode>wesende)</Unicode>
          </TextEquiv>
        </Word>
        <Word id="word_a4eaab05-057a-4436-a76b-12c2df711e8b">
          <Coords points="1779,1115 1816,1114 1839,1113 1840,1158 1817,1159 1780,1160"/>
          <TextEquiv>
            <Unicode>te</Unicode>
          </TextEquiv>
        </Word>
        <Word id="word_21d067c5-b538-499d-b7df-81e1d8b264bd">
          <Coords points="1871,1112 1918,1113 1967,1113 2017,1113 2067,1113 2111,1113 2111,1158 2067,1158 2017,1158 1967,1158 1917,1158 1870,1157"/>
          <TextEquiv>
            <Unicode>versien,</Unicode>
          </TextEquiv>
        </Word>
        <Word id="word_f03e98e2-680d-430a-9c52-382c95e3c5ba">
          <Coords points="2144,1113 2170,1115 2217,1115 2267,1115 2318,1116 2368,1117 2383,1117 2383,1162 2367,1162 2317,1161 2267,1160 2217,1160 2166,1160 2141,1158"/>
          <TextEquiv>
            <Unicode>daersigh</Unicode>
          </TextEquiv>
        </Word>
        <Word id="word_2728c95a-58ca-4d41-b5ad-332db9a518cd">
          <Coords points="2413,1117 2417,1117 2467,1117 2518,1118 2568,1120 2616,1119 2668,1120 2717,1120 2745,1120 2745,1165 2717,1165 2667,1165 2617,1164 2567,1165 2517,1163 2467,1162 2417,1162 2413,1162"/>
          <TextEquiv>
            <Unicode>eenighsints</Unicode>
          </TextEquiv>
        </Word>
        <Word id="word_e60c9a36-de5b-48c8-b72d-073f892ccf2f">
          <Coords points="2774,1120 2816,1119 2835,1119 2836,1164 2817,1164 2775,1165"/>
          <TextEquiv>
            <Unicode>in</Unicode>
          </TextEquiv>
        </Word>
        <Word id="word_450b0e23-37af-41ef-91eb-8f216093b362">
          <Coords points="2865,1118 2866,1118 2916,1117 2966,1116 3018,1117 3067,1117 3106,1116 3107,1161 3067,1162 3017,1162 2967,1161 2917,1162 2867,1163 2866,1163"/>
          <TextEquiv>
            <Unicode>tevreden</Unicode>
          </TextEquiv>
        </Word>
        <Word id="word_4fe1fe3d-814f-48aa-8452-8f5195b01834">
          <Coords points="3136,1116 3166,1115 3218,1117 3267,1117 3318,1119 3318,1119 3318,1164 3317,1164 3267,1162 3217,1162 3167,1160 3137,1161"/>
          <TextEquiv>
            <Unicode>hield,</Unicode>
          </TextEquiv>
        </Word>
        <TextEquiv conf="0.9266405088693954">
          <Unicode>bekomen wesende) te versien, daersigh eenighsints in tevreden hield,</Unicode>
        </TextEquiv>
        <TextStyle xHeight="47"/>
      </TextLine>
      <TextLine id="line_9bc26428-b6da-4069-832f-c253062ef9e6">
        <Coords points="1216,1168 1242,1168 1262,1180 1399,1180 1418,1188 1818,1187 1946,1191 1966,1200 2090,1200 2110,1183 2178,1183 2242,1211 2282,1243 2454,1251 2482,1247 2510,1224 2550,1224 2562,1213 2598,1213 2615,1203 2646,1207 2674,1223 2942,1223 2954,1235 3407,1234 3407,1316 3383,1308 3367,1320 2962,1320 2022,1307 1994,1316 1930,1316 1895,1347 1650,1346 1530,1303 1216,1303"/>
        <Baseline points="1256,1275 1306,1274 1356,1276 1406,1277 1456,1277 1506,1277 1556,1276 1606,1277 1656,1277 1706,1276 1756,1276 1806,1276 1856,1275 1906,1275 1956,1275 2006,1275 2056,1276 2106,1277 2156,1277 2206,1278 2256,1278 2306,1280 2356,1281 2406,1282 2456,1282 2506,1283 2556,1282 2606,1284 2656,1284 2706,1284 2756,1284 2806,1284 2856,1284 2906,1284 2956,1285 3006,1285 3056,1285 3106,1285 3156,1286 3206,1287 3256,1287 3306,1289 3356,1293 3368,1296"/>
        <Word id="word_fb521877-3751-46a4-9b74-0d676fad86e7">
          <Coords points="1255,1240 1305,1239 1357,1241 1405,1242 1405,1287 1356,1286 1306,1284 1256,1285"/>
          <TextEquiv>
            <Unicode>nadat</Unicode>
          </TextEquiv>
        </Word>
        <Word id="word_ec8cc31f-1fde-4068-b8c8-bf8797e5d82d">
          <Coords points="1434,1243 1455,1242 1506,1242 1553,1241 1554,1286 1506,1287 1456,1287 1435,1288"/>
          <TextEquiv>
            <Unicode>dier</Unicode>
          </TextEquiv>
        </Word>
        <Word id="word_a7f7db23-a8c8-454c-a3ce-7dcbe6b2603c">
          <Coords points="1586,1241 1608,1242 1656,1242 1705,1241 1732,1241 1732,1286 1706,1286 1656,1287 1605,1287 1583,1285"/>
          <TextEquiv>
            <Unicode>wegen</Unicode>
          </TextEquiv>
        </Word>
        <Word id="word_ec3abeca-8eca-417b-bcfd-f3121e9fbdb2">
          <Coords points="1762,1241 1806,1241 1855,1240 1906,1240 1956,1240 2006,1240 2057,1241 2107,1242 2119,1242 2119,1287 2106,1287 2056,1286 2006,1285 1956,1285 1906,1285 1856,1285 1806,1286 1762,1286"/>
          <TextEquiv>
            <Unicode>verscheijden</Unicode>
          </TextEquiv>
        </Word>
        <Word id="word_00f7e83c-c57c-4f51-8a14-79434a95dfc0">
          <Coords points="2149,1242 2156,1242 2207,1243 2256,1243 2307,1245 2357,1246 2358,1246 2357,1291 2356,1291 2306,1290 2256,1288 2206,1288 2156,1287 2149,1287"/>
          <TextEquiv>
            <Unicode>woorden</Unicode>
          </TextEquiv>
        </Word>
        <Word id="word_0c9729e5-1af2-4cd6-8673-3a19f37093f8">
          <Coords points="2387,1247 2407,1247 2456,1247 2506,1248 2505,1293 2456,1292 2406,1292 2386,1292"/>
          <TextEquiv>
            <Unicode>over</Unicode>
          </TextEquiv>
        </Word>
        <Word id="word_4a838280-2f25-4051-8946-a5242f996702">
          <Coords points="2533,1249 2553,1247 2596,1249 2594,1294 2557,1292 2536,1294"/>
          <TextEquiv>
            <Unicode>en</Unicode>
          </TextEquiv>
        </Word>
        <Word id="word_9f26d50d-3b62-4a11-bad0-386655088f30">
          <Coords points="2624,1250 2655,1249 2706,1249 2756,1249 2806,1249 2856,1249 2906,1249 2957,1250 3006,1250 3011,1250 3011,1295 3006,1295 2956,1295 2906,1294 2856,1294 2806,1294 2756,1294 2706,1294 2656,1294 2625,1295"/>
          <TextEquiv>
            <Unicode>wedergevallen</Unicode>
          </TextEquiv>
        </Word>
        <Word id="word_94fc577b-69a2-45ec-a5f5-29f354e70336">
          <Coords points="3041,1250 3056,1250 3106,1250 3157,1251 3207,1252 3220,1252 3220,1297 3206,1297 3156,1296 3106,1295 3056,1295 3041,1295"/>
          <TextEquiv>
            <Unicode>waren,</Unicode>
          </TextEquiv>
        </Word>
        <Word id="word_5b05dc3d-418b-456d-b3c5-ba2600092b58">
          <Coords points="3249,1252 3256,1252 3307,1254 3359,1258 3376,1262 3365,1306 3355,1303 3306,1299 3256,1297 3249,1297"/>
          <TextEquiv>
            <Unicode>ver„</Unicode>
          </TextEquiv>
        </Word>
        <TextEquiv conf="0.9436913060495745">
          <Unicode>nadat dier wegen verscheijden woorden over en wedergevallen waren, ver„</Unicode>
        </TextEquiv>
        <TextStyle xHeight="38"/>
      </TextLine>
      <TextLine id="line_0e4f4acb-148f-42b4-894c-ded0bbab60d5">
        <Coords points="1228,1303 1529,1303 1653,1347 1894,1347 1929,1316 1993,1316 2021,1307 2328,1307 2340,1316 2687,1315 2723,1348 2948,1348 2948,1430 2719,1430 2632,1423 2588,1466 2536,1482 2507,1502 2476,1477 2380,1477 2368,1465 2296,1465 2288,1457 1725,1457 1701,1434 1620,1430 1386,1430 1358,1446 1307,1415 1228,1415"/>
        <Baseline points="1268,1405 1318,1405 1368,1407 1418,1407 1468,1407 1518,1407 1568,1408 1618,1409 1668,1409 1718,1409 1768,1408 1818,1407 1868,1406 1918,1408 1968,1408 2018,1410 2068,1411 2118,1411 2168,1412 2218,1410 2268,1408 2318,1410 2368,1409 2418,1409 2468,1409 2518,1410 2568,1409 2618,1410 2668,1414 2718,1414 2768,1413 2818,1410 2868,1410 2909,1410"/>
        <Word id="word_cd8c3c90-0c22-4c61-a11b-7b14bac144f1">
          <Coords points="1268,1370 1318,1370 1369,1372 1418,1372 1468,1372 1518,1372 1524,1372 1523,1417 1518,1417 1468,1417 1418,1417 1368,1417 1318,1415 1268,1415"/>
          <TextEquiv>
            <Unicode>trocken</Unicode>
          </TextEquiv>
        </Word>
        <Word id="word_a4e95e0d-f9df-4fb3-823e-f532444158ed">
          <Coords points="1560,1373 1569,1373 1619,1374 1668,1374 1718,1374 1767,1373 1817,1372 1851,1371 1852,1416 1818,1417 1768,1418 1718,1419 1668,1419 1618,1419 1568,1418 1560,1418"/>
          <TextEquiv>
            <Unicode>nagedane</Unicode>
          </TextEquiv>
        </Word>
        <Word id="word_f1e05444-6f50-4f78-b515-47635ae7349a">
          <Coords points="1891,1371 1921,1373 1968,1373 2019,1375 2069,1376 2118,1376 2169,1377 2217,1375 2251,1374 2253,1419 2218,1420 2168,1422 2118,1421 2068,1421 2018,1420 1968,1418 1917,1418 1887,1416"/>
          <TextEquiv>
            <Unicode>Reverentie</Unicode>
          </TextEquiv>
        </Word>
        <Word id="word_1e5a44b4-a7af-4900-ba24-88f0395c0dd6">
          <Coords points="2293,1372 2321,1375 2367,1374 2418,1374 2468,1374 2472,1374 2471,1419 2468,1419 2418,1419 2368,1419 2317,1420 2288,1417"/>
          <TextEquiv>
            <Unicode>weder</Unicode>
          </TextEquiv>
        </Word>
        <Word id="word_4ce2c6f5-40a8-48cd-a008-5453beec53f4">
          <Coords points="2509,1375 2519,1375 2567,1374 2619,1375 2671,1379 2718,1379 2726,1379 2727,1424 2718,1424 2667,1424 2618,1420 2568,1419 2518,1420 2508,1420"/>
          <TextEquiv>
            <Unicode>thuijs</Unicode>
          </TextEquiv>
        </Word>
        <Word id="word_317edfbf-78db-4fc7-ace6-aa466210881b">
          <Coords points="2762,1378 2767,1378 2816,1375 2836,1375 2836,1420 2819,1420 2768,1423 2763,1423"/>
          <TextEquiv>
            <Unicode>,.</Unicode>
          </TextEquiv>
        </Word>
        <Word id="word_4b2af99b-b8d9-4ff1-80da-9a6ca27bb6cc">
          <Coords points="2872,1375 2909,1375 2909,1420 2872,1420"/>
          <TextEquiv>
            <Unicode>—</Unicode>
          </TextEquiv>
        </Word>
        <TextEquiv conf="0.9028621002263914">
          <Unicode>trocken nagedane Reverentie weder thuijs ,. —</Unicode>
        </TextEquiv>
        <TextStyle xHeight="42"/>
      </TextLine>
      <TextLine id="b6373479-756f-489d-bb68-b89bbe8ba2d8">
        <Coords points="1019,1421 1045,1442 1112,1442 1137,1418 1306,1414 1353,1442 1381,1433 1700,1433 1724,1457 2287,1457 2295,1465 2367,1465 2379,1477 2475,1477 2495,1497 2511,1502 2527,1486 2575,1474 2631,1422 3042,1417 3074,1421 3150,1494 3330,1490 3338,1483 3370,1483 3378,1490 3423,1486 3423,1568 3326,1568 3318,1576 3082,1575 3046,1604 2411,1603 2347,1595 2327,1575 1928,1575 1861,1541 1836,1541 1820,1557 1508,1556 1484,1576 1229,1571 1197,1600 1121,1639 1019,1651"/>
        <Baseline points="1059,1531 1109,1527 1159,1527 1209,1528 1259,1529 1309,1529 1359,1530 1409,1529 1459,1528 1509,1528 1559,1527 1609,1527 1659,1528 1709,1529 1759,1529 1809,1529 1859,1529 1909,1529 1959,1529 2009,1530 2059,1531 2109,1532 2159,1532 2209,1534 2259,1534 2309,1534 2359,1535 2409,1534 2459,1534 2509,1532 2559,1533 2609,1535 2659,1534 2709,1537 2759,1538 2809,1541 2859,1543 2909,1544 2959,1546 3009,1544 3059,1542 3109,1542 3159,1544 3209,1544 3259,1545 3309,1546 3359,1546 3384,1548"/>
        <Word id="word_bca0e2af-1869-493e-a46e-953a0facad73">
          <Coords points="1056,1496 1106,1492 1159,1492 1162,1492 1161,1537 1159,1537 1110,1537 1060,1541"/>
          <TextEquiv>
            <Unicode>dij</Unicode>
          </TextEquiv>
        </Word>
        <Word id="word_e3dc3953-cf63-44e3-804e-43c2d056fafa">
          <Coords points="1196,1493 1210,1493 1260,1494 1309,1494 1333,1494 1332,1539 1309,1539 1259,1539 1209,1538 1195,1538"/>
          <TextEquiv>
            <Unicode>30:e</Unicode>
          </TextEquiv>
        </Word>
        <Word id="word_50648b16-fe3e-4ba4-a367-8b041cee9706">
          <Coords points="1366,1495 1408,1494 1458,1493 1469,1493 1469,1538 1459,1538 1409,1539 1367,1540"/>
          <TextEquiv>
            <Unicode>d:o</Unicode>
          </TextEquiv>
        </Word>
        <Word id="word_4464b5bc-f14b-412b-b75c-8655cb22a230">
          <Coords points="1503,1493 1509,1493 1558,1492 1572,1492 1572,1537 1559,1537 1509,1538 1503,1538"/>
          <TextEquiv>
            <Unicode>op</Unicode>
          </TextEquiv>
        </Word>
        <Word id="word_185a8b7e-b488-43dc-af1d-20022360b3a4">
          <Coords points="1606,1492 1609,1492 1660,1493 1710,1494 1759,1494 1809,1494 1859,1494 1909,1494 1948,1494 1948,1539 1909,1539 1859,1539 1809,1539 1759,1539 1709,1539 1659,1538 1609,1537 1606,1537"/>
          <TextEquiv>
            <Unicode>denmiddagh</Unicode>
          </TextEquiv>
        </Word>
        <Word id="word_4275b010-a384-450f-a3c3-3710eac6578f">
          <Coords points="1984,1494 2010,1495 2060,1496 2110,1497 2159,1497 2210,1499 2259,1499 2309,1499 2360,1500 2392,1499 2393,1544 2359,1545 2309,1544 2259,1544 2209,1544 2159,1542 2109,1542 2059,1541 2009,1540 1982,1539"/>
          <TextEquiv>
            <Unicode>vervougenons</Unicode>
          </TextEquiv>
        </Word>
        <Word id="word_881460d1-04a8-4316-91a7-62558f6ae7a6">
          <Coords points="2427,1499 2459,1499 2508,1497 2560,1498 2610,1500 2658,1499 2711,1502 2735,1503 2734,1548 2708,1547 2659,1544 2609,1545 2559,1543 2509,1542 2459,1544 2427,1544"/>
          <TextEquiv>
            <Unicode>tenhuijse</Unicode>
          </TextEquiv>
        </Word>
        <Word id="word_97600a24-e4ab-4d8c-95b0-fa35e51080aa">
          <Coords points="2771,1503 2811,1506 2860,1508 2910,1509 2960,1511 2972,1510 2974,1555 2959,1556 2909,1554 2859,1553 2808,1551 2768,1548"/>
          <TextEquiv>
            <Unicode>vanden</Unicode>
          </TextEquiv>
        </Word>
        <Word id="word_684e84f8-8d8c-4e0d-b9fd-235865bdda0e">
          <Coords points="3006,1509 3008,1509 3058,1507 3109,1507 3160,1509 3209,1509 3214,1509 3213,1554 3209,1554 3159,1554 3109,1552 3059,1552 3009,1554 3008,1554"/>
          <TextEquiv>
            <Unicode>Capado</Unicode>
          </TextEquiv>
        </Word>
        <Word id="word_07832258-9905-486c-96d3-5086645d2ecb">
          <Coords points="3248,1510 3260,1510 3310,1511 3359,1511 3387,1513 3383,1558 3359,1556 3309,1556 3259,1555 3247,1555"/>
          <TextEquiv>
            <Unicode>onga</Unicode>
          </TextEquiv>
        </Word>
        <TextEquiv conf="0.8950862585899609">
          <Unicode>dij 30:e d:o op denmiddagh vervougenons tenhuijse vanden Capado onga</Unicode>
        </TextEquiv>
        <TextStyle xHeight="49"/>
      </TextLine>
      <TextLine id="d69fab89-f154-4c45-af30-b35a2af1c342">
        <Coords points="1178,1568 1488,1573 1508,1556 1823,1557 1839,1541 1859,1540 1931,1576 2331,1576 2359,1601 3050,1601 3070,1584 3090,1584 3118,1609 3427,1612 3427,1694 3404,1694 3376,1722 3194,1726 3126,1702 2902,1698 2863,1671 2339,1671 2215,1675 2163,1703 1971,1698 1944,1718 1875,1718 1792,1667 1775,1667 1739,1703 1688,1702 1624,1670 1178,1667"/>
        <Baseline points="1218,1647 1268,1647 1318,1646 1368,1647 1418,1646 1468,1645 1518,1643 1568,1642 1618,1643 1668,1645 1718,1645 1768,1644 1818,1644 1868,1645 1918,1646 1968,1647 2018,1647 2068,1648 2118,1649 2168,1649 2218,1650 2268,1651 2318,1650 2368,1651 2418,1653 2468,1653 2518,1654 2568,1653 2618,1654 2668,1654 2718,1654 2768,1655 2818,1655 2868,1656 2918,1657 2968,1659 3018,1659 3068,1660 3118,1660 3168,1664 3218,1668 3268,1668 3318,1670 3368,1672 3388,1674"/>
        <Word id="word_ce2e4b90-a8c3-4aa6-878a-7d2664c5d51c">
          <Coords points="1218,1612 1268,1612 1317,1611 1367,1612 1366,1657 1318,1656 1268,1657 1218,1657"/>
          <TextEquiv>
            <Unicode>„son:</Unicode>
          </TextEquiv>
        </Word>
        <Word id="word_96583469-6091-4edd-bda4-360ceb3c6630">
          <Coords points="1394,1613 1415,1611 1467,1610 1514,1608 1516,1653 1468,1655 1419,1656 1397,1658"/>
          <TextEquiv>
            <Unicode>omme</Unicode>
          </TextEquiv>
        </Word>
        <Word id="word_811a9f88-fe10-4c94-83ac-91170c648063">
          <Coords points="1545,1607 1568,1607 1619,1608 1669,1610 1718,1610 1767,1609 1813,1609 1813,1654 1768,1654 1718,1655 1668,1655 1618,1653 1568,1652 1545,1652"/>
          <TextEquiv>
            <Unicode>denselven</Unicode>
          </TextEquiv>
        </Word>
        <Word id="word_2f648cfa-4a55-404f-b922-52c3e3964019">
          <Coords points="1844,1609 1869,1610 1902,1611 1902,1656 1868,1655 1842,1654"/>
          <TextEquiv>
            <Unicode>na</Unicode>
          </TextEquiv>
        </Word>
        <Word id="word_b6a8fcfd-00e0-4ee6-a4f0-582a0e5cf0b4">
          <Coords points="1932,1611 1969,1612 1991,1612 1991,1657 1968,1657 1931,1656"/>
          <TextEquiv>
            <Unicode>de</Unicode>
          </TextEquiv>
        </Word>
        <Word id="word_16555d4c-781d-4f98-bbd6-88d8daadc31c">
          <Coords points="2021,1612 2069,1613 2119,1614 2168,1614 2219,1615 2269,1616 2288,1616 2288,1661 2268,1661 2218,1660 2168,1659 2118,1659 2068,1658 2020,1657"/>
          <TextEquiv>
            <Unicode>Jaerlijxe</Unicode>
          </TextEquiv>
        </Word>
        <Word id="word_4a1ffb34-5185-4fcd-bab5-4f0a6a69c854">
          <Coords points="2319,1615 2369,1616 2419,1618 2468,1618 2519,1619 2555,1618 2556,1663 2518,1664 2468,1663 2418,1663 2368,1661 2318,1660"/>
          <TextEquiv>
            <Unicode>gewoonte</Unicode>
          </TextEquiv>
        </Word>
        <Word id="word_6af7d096-eb41-43ef-8925-0137cec825c1">
          <Coords points="2587,1618 2619,1619 2668,1619 2675,1619 2675,1664 2668,1664 2618,1664 2585,1663"/>
          <TextEquiv>
            <Unicode>met</Unicode>
          </TextEquiv>
        </Word>
        <Word id="word_87363bb3-e4e9-450c-ac4f-d074ea436a76">
          <Coords points="2705,1619 2718,1619 2769,1620 2818,1620 2869,1621 2919,1622 2969,1624 3002,1624 3002,1669 2968,1669 2918,1667 2868,1666 2818,1665 2768,1665 2718,1664 2705,1664"/>
          <TextEquiv>
            <Unicode>vereeninge</Unicode>
          </TextEquiv>
        </Word>
        <Word id="word_38884225-6fe0-4fd3-86aa-630fb58065a0">
          <Coords points="3033,1624 3069,1625 3091,1625 3091,1670 3068,1670 3031,1669"/>
          <TextEquiv>
            <Unicode>te</Unicode>
          </TextEquiv>
        </Word>
        <Word id="word_0679aa93-1b77-4c31-91d7-1712cb129ad6">
          <Coords points="3124,1625 3171,1629 3221,1633 3268,1633 3319,1635 3369,1637 3391,1639 3387,1684 3368,1682 3318,1680 3268,1678 3217,1678 3167,1674 3120,1670"/>
          <TextEquiv>
            <Unicode>begroeten</Unicode>
          </TextEquiv>
        </Word>
        <TextEquiv conf="0.9245809156212961">
          <Unicode>„son: omme denselven na de Jaerlijxe gewoonte met vereeninge te begroeten</Unicode>
        </TextEquiv>
        <TextStyle xHeight="38"/>
      </TextLine>
      <TextLine id="line_7292e11a-3149-40ae-9e93-2d33ac5d348e">
        <Coords points="1215,1669 1629,1672 1697,1704 1741,1705 1789,1665 1881,1720 1925,1724 1976,1696 1993,1705 2153,1705 2181,1697 2217,1673 2349,1669 2862,1669 2897,1696 3105,1700 3153,1708 3193,1725 3344,1725 3381,1692 3418,1727 3418,1809 3221,1800 2993,1801 2985,1809 2649,1808 2607,1848 2561,1852 2542,1836 2305,1836 2245,1792 1993,1792 1965,1817 1933,1817 1894,1781 1857,1781 1849,1789 1293,1785 1282,1796 1265,1784 1215,1784"/>
        <Baseline points="1255,1772 1305,1766 1355,1764 1405,1765 1455,1765 1505,1763 1555,1763 1605,1763 1655,1765 1705,1766 1755,1766 1805,1766 1855,1766 1905,1767 1955,1768 2005,1768 2055,1769 2105,1770 2155,1772 2205,1772 2255,1773 2305,1774 2355,1775 2405,1775 2455,1777 2505,1778 2555,1778 2605,1779 2655,1779 2705,1780 2755,1781 2805,1780 2855,1781 2905,1781 2955,1781 3005,1782 3055,1782 3105,1782 3155,1783 3205,1785 3255,1787 3305,1788 3355,1789 3379,1789"/>
        <Word id="word_5a70ea9d-472d-4e36-a9e6-b41ca1f723e8">
          <Coords points="1251,1737 1301,1731 1354,1729 1406,1730 1432,1730 1432,1775 1405,1775 1355,1774 1306,1776 1256,1782"/>
          <TextEquiv>
            <Unicode>gelijk</Unicode>
          </TextEquiv>
        </Word>
        <Word id="word_8720a64a-3c9c-4190-977f-2eefc870ff9e">
          <Coords points="1460,1730 1503,1728 1555,1728 1605,1728 1640,1729 1638,1774 1605,1773 1555,1773 1505,1773 1462,1775"/>
          <TextEquiv>
            <Unicode>deden,</Unicode>
          </TextEquiv>
        </Word>
        <Word id="word_3748c620-3491-4dfc-88aa-da8b48b00385">
          <Coords points="1668,1731 1705,1731 1755,1731 1786,1731 1786,1776 1755,1776 1705,1776 1668,1776"/>
          <TextEquiv>
            <Unicode>ende</Unicode>
          </TextEquiv>
        </Word>
        <Word id="word_08671257-7489-45af-8221-b16d37de9b12">
          <Coords points="1815,1731 1855,1731 1875,1731 1874,1776 1855,1776 1815,1776"/>
          <TextEquiv>
            <Unicode>by</Unicode>
          </TextEquiv>
        </Word>
        <Word id="word_9c385a80-9658-4972-85b9-ae841f601f3d">
          <Coords points="1904,1732 1906,1732 1956,1733 2005,1733 2056,1734 2106,1735 2156,1737 2169,1737 2169,1782 2155,1782 2105,1780 2055,1779 2005,1778 1955,1778 1905,1777 1904,1777"/>
          <TextEquiv>
            <Unicode>denselven</Unicode>
          </TextEquiv>
        </Word>
        <Word id="word_336ab748-f248-40fe-a2df-bf9e8ab55880">
          <Coords points="2199,1737 2205,1737 2256,1738 2306,1739 2356,1740 2405,1740 2456,1742 2506,1743 2555,1743 2606,1744 2655,1744 2706,1745 2756,1746 2804,1745 2819,1745 2818,1790 2805,1790 2755,1791 2705,1790 2655,1789 2605,1789 2555,1788 2505,1788 2455,1787 2405,1785 2355,1785 2305,1784 2255,1783 2205,1782 2199,1782"/>
          <TextEquiv>
            <Unicode>aengenaemg'accepteert</Unicode>
          </TextEquiv>
        </Word>
        <Word id="word_42404562-678e-4259-b1b7-456ba59484b7">
          <Coords points="2849,1746 2856,1746 2905,1746 2955,1746 3006,1747 3054,1747 3054,1792 3005,1792 2955,1791 2905,1791 2855,1791 2848,1791"/>
          <TextEquiv>
            <Unicode>wierde,</Unicode>
          </TextEquiv>
        </Word>
        <Word id="word_465e7ee3-588f-4e60-83ee-de7d45a71f66">
          <Coords points="3084,1747 3105,1747 3156,1748 3206,1750 3256,1752 3262,1752 3261,1797 3255,1797 3205,1795 3155,1793 3105,1792 3084,1792"/>
          <TextEquiv>
            <Unicode>doende</Unicode>
          </TextEquiv>
        </Word>
        <Word id="word_3c495447-c48d-4c18-ac67-4d37f1f18fff">
          <Coords points="3291,1753 3306,1753 3356,1754 3379,1754 3379,1799 3355,1799 3305,1798 3290,1798"/>
          <TextEquiv>
            <Unicode>ons</Unicode>
          </TextEquiv>
        </Word>
        <TextEquiv conf="0.9030069414393086">
          <Unicode>gelijk deden, ende by denselven aengenaemg'accepteert wierde, doende ons</Unicode>
        </TextEquiv>
        <TextStyle xHeight="43"/>
      </TextLine>
      <TextLine id="line_27b274f7-918d-435e-8313-a5ca5d013568">
        <Coords points="1219,1802 1253,1806 1297,1783 1624,1782 1644,1791 1844,1791 1856,1779 1888,1778 1932,1814 1968,1814 1992,1794 2248,1794 2296,1829 2539,1833 2563,1857 2603,1850 2651,1805 3086,1809 3186,1861 3435,1864 3435,1946 2927,1937 2871,1977 2675,1977 2651,1965 2543,1965 2513,1953 2495,1935 1517,1934 1477,1921 1219,1917"/>
        <Baseline points="1259,1896 1309,1893 1359,1893 1409,1893 1459,1892 1509,1893 1559,1892 1609,1892 1659,1892 1709,1892 1759,1892 1809,1893 1859,1894 1909,1895 1959,1895 2009,1895 2059,1896 2109,1898 2159,1899 2209,1900 2259,1901 2309,1902 2359,1902 2409,1904 2459,1904 2509,1905 2559,1907 2609,1909 2659,1912 2709,1913 2759,1914 2809,1916 2859,1918 2909,1918 2959,1918 3009,1918 3059,1917 3109,1918 3159,1920 3209,1921 3259,1921 3309,1921 3359,1923 3396,1926"/>
        <Word id="word_f4e68571-ad76-4563-8752-cccb9f48b15c">
          <Coords points="1257,1861 1307,1858 1359,1858 1367,1858 1367,1903 1359,1903 1310,1903 1260,1906"/>
          <TextEquiv>
            <Unicode>daer</Unicode>
          </TextEquiv>
        </Word>
        <Word id="word_c52f73ae-bf8e-4e09-a1e0-1b02d3e2e079">
          <Coords points="1394,1858 1409,1858 1458,1857 1510,1858 1556,1857 1557,1902 1509,1903 1459,1902 1409,1903 1394,1903"/>
          <TextEquiv>
            <Unicode>vooren</Unicode>
          </TextEquiv>
        </Word>
        <Word id="word_2cd7911f-c90f-4668-bd24-09f3cb201389">
          <Coords points="1584,1857 1610,1857 1659,1857 1709,1857 1759,1857 1810,1858 1855,1859 1854,1904 1809,1903 1759,1902 1709,1902 1659,1902 1609,1902 1583,1902"/>
          <TextEquiv>
            <Unicode>vrundelijk</Unicode>
          </TextEquiv>
        </Word>
        <Word id="word_637b382a-196f-48fa-b786-3a9895ba3b6f">
          <Coords points="1882,1859 1910,1860 1959,1860 2009,1860 2060,1861 2110,1863 2152,1864 2152,1909 2109,1908 2059,1906 2009,1905 1959,1905 1909,1905 1881,1904"/>
          <TextEquiv>
            <Unicode>bedancken,</Unicode>
          </TextEquiv>
        </Word>
        <Word id="word_b1a9a867-5f69-476e-b87c-ba60f41a1cfe">
          <Coords points="2180,1864 2210,1865 2260,1866 2288,1867 2287,1912 2259,1911 2209,1910 2179,1909"/>
          <TextEquiv>
            <Unicode>ende</Unicode>
          </TextEquiv>
        </Word>
        <Word id="word_d925b399-6cbb-458a-8969-49b675d4bbdc">
          <Coords points="2314,1867 2359,1867 2397,1868 2395,1913 2359,1912 2314,1912"/>
          <TextEquiv>
            <Unicode>den</Unicode>
          </TextEquiv>
        </Word>
        <Word id="word_9aa86b18-3b95-409e-a45b-e2489166dbac">
          <Coords points="2422,1870 2458,1869 2510,1870 2560,1872 2586,1873 2584,1918 2559,1917 2509,1915 2459,1914 2422,1915"/>
          <TextEquiv>
            <Unicode>gansen</Unicode>
          </TextEquiv>
        </Word>
        <Word id="word_b994cbec-5d75-400d-8f7a-297e87bd5558">
          <Coords points="2614,1874 2661,1877 2710,1878 2760,1879 2810,1881 2856,1883 2855,1928 2809,1926 2759,1924 2709,1923 2658,1922 2611,1919"/>
          <TextEquiv>
            <Unicode>namiddagh</Unicode>
          </TextEquiv>
        </Word>
        <Word id="word_12e525d1-6ef3-4297-91ce-eb6d10c6b8ce">
          <Coords points="2881,1884 2908,1883 2959,1883 2963,1883 2963,1928 2959,1928 2909,1928 2882,1929"/>
          <TextEquiv>
            <Unicode>met</Unicode>
          </TextEquiv>
        </Word>
        <Word id="word_885c78ae-3558-47f9-bc90-ac1b8d3bd9a6">
          <Coords points="2990,1883 3009,1883 3058,1882 3110,1883 3154,1885 3152,1930 3109,1928 3059,1927 3009,1928 2990,1928"/>
          <TextEquiv>
            <Unicode>eeten,</Unicode>
          </TextEquiv>
        </Word>
        <Word id="word_80efa12e-e85f-422e-bb5d-6c9d19706fe1">
          <Coords points="3180,1886 3209,1886 3259,1886 3309,1886 3360,1888 3399,1891 3395,1936 3359,1933 3309,1931 3259,1931 3209,1931 3180,1931"/>
          <TextEquiv>
            <Unicode>drincken</Unicode>
          </TextEquiv>
        </Word>
        <TextEquiv conf="0.9029041352884501">
          <Unicode>daer vooren vrundelijk bedancken, ende den gansen namiddagh met eeten, drincken</Unicode>
        </TextEquiv>
        <TextStyle xHeight="43"/>
      </TextLine>
      <TextLine id="a61adf44-66d7-4fa6-b59b-b50fd85f8fcd">
        <Coords points="1195,1917 1477,1921 1517,1934 2496,1937 2512,1953 2541,1964 2649,1964 2673,1977 2869,1977 2897,1965 2929,1937 3366,1941 3410,1976 3410,2058 3372,2072 3085,2068 3049,2101 2897,2101 2889,2109 2841,2113 2825,2100 2793,2096 2105,2092 2093,2084 2049,2080 1921,2080 1881,2101 1665,2100 1641,2080 1597,2060 1321,2060 1309,2048 1195,2045"/>
        <Baseline points="1235,2025 1285,2027 1335,2026 1385,2025 1435,2025 1485,2025 1535,2024 1585,2023 1635,2023 1685,2023 1735,2023 1785,2023 1835,2023 1885,2023 1935,2023 1985,2024 2035,2027 2085,2028 2135,2027 2185,2027 2235,2028 2285,2028 2335,2029 2385,2031 2435,2031 2485,2032 2535,2033 2585,2034 2635,2035 2685,2034 2735,2034 2785,2035 2835,2035 2885,2036 2935,2035 2985,2036 3035,2037 3085,2039 3135,2039 3185,2040 3235,2042 3285,2042 3335,2039 3371,2038"/>
        <Word id="word_19458b3b-5d92-479d-9789-7e98e534cd8d">
          <Coords points="1236,1990 1286,1992 1322,1991 1323,2036 1285,2037 1235,2035"/>
          <TextEquiv>
            <Unicode>end</Unicode>
          </TextEquiv>
        </Word>
        <Word id="word_021f211e-0216-45bf-bc19-641e1caf9681">
          <Coords points="1351,1991 1384,1990 1435,1990 1485,1990 1498,1990 1499,2035 1485,2035 1435,2035 1385,2035 1352,2036"/>
          <TextEquiv>
            <Unicode>soete</Unicode>
          </TextEquiv>
        </Word>
        <Word id="word_ae7abaa2-4b02-406b-98b9-15bcbf22ef89">
          <Coords points="1527,1989 1534,1989 1584,1988 1635,1988 1685,1988 1735,1988 1785,1988 1820,1988 1820,2033 1785,2033 1735,2033 1685,2033 1635,2033 1585,2033 1535,2034 1528,2034"/>
          <TextEquiv>
            <Unicode>discoursen</Unicode>
          </TextEquiv>
        </Word>
        <Word id="word_c1f05d4f-45cf-4be8-9778-1f650b51419e">
          <Coords points="1850,1988 1885,1988 1935,1988 1986,1989 2037,1992 2086,1993 2112,1992 2113,2037 2085,2038 2034,2037 1985,2034 1935,2033 1885,2033 1850,2033"/>
          <TextEquiv>
            <Unicode>onthalen,</Unicode>
          </TextEquiv>
        </Word>
        <Word id="word_d879cfaf-3dc7-44da-a1c7-e095e9656bb0">
          <Coords points="2142,1992 2185,1992 2236,1993 2259,1993 2259,2038 2235,2038 2185,2037 2142,2037"/>
          <TextEquiv>
            <Unicode>daer</Unicode>
          </TextEquiv>
        </Word>
        <Word id="word_6fc821a6-5f93-47a1-92b1-0383f9a2fcba">
          <Coords points="2289,1993 2336,1994 2386,1996 2405,1996 2405,2041 2385,2041 2335,2039 2288,2038"/>
          <TextEquiv>
            <Unicode>onse</Unicode>
          </TextEquiv>
        </Word>
        <Word id="word_4e0f09c2-7251-4ac5-bfe5-96480a267b17">
          <Coords points="2435,1996 2435,1996 2486,1997 2536,1998 2586,1999 2636,2000 2684,1999 2698,1999 2698,2044 2685,2044 2635,2045 2585,2044 2535,2043 2485,2042 2435,2041 2435,2041"/>
          <TextEquiv>
            <Unicode>antwoorde</Unicode>
          </TextEquiv>
        </Word>
        <Word id="word_4b583edd-44db-407d-b224-06f349e4bc93">
          <Coords points="2727,1999 2735,1999 2786,2000 2835,2000 2886,2001 2934,2000 2986,2001 3036,2002 3051,2003 3049,2048 3035,2047 2985,2046 2935,2045 2885,2046 2835,2045 2785,2045 2735,2044 2727,2044"/>
          <TextEquiv>
            <Unicode>naerbehoren</Unicode>
          </TextEquiv>
        </Word>
        <Word id="word_52e9146a-c0b4-49f2-9b34-a52c6a1eb2b0">
          <Coords points="3080,2004 3086,2004 3135,2004 3138,2004 3137,2049 3135,2049 3085,2049 3078,2049"/>
          <TextEquiv>
            <Unicode>op</Unicode>
          </TextEquiv>
        </Word>
        <Word id="word_f11922d2-7492-4e7b-bc46-3c8189976a42">
          <Coords points="3167,2005 3186,2005 3236,2007 3285,2007 3310,2005 3313,2050 3285,2052 3235,2052 3185,2050 3166,2050"/>
          <TextEquiv>
            <Unicode>deden</Unicode>
          </TextEquiv>
        </Word>
        <Word id="word_76b76bd4-24b7-4803-bcca-00af70a63a52">
          <Coords points="3341,2004 3370,2003 3371,2048 3342,2049"/>
          <TextEquiv>
            <Unicode>—</Unicode>
          </TextEquiv>
        </Word>
        <TextEquiv conf="0.9189062473379417">
          <Unicode>end soete discoursen onthalen, daer onse antwoorde naerbehoren op deden —</Unicode>
        </TextEquiv>
        <TextStyle xHeight="46"/>
      </TextLine>
      <TextLine id="c042df44-8f61-406e-bb60-779991311365">
        <Coords points="1210,2044 1304,2047 1316,2059 1596,2059 1640,2079 1676,2111 1864,2112 1924,2083 2048,2083 2104,2091 2672,2091 2896,2100 3104,2095 3116,2105 3365,2105 3365,2187 2896,2187 2844,2206 2808,2205 2788,2189 2464,2189 2392,2218 2340,2218 2252,2213 2196,2193 2176,2177 2132,2177 2080,2225 1916,2225 1804,2224 1712,2181 1672,2181 1612,2233 1408,2228 1348,2185 1210,2185"/>
        <Baseline points="1250,2164 1300,2155 1350,2152 1400,2151 1450,2151 1500,2151 1550,2150 1600,2149 1650,2150 1700,2150 1750,2150 1800,2150 1850,2150 1900,2150 1950,2150 2000,2149 2050,2149 2100,2150 2150,2152 2200,2152 2250,2152 2300,2152 2350,2153 2400,2153 2450,2153 2500,2154 2550,2155 2600,2155 2650,2156 2700,2157 2750,2157 2800,2156 2850,2157 2900,2157 2950,2157 3000,2158 3050,2158 3100,2159 3150,2161 3200,2163 3250,2166 3300,2169 3326,2167"/>
        <Word id="word_ab44edca-6815-4c8a-82f2-82ed8f115e83">
          <Coords points="1244,2130 1294,2121 1348,2117 1358,2117 1359,2162 1351,2162 1302,2165 1252,2174"/>
          <TextEquiv>
            <Unicode>Item</Unicode>
          </TextEquiv>
        </Word>
        <Word id="word_1fa0c01e-aebf-4e45-8a60-fd51ed4e1247">
          <Coords points="1385,2116 1399,2116 1450,2116 1500,2116 1549,2115 1550,2160 1500,2161 1450,2161 1400,2161 1386,2161"/>
          <TextEquiv>
            <Unicode>erfuse</Unicode>
          </TextEquiv>
        </Word>
        <Word id="word_91af0187-9be7-4a10-82c6-5ccd39338b56">
          <Coords points="1576,2114 1599,2114 1651,2115 1659,2115 1659,2160 1650,2160 1600,2159 1577,2159"/>
          <TextEquiv>
            <Unicode>dat</Unicode>
          </TextEquiv>
        </Word>
        <Word id="word_238800b0-ec7b-42c8-b7ce-9807ae14a78d">
          <Coords points="1686,2115 1700,2115 1750,2115 1768,2115 1768,2160 1750,2160 1700,2160 1686,2160"/>
          <TextEquiv>
            <Unicode>hem</Unicode>
          </TextEquiv>
        </Word>
        <Word id="word_c6fe4e1e-759f-4040-8430-9ed4fafbf029">
          <Coords points="1796,2115 1800,2115 1850,2115 1900,2115 1905,2115 1905,2160 1900,2160 1850,2160 1800,2160 1796,2160"/>
          <TextEquiv>
            <Unicode>geen</Unicode>
          </TextEquiv>
        </Word>
        <Word id="word_858c5fdf-97e8-44a7-bd64-caedcbe8fd84">
          <Coords points="1932,2115 1950,2115 1999,2114 2050,2114 2101,2115 2151,2117 2178,2117 2178,2162 2150,2162 2100,2160 2050,2159 2000,2159 1950,2160 1932,2160"/>
          <TextEquiv>
            <Unicode>presenten</Unicode>
          </TextEquiv>
        </Word>
        <Word id="word_3735737f-4ca2-458d-98c4-ddc9a2ca3092">
          <Coords points="2206,2117 2250,2117 2300,2117 2316,2117 2315,2162 2300,2162 2250,2162 2206,2162"/>
          <TextEquiv>
            <Unicode>meer</Unicode>
          </TextEquiv>
        </Word>
        <Word id="word_2616ef4e-1fe5-47e5-8f84-41932624eec0">
          <Coords points="2343,2118 2351,2118 2400,2118 2450,2118 2501,2119 2551,2120 2600,2120 2651,2121 2671,2121 2670,2166 2650,2166 2600,2165 2550,2165 2500,2164 2450,2163 2400,2163 2350,2163 2342,2163"/>
          <TextEquiv>
            <Unicode>toebrachten,</Unicode>
          </TextEquiv>
        </Word>
        <Word id="word_22daa687-2bb8-42b7-9df9-a2ae21f77654">
          <Coords points="2698,2122 2701,2122 2750,2122 2799,2121 2835,2122 2834,2167 2800,2166 2750,2167 2700,2167 2697,2167"/>
          <TextEquiv>
            <Unicode>alsoo</Unicode>
          </TextEquiv>
        </Word>
        <Word id="word_d9b4ed23-c06a-4a65-a292-a5ba0f7685a8">
          <Coords points="2861,2122 2900,2122 2950,2122 3001,2123 3026,2123 3026,2168 3000,2168 2950,2167 2900,2167 2862,2167"/>
          <TextEquiv>
            <Unicode>gaerne</Unicode>
          </TextEquiv>
        </Word>
        <Word id="word_e9dd5222-9f5d-4539-a2ca-fcf6b027dd1f">
          <Coords points="3054,2123 3101,2124 3151,2126 3191,2128 3189,2173 3150,2171 3100,2169 3053,2168"/>
          <TextEquiv>
            <Unicode>t'een</Unicode>
          </TextEquiv>
        </Word>
        <Word id="word_a3de172b-fd64-4314-9ffd-c887682a62db">
          <Coords points="3219,2129 3252,2131 3274,2132 3271,2177 3249,2176 3216,2174"/>
          <TextEquiv>
            <Unicode>en</Unicode>
          </TextEquiv>
        </Word>
        <Word id="word_e1abafa8-2f43-4e7c-9e87-6a3e8fa1b19c">
          <Coords points="3301,2134 3302,2134 3323,2132 3327,2177 3299,2179 3298,2179"/>
          <TextEquiv>
            <Unicode>—</Unicode>
          </TextEquiv>
        </Word>
        <TextEquiv conf="0.9009987309407151">
          <Unicode>Item erfuse dat hem geen presenten meer toebrachten, alsoo gaerne t'een en —</Unicode>
        </TextEquiv>
        <TextStyle xHeight="44"/>
      </TextLine>
      <TextLine id="line_494ef0c2-cf65-45a6-9cfe-a300209ffec9">
        <Coords points="1202,2186 1348,2186 1412,2230 1608,2232 1630,2222 1641,2226 1688,2182 1712,2182 1800,2222 1920,2227 2076,2227 2128,2178 2176,2178 2252,2214 2404,2215 2464,2186 2784,2186 2819,2207 2864,2203 2892,2190 3128,2194 3144,2206 3376,2206 3405,2229 3405,2311 3384,2311 3372,2301 3020,2300 2984,2325 2256,2325 2212,2308 2156,2308 2112,2348 2040,2348 2028,2339 1780,2339 1772,2332 1424,2336 1372,2300 1202,2300"/>
        <Baseline points="1242,2264 1292,2266 1342,2267 1392,2269 1442,2268 1492,2268 1542,2269 1592,2269 1642,2271 1692,2272 1742,2273 1792,2274 1842,2274 1892,2275 1942,2276 1992,2276 2042,2276 2092,2276 2142,2276 2192,2277 2242,2277 2292,2277 2342,2278 2392,2278 2442,2279 2492,2280 2542,2280 2592,2282 2642,2281 2692,2280 2742,2280 2792,2280 2842,2281 2892,2282 2942,2282 2992,2283 3042,2284 3092,2284 3142,2285 3192,2286 3242,2287 3292,2289 3342,2292 3366,2291"/>
        <Word id="word_26fc2ff0-9072-417d-ab9d-51ed8cd2553c">
          <Coords points="1243,2229 1293,2231 1298,2231 1297,2276 1292,2276 1242,2274"/>
          <TextEquiv>
            <Unicode>t'</Unicode>
          </TextEquiv>
        </Word>
        <Word id="word_218201e6-36f1-4b2c-9445-63a1b5a82553">
          <Coords points="1325,2232 1343,2232 1393,2234 1441,2233 1463,2233 1463,2278 1442,2278 1392,2279 1342,2277 1325,2277"/>
          <TextEquiv>
            <Unicode>ander</Unicode>
          </TextEquiv>
        </Word>
        <Word id="word_5edafde7-262c-4bf9-a471-6a76b3eaa218">
          <Coords points="1490,2233 1492,2233 1543,2234 1592,2234 1643,2236 1693,2237 1743,2238 1793,2239 1821,2239 1821,2284 1792,2284 1742,2283 1692,2282 1642,2281 1592,2279 1542,2279 1492,2278 1490,2278"/>
          <TextEquiv>
            <Unicode>meerdersonde</Unicode>
          </TextEquiv>
        </Word>
        <Word id="word_f7a6fe23-3896-4a0e-ad92-1c0161180035">
          <Coords points="1850,2239 1893,2240 1932,2241 1931,2286 1892,2285 1849,2284"/>
          <TextEquiv>
            <Unicode>tot</Unicode>
          </TextEquiv>
        </Word>
        <Word id="word_f44c7579-3441-4179-a0dc-445b55c29b4d">
          <Coords points="1959,2241 1992,2241 2042,2241 2092,2241 2142,2241 2153,2241 2152,2286 2142,2286 2092,2286 2042,2286 1992,2286 1959,2286"/>
          <TextEquiv>
            <Unicode>vercoop</Unicode>
          </TextEquiv>
        </Word>
        <Word id="word_cf53aa96-c63c-46d5-9548-9557e96a81aa">
          <Coords points="2181,2242 2193,2242 2242,2242 2292,2242 2319,2243 2318,2288 2292,2287 2242,2287 2192,2287 2180,2287"/>
          <TextEquiv>
            <Unicode>gehad</Unicode>
          </TextEquiv>
        </Word>
        <Word id="word_54b1a41c-0e8e-4fb4-ae8b-d7038a1cd7a5">
          <Coords points="2345,2243 2392,2243 2443,2244 2493,2245 2539,2245 2539,2290 2492,2290 2442,2289 2392,2288 2345,2288"/>
          <TextEquiv>
            <Unicode>hebben,</Unicode>
          </TextEquiv>
        </Word>
        <Word id="word_162a4387-3ca1-42f9-9546-7377c5b98b7b">
          <Coords points="2569,2245 2595,2247 2641,2246 2648,2246 2649,2291 2642,2291 2591,2292 2565,2290"/>
          <TextEquiv>
            <Unicode>ech</Unicode>
          </TextEquiv>
        </Word>
        <Word id="word_648023a6-5240-4b5c-baaa-f32a8182129a">
          <Coords points="2676,2245 2691,2245 2742,2245 2792,2245 2843,2246 2893,2247 2942,2247 2953,2247 2952,2292 2942,2292 2892,2292 2842,2291 2792,2290 2742,2290 2692,2290 2677,2290"/>
          <TextEquiv>
            <Unicode>terstelden</Unicode>
          </TextEquiv>
        </Word>
        <Word id="word_c8d1428a-c506-46fa-9741-b3c86381270f">
          <Coords points="2981,2248 2993,2248 3043,2249 3090,2249 3090,2294 3042,2294 2992,2293 2980,2293"/>
          <TextEquiv>
            <Unicode>sigh</Unicode>
          </TextEquiv>
        </Word>
        <Word id="word_6f551f7b-3d5f-4636-8d88-5d3b4e4ac6e1">
          <Coords points="3119,2249 3143,2250 3174,2251 3173,2296 3142,2295 3117,2294"/>
          <TextEquiv>
            <Unicode>te</Unicode>
          </TextEquiv>
        </Word>
        <Word id="word_e39b551f-19d7-484e-9732-49bfd1cf61a5">
          <Coords points="3201,2251 3243,2252 3293,2254 3344,2257 3364,2256 3366,2301 3341,2302 3292,2299 3242,2297 3200,2296"/>
          <TextEquiv>
            <Unicode>vreden</Unicode>
          </TextEquiv>
        </Word>
        <TextEquiv conf="0.9072175153745682">
          <Unicode>t' ander meerdersonde tot vercoop gehad hebben, ech terstelden sigh te vreden</Unicode>
        </TextEquiv>
        <TextStyle xHeight="40"/>
      </TextLine>
      <TextLine id="f4609f1d-95ea-4242-92bb-353586592b9c">
        <Coords points="1208,2300 1374,2300 1426,2336 1773,2332 1781,2340 2037,2345 2116,2345 2157,2308 2213,2308 2257,2325 2984,2325 3016,2301 3028,2300 3036,2308 3179,2308 3195,2324 3335,2324 3343,2332 3370,2329 3387,2343 3412,2343 3412,2425 3369,2427 3358,2416 3219,2416 3203,2431 3171,2435 2592,2435 2572,2419 2316,2419 2305,2411 2157,2408 2117,2416 2013,2416 1973,2443 1885,2443 1873,2455 1809,2459 1765,2458 1725,2430 1689,2463 1208,2462"/>
        <Baseline points="1248,2390 1298,2392 1348,2394 1398,2396 1448,2396 1498,2396 1548,2397 1598,2396 1648,2396 1698,2397 1748,2398 1798,2396 1848,2396 1898,2396 1948,2397 1998,2397 2048,2397 2098,2397 2148,2398 2198,2398 2248,2398 2298,2398 2348,2399 2398,2398 2448,2399 2498,2398 2548,2398 2598,2398 2648,2400 2698,2400 2748,2398 2798,2399 2848,2401 2898,2402 2948,2403 2998,2404 3048,2404 3098,2403 3148,2405 3198,2405 3248,2405 3298,2407 3348,2407 3373,2405"/>
        <Word id="word_e58ad6ab-2cae-40a8-a8bb-70bc9c5ff73b">
          <Coords points="1249,2355 1299,2357 1349,2359 1387,2361 1386,2406 1348,2404 1298,2402 1248,2400"/>
          <TextEquiv>
            <Unicode>sulcx</Unicode>
          </TextEquiv>
        </Word>
        <Word id="word_5aa87941-5e11-4a55-9afb-7190bd2ac49e">
          <Coords points="1413,2362 1447,2361 1496,2361 1496,2406 1448,2406 1414,2407"/>
          <TextEquiv>
            <Unicode>dat</Unicode>
          </TextEquiv>
        </Word>
        <Word id="word_eee11cd5-fffe-43d1-ada0-f5c517249521">
          <Coords points="1525,2361 1549,2362 1597,2361 1607,2361 1607,2406 1598,2406 1548,2407 1523,2406"/>
          <TextEquiv>
            <Unicode>ons</Unicode>
          </TextEquiv>
        </Word>
        <Word id="word_fd7d4008-0c09-48d6-be5f-ee23bf7d463d">
          <Coords points="1634,2361 1648,2361 1690,2362 1689,2407 1648,2406 1634,2406"/>
          <TextEquiv>
            <Unicode>op</Unicode>
          </TextEquiv>
        </Word>
        <Word id="word_fd9aa4f8-5fba-4465-ae11-b34455ce3526">
          <Coords points="1718,2362 1749,2363 1771,2362 1773,2407 1748,2408 1717,2407"/>
          <TextEquiv>
            <Unicode>'t</Unicode>
          </TextEquiv>
        </Word>
        <Word id="word_c8ad7e4e-911b-41d4-b7cb-4a657a18ff4a">
          <Coords points="1800,2361 1848,2361 1898,2361 1949,2362 1998,2362 2048,2362 2076,2362 2076,2407 2048,2407 1998,2407 1948,2407 1898,2406 1848,2406 1800,2406"/>
          <TextEquiv>
            <Unicode>affscheijt</Unicode>
          </TextEquiv>
        </Word>
        <Word id="word_2bfef935-cde6-4d00-8ef8-ab61fe495f42">
          <Coords points="2104,2362 2149,2363 2198,2363 2214,2363 2214,2408 2198,2408 2148,2408 2103,2407"/>
          <TextEquiv>
            <Unicode>nogh</Unicode>
          </TextEquiv>
        </Word>
        <Word id="word_5c301eb0-f81e-44c2-bef4-ff92062efa58">
          <Coords points="2242,2363 2248,2363 2298,2363 2349,2364 2397,2363 2449,2364 2489,2363 2490,2408 2448,2409 2398,2408 2348,2409 2298,2408 2248,2408 2242,2408"/>
          <TextEquiv>
            <Unicode>vereenden</Unicode>
          </TextEquiv>
        </Word>
        <Word id="word_61bce165-27da-43a9-b5df-a76a123fb2b4">
          <Coords points="2518,2363 2546,2363 2545,2408 2517,2408"/>
          <TextEquiv>
            <Unicode>2</Unicode>
          </TextEquiv>
        </Word>
        <Word id="word_904c1e3e-1827-42ec-88c5-f97f10bc2af5">
          <Coords points="2572,2363 2598,2363 2649,2365 2698,2365 2747,2363 2799,2364 2822,2365 2821,2410 2798,2409 2748,2408 2698,2410 2648,2410 2598,2408 2573,2408"/>
          <TextEquiv>
            <Unicode>koebeests</Unicode>
          </TextEquiv>
        </Word>
        <Word id="word_32451a8c-d66f-4311-bf7c-2d2b2e70d90c">
          <Coords points="2849,2366 2877,2367 2876,2412 2848,2411"/>
          <TextEquiv>
            <Unicode>2</Unicode>
          </TextEquiv>
        </Word>
        <Word id="word_f6f9807d-2fc3-4622-86e9-17cc8a8c4664">
          <Coords points="2905,2367 2949,2368 2999,2369 3048,2369 3097,2368 3126,2369 3124,2414 3098,2413 3048,2414 2998,2414 2948,2413 2904,2412"/>
          <TextEquiv>
            <Unicode>varckens</Unicode>
          </TextEquiv>
        </Word>
        <Word id="word_1831c3c4-eb95-4db0-8aa4-856e06673897">
          <Coords points="3152,2370 3180,2370 3180,2415 3152,2415"/>
          <TextEquiv>
            <Unicode>4</Unicode>
          </TextEquiv>
        </Word>
        <Word id="word_519c634d-ef2d-4281-8e39-b6af19b6c099">
          <Coords points="3207,2370 3248,2370 3299,2372 3348,2372 3370,2370 3374,2415 3348,2417 3298,2417 3248,2415 3207,2415"/>
          <TextEquiv>
            <Unicode>potten</Unicode>
          </TextEquiv>
        </Word>
        <TextEquiv conf="0.9365816589707721">
          <Unicode>sulcx dat ons op 't affscheijt nogh vereenden 2 koebeests 2 varckens 4 potten</Unicode>
        </TextEquiv>
        <TextStyle xHeight="38"/>
      </TextLine>
      <TextLine id="line_5173acf2-2cce-48bb-9162-9eda44e89477">
        <Coords points="1216,2463 1689,2464 1723,2431 1766,2456 1870,2456 1882,2444 1970,2444 2010,2416 2306,2411 2314,2419 2570,2419 2590,2436 3170,2436 3178,2428 3206,2428 3218,2416 3358,2416 3411,2467 3411,2549 3382,2549 3371,2539 1518,2543 1481,2577 1470,2569 1216,2570"/>
        <Baseline points="1256,2525 1306,2522 1356,2523 1406,2523 1456,2523 1506,2523 1556,2523 1606,2523 1656,2523 1706,2523 1756,2523 1806,2523 1856,2522 1906,2522 1956,2521 2006,2521 2056,2522 2106,2522 2156,2522 2206,2522 2256,2522 2306,2522 2356,2523 2406,2523 2456,2524 2506,2525 2556,2525 2606,2526 2656,2528 2706,2527 2756,2527 2806,2529 2856,2529 2906,2529 2956,2528 3006,2529 3056,2529 3106,2530 3156,2530 3206,2529 3256,2529 3306,2530 3356,2530 3372,2529"/>
        <Word id="word_f62b9311-7e06-44b7-bbe5-a83e33d36550">
          <Coords points="1254,2490 1304,2487 1357,2488 1406,2488 1456,2488 1465,2488 1465,2533 1456,2533 1406,2533 1356,2533 1307,2532 1257,2535"/>
          <TextEquiv>
            <Unicode>arracq,</Unicode>
          </TextEquiv>
        </Word>
        <Word id="word_46ccba40-ef22-4e8c-96f4-816c0190e96a">
          <Coords points="1494,2488 1506,2488 1556,2488 1606,2488 1656,2488 1706,2488 1733,2488 1733,2533 1706,2533 1656,2533 1606,2533 1556,2533 1506,2533 1494,2533"/>
          <TextEquiv>
            <Unicode>waermede</Unicode>
          </TextEquiv>
        </Word>
        <Word id="word_860810d0-4112-4d75-82fd-898a4fbbabb7">
          <Coords points="1763,2488 1806,2488 1855,2487 1906,2487 1955,2486 2006,2486 2057,2487 2106,2487 2156,2487 2206,2487 2210,2487 2210,2532 2206,2532 2156,2532 2106,2532 2056,2532 2006,2531 1956,2531 1906,2532 1856,2532 1806,2533 1763,2533"/>
          <TextEquiv>
            <Unicode>naerbehoorlijke</Unicode>
          </TextEquiv>
        </Word>
        <Word id="word_70648ee4-8ec8-42cb-ab7d-c2f899a4246b">
          <Coords points="2240,2487 2256,2487 2306,2487 2357,2488 2406,2488 2457,2489 2507,2490 2556,2490 2598,2491 2597,2536 2556,2535 2506,2535 2456,2534 2406,2533 2356,2533 2306,2532 2256,2532 2240,2532"/>
          <TextEquiv>
            <Unicode>eerbiedigh:t</Unicode>
          </TextEquiv>
        </Word>
        <Word id="word_ef360ffb-98e3-457a-a0b4-49fa5aef516e">
          <Coords points="2629,2491 2658,2493 2705,2492 2716,2492 2716,2537 2706,2537 2655,2538 2626,2536"/>
          <TextEquiv>
            <Unicode>tot</Unicode>
          </TextEquiv>
        </Word>
        <Word id="word_0b495bb6-b940-43d0-8976-13aa864a0b84">
          <Coords points="2746,2492 2756,2492 2807,2494 2856,2494 2906,2494 2955,2493 3007,2494 3056,2494 3104,2495 3104,2540 3056,2539 3006,2539 2956,2538 2906,2539 2856,2539 2806,2539 2756,2537 2746,2537"/>
          <TextEquiv>
            <Unicode>contentement</Unicode>
          </TextEquiv>
        </Word>
        <Word id="word_9508200e-37ed-4d45-b7ec-17cd4ee80dc8">
          <Coords points="3133,2496 3155,2495 3205,2494 3223,2494 3223,2539 3206,2539 3156,2540 3134,2541"/>
          <TextEquiv>
            <Unicode>aen</Unicode>
          </TextEquiv>
        </Word>
        <Word id="word_d76b69c6-c160-4f95-b689-b8e1cfca9c77">
          <Coords points="3253,2494 3256,2494 3307,2495 3356,2495 3370,2494 3373,2539 3356,2540 3306,2540 3256,2539 3253,2539"/>
          <TextEquiv>
            <Unicode>weer</Unicode>
          </TextEquiv>
        </Word>
        <TextEquiv conf="0.9032820237792089">
          <Unicode>arracq, waermede naerbehoorlijke eerbiedigh:t tot contentement aen weer</Unicode>
        </TextEquiv>
        <TextStyle xHeight="38"/>
      </TextLine>
      <TextLine id="line_013dd52a-0816-491a-a7ee-115ae2147651">
        <Coords points="1227,2571 1479,2575 1513,2544 3369,2539 3426,2592 3426,2674 3369,2729 3253,2728 3205,2697 3126,2667 3005,2678 2541,2677 2522,2690 2465,2694 2345,2694 2313,2677 2241,2677 2209,2706 1965,2706 1958,2713 1909,2713 1881,2693 1227,2689"/>
        <Baseline points="1267,2654 1317,2650 1367,2650 1417,2649 1467,2650 1517,2650 1567,2651 1617,2653 1667,2652 1717,2653 1767,2654 1817,2656 1867,2656 1917,2656 1967,2657 2017,2656 2067,2656 2117,2656 2167,2656 2217,2655 2267,2654 2317,2654 2367,2654 2417,2653 2467,2653 2517,2654 2567,2655 2617,2655 2667,2656 2717,2657 2767,2657 2817,2656 2867,2656 2917,2656 2967,2656 3017,2657 3067,2657 3117,2657 3167,2657 3217,2655 3267,2653 3317,2653 3367,2653 3387,2654"/>
        <Word id="word_fade9d10-dfa0-4bba-8791-77d4f638498f">
          <Coords points="1264,2619 1314,2615 1367,2615 1416,2614 1449,2615 1448,2660 1417,2659 1367,2660 1318,2660 1268,2664"/>
          <TextEquiv>
            <Unicode>canten</Unicode>
          </TextEquiv>
        </Word>
        <Word id="word_71b5f27e-c743-4511-bdfc-91a33ce31166">
          <Coords points="1479,2615 1517,2615 1568,2616 1618,2618 1666,2617 1718,2618 1768,2619 1783,2620 1781,2665 1767,2664 1717,2663 1667,2662 1617,2663 1567,2661 1517,2660 1479,2660"/>
          <TextEquiv>
            <Unicode>vertrocken</Unicode>
          </TextEquiv>
        </Word>
        <Word id="word_09398ed6-963f-4817-8a31-d5db8a8ffb8f">
          <Coords points="1813,2621 1818,2621 1867,2621 1917,2621 1934,2621 1933,2666 1917,2666 1867,2666 1817,2666 1812,2666"/>
          <TextEquiv>
            <Unicode>ende</Unicode>
          </TextEquiv>
        </Word>
        <Word id="word_f9bca4db-2fca-4c39-adc0-508df7513ff0">
          <Coords points="1964,2622 1968,2622 2016,2621 2054,2621 2054,2666 2017,2666 1967,2667 1963,2667"/>
          <TextEquiv>
            <Unicode>tot</Unicode>
          </TextEquiv>
        </Word>
        <Word id="word_cced46db-6a85-4291-996a-020d8495dd20">
          <Coords points="2085,2621 2117,2621 2167,2621 2175,2621 2176,2666 2167,2666 2117,2666 2085,2666"/>
          <TextEquiv>
            <Unicode>den</Unicode>
          </TextEquiv>
        </Word>
        <Word id="word_e6d1bf31-5e5a-46c7-b8d6-abb14f2c4457">
          <Coords points="2205,2620 2216,2620 2266,2619 2317,2619 2367,2619 2416,2618 2448,2618 2448,2663 2417,2663 2367,2664 2317,2664 2267,2664 2217,2665 2206,2665"/>
          <TextEquiv>
            <Unicode>Japander</Unicode>
          </TextEquiv>
        </Word>
        <Word id="word_c3800a38-bd22-46e5-bf1b-b2d062ca0c87">
          <Coords points="2479,2618 2518,2619 2568,2620 2617,2620 2668,2621 2718,2622 2767,2622 2816,2621 2842,2621 2842,2666 2817,2666 2767,2667 2717,2667 2667,2666 2617,2665 2567,2665 2517,2664 2478,2663"/>
          <TextEquiv>
            <Unicode>Risemondonne</Unicode>
          </TextEquiv>
        </Word>
        <Word id="word_bb636cea-4e4a-426c-9793-8a0196cd2dd8">
          <Coords points="2872,2621 2917,2621 2967,2621 3018,2622 3067,2622 3117,2622 3167,2622 3174,2622 3175,2667 3167,2667 3117,2667 3067,2667 3017,2667 2967,2666 2917,2666 2872,2666"/>
          <TextEquiv>
            <Unicode>aengingen,</Unicode>
          </TextEquiv>
        </Word>
        <Word id="word_d53f84f0-4393-402a-97ac-6027ab08f6f9">
          <Coords points="3204,2620 3216,2620 3266,2618 3317,2618 3367,2618 3389,2619 3386,2664 3367,2663 3317,2663 3267,2663 3217,2665 3206,2665"/>
          <TextEquiv>
            <Unicode>alwaer</Unicode>
          </TextEquiv>
        </Word>
        <TextEquiv conf="0.9322661456015835">
          <Unicode>canten vertrocken ende tot den Japander Risemondonne aengingen, alwaer</Unicode>
        </TextEquiv>
        <TextStyle xHeight="46"/>
      </TextLine>
      <TextLine id="a1966148-e113-4fee-82fb-f8853c734ab9">
        <Coords points="1203,2691 1869,2690 1909,2713 1957,2714 1965,2706 2209,2706 2241,2678 2317,2678 2325,2686 2526,2687 2536,2678 3001,2679 3130,2667 3213,2701 3257,2729 3368,2729 3381,2721 3414,2721 3414,2803 3385,2803 3370,2790 3213,2794 3125,2881 3113,2881 3081,2849 2985,2849 2913,2801 2773,2802 2733,2842 2689,2862 2269,2862 2241,2849 1905,2849 1897,2841 1805,2841 1797,2833 1693,2833 1677,2821 1581,2821 1529,2830 1385,2830 1365,2817 1203,2822"/>
        <Baseline points="1243,2781 1293,2780 1343,2780 1393,2781 1443,2782 1493,2782 1543,2785 1593,2784 1643,2784 1693,2785 1743,2787 1793,2787 1843,2788 1893,2788 1943,2789 1993,2790 2043,2790 2093,2791 2143,2791 2193,2790 2243,2790 2293,2789 2343,2788 2393,2788 2443,2788 2493,2787 2543,2786 2593,2785 2643,2785 2693,2785 2743,2784 2793,2785 2843,2784 2893,2782 2943,2783 2993,2783 3043,2784 3093,2783 3143,2782 3193,2782 3243,2782 3293,2781 3343,2785 3375,2783"/>
        <Word id="word_c028badb-ff74-43b5-b20a-8de3dce337ff">
          <Coords points="1242,2746 1292,2745 1343,2745 1394,2746 1444,2747 1483,2747 1483,2792 1443,2792 1393,2791 1343,2790 1293,2790 1243,2791"/>
          <TextEquiv>
            <Unicode>nanobelx</Unicode>
          </TextEquiv>
        </Word>
        <Word id="word_620d4687-25b0-4f6f-b1e0-1ca7ba94d41f">
          <Coords points="1517,2747 1547,2750 1592,2749 1643,2749 1694,2750 1744,2752 1783,2752 1783,2797 1743,2797 1693,2795 1643,2794 1593,2794 1542,2795 1512,2792"/>
          <TextEquiv>
            <Unicode>ingekomen</Unicode>
          </TextEquiv>
        </Word>
        <Word id="word_da2a7bb3-70e3-482c-99a3-269f276cbbe1">
          <Coords points="1815,2752 1844,2753 1893,2753 1944,2754 1994,2755 1994,2755 1994,2800 1993,2800 1943,2799 1893,2798 1843,2798 1813,2797"/>
          <TextEquiv>
            <Unicode>waren,</Unicode>
          </TextEquiv>
        </Word>
        <Word id="word_0875598b-7191-4b0b-ae96-8db9ca2e3eb5">
          <Coords points="2024,2755 2043,2755 2094,2756 2114,2756 2114,2801 2093,2801 2043,2800 2024,2800"/>
          <TextEquiv>
            <Unicode>off</Unicode>
          </TextEquiv>
        </Word>
        <Word id="word_76677f23-cbd9-4ff2-9223-b67e8685e7f1">
          <Coords points="2143,2756 2192,2755 2243,2755 2263,2755 2264,2800 2243,2800 2193,2800 2144,2801"/>
          <TextEquiv>
            <Unicode>liet</Unicode>
          </TextEquiv>
        </Word>
        <Word id="word_21958a94-a694-41ac-acf8-846ca854a2cf">
          <Coords points="2293,2754 2342,2753 2384,2753 2384,2798 2343,2798 2294,2799"/>
          <TextEquiv>
            <Unicode>ons</Unicode>
          </TextEquiv>
        </Word>
        <Word id="word_442a2c19-ac5b-41f8-adb4-bd52d9cb92fc">
          <Coords points="2414,2753 2443,2753 2492,2752 2504,2752 2504,2797 2493,2797 2443,2798 2414,2798"/>
          <TextEquiv>
            <Unicode>den</Unicode>
          </TextEquiv>
        </Word>
        <Word id="word_c0e3c54c-41a5-4068-a0ba-75ed2624b53d">
          <Coords points="2534,2751 2542,2751 2592,2750 2643,2750 2693,2750 2742,2749 2794,2750 2804,2750 2805,2795 2793,2795 2743,2794 2693,2795 2643,2795 2593,2795 2543,2796 2534,2796"/>
          <TextEquiv>
            <Unicode>mandorijn</Unicode>
          </TextEquiv>
        </Word>
        <Word id="word_053e0751-194f-4f0d-b0fe-dde89d30cbef">
          <Coords points="2834,2749 2842,2749 2892,2747 2944,2748 2993,2748 3044,2749 3044,2749 3045,2794 3043,2794 2993,2793 2943,2793 2893,2792 2843,2794 2835,2794"/>
          <TextEquiv>
            <Unicode>Ongasoe</Unicode>
          </TextEquiv>
        </Word>
        <Word id="word_298e6d72-29b8-4dae-933d-ad1847863910">
          <Coords points="3074,2748 3092,2748 3142,2747 3193,2747 3243,2747 3292,2746 3346,2750 3373,2748 3376,2793 3342,2795 3293,2791 3243,2792 3193,2792 3143,2792 3093,2793 3075,2793"/>
          <TextEquiv>
            <Unicode>ontbieden,</Unicode>
          </TextEquiv>
        </Word>
        <TextEquiv conf="0.9323426133084521">
          <Unicode>nanobelx ingekomen waren, off liet ons den mandorijn Ongasoe ontbieden,</Unicode>
        </TextEquiv>
        <TextStyle xHeight="46"/>
      </TextLine>
      <TextLine id="f006ea30-5a33-4062-b107-31e58c6c51d2">
        <Coords points="1209,2821 1559,2828 1583,2820 1676,2820 1727,2844 2254,2851 2266,2863 2682,2864 2734,2840 2774,2801 2909,2800 2985,2847 3080,2847 3122,2881 3209,2797 3370,2793 3422,2842 3422,2924 3405,2924 3370,2959 3333,2959 3309,2939 3113,2939 3081,2923 2878,2920 2182,2920 2150,2948 1898,2948 1886,2939 1435,2931 1387,2972 1335,2996 1209,2996"/>
        <Baseline points="1249,2909 1299,2911 1349,2911 1399,2912 1449,2911 1499,2912 1549,2912 1599,2911 1649,2912 1699,2913 1749,2913 1799,2912 1849,2910 1899,2911 1949,2911 1999,2911 2049,2911 2099,2912 2149,2911 2199,2911 2249,2911 2299,2912 2349,2913 2399,2912 2449,2913 2499,2913 2549,2913 2599,2911 2649,2912 2699,2911 2749,2911 2799,2911 2849,2910 2899,2910 2949,2910 2999,2909 3049,2906 3099,2904 3149,2904 3199,2903 3249,2904 3299,2903 3349,2902 3383,2904"/>
        <Word id="word_e9a7c857-f90f-4177-87d4-1166b662c93a">
          <Coords points="1250,2874 1300,2876 1349,2876 1400,2877 1448,2876 1497,2877 1496,2922 1449,2921 1399,2922 1349,2921 1299,2921 1249,2919"/>
          <TextEquiv>
            <Unicode>teneynde</Unicode>
          </TextEquiv>
        </Word>
        <Word id="word_53062040-f56c-45bb-8758-29762330ac85">
          <Coords points="1526,2878 1548,2877 1598,2876 1621,2876 1620,2921 1599,2921 1549,2922 1528,2923"/>
          <TextEquiv>
            <Unicode>ons</Unicode>
          </TextEquiv>
        </Word>
        <Word id="word_e23a2f47-721e-4a93-a2c4-b28704b6f074">
          <Coords points="1652,2877 1700,2878 1744,2878 1744,2923 1699,2923 1651,2922"/>
          <TextEquiv>
            <Unicode>tot</Unicode>
          </TextEquiv>
        </Word>
        <Word id="word_2b386670-941a-4540-ad9f-3f3e89f98164">
          <Coords points="1773,2878 1798,2877 1835,2876 1837,2920 1799,2922 1775,2923"/>
          <TextEquiv>
            <Unicode>de</Unicode>
          </TextEquiv>
        </Word>
        <Word id="word_70b8fd0f-b140-41f5-a831-3eef5ffea8df">
          <Coords points="1869,2874 1901,2876 1949,2876 1999,2876 2049,2876 2100,2877 2148,2876 2199,2876 2208,2876 2208,2921 2199,2921 2149,2921 2099,2922 2049,2921 1999,2921 1949,2921 1898,2921 1867,2919"/>
          <TextEquiv>
            <Unicode>wellecompst</Unicode>
          </TextEquiv>
        </Word>
        <Word id="word_f0dd9a82-5f6a-49eb-b9cf-6577921f144a">
          <Coords points="2239,2876 2249,2876 2300,2877 2332,2878 2331,2923 2299,2922 2249,2921 2239,2921"/>
          <TextEquiv>
            <Unicode>wat</Unicode>
          </TextEquiv>
        </Word>
        <Word id="word_c1fa1004-bd1f-48ad-951a-65f20b64dc59">
          <Coords points="2361,2878 2398,2877 2450,2878 2499,2878 2549,2878 2598,2876 2610,2876 2610,2921 2599,2921 2549,2923 2499,2923 2449,2923 2399,2922 2363,2923"/>
          <TextEquiv>
            <Unicode>vermaeck</Unicode>
          </TextEquiv>
        </Word>
        <Word id="word_b569a952-21c0-4d09-a400-1a09210a6de0">
          <Coords points="2641,2877 2650,2877 2698,2876 2749,2876 2795,2876 2795,2921 2749,2921 2699,2921 2649,2922 2641,2922"/>
          <TextEquiv>
            <Unicode>aente</Unicode>
          </TextEquiv>
        </Word>
        <Word id="word_db0aab60-5d91-415e-9a0f-d9e8f2f17cc9">
          <Coords points="2825,2876 2847,2875 2899,2875 2949,2875 2980,2874 2981,2919 2949,2920 2899,2920 2849,2920 2827,2921"/>
          <TextEquiv>
            <Unicode>doen,</Unicode>
          </TextEquiv>
        </Word>
        <Word id="word_63f4f1e0-6c61-4c7e-9ef9-24853399e79b">
          <Coords points="3009,2874 3046,2871 3098,2869 3105,2869 3105,2914 3099,2914 3050,2916 3013,2919"/>
          <TextEquiv>
            <Unicode>des</Unicode>
          </TextEquiv>
        </Word>
        <Word id="word_b292160a-37b7-4a77-8bda-99c033e39b57">
          <Coords points="3136,2869 3149,2869 3198,2868 3250,2869 3298,2868 3348,2867 3385,2869 3382,2914 3349,2912 3299,2913 3249,2914 3199,2913 3149,2914 3136,2914"/>
          <TextEquiv>
            <Unicode>derwarts</Unicode>
          </TextEquiv>
        </Word>
        <TextEquiv conf="0.9250739683074377">
          <Unicode>teneynde ons tot de wellecompst wat vermaeck aente doen, des derwarts</Unicode>
        </TextEquiv>
        <TextStyle xHeight="35"/>
      </TextLine>
      <TextLine id="line_1d1319dd-a3db-46a7-a9aa-12632500108d">
        <Coords points="1211,2997 1333,2997 1393,2969 1437,2929 1604,2929 1624,2941 2156,2946 2180,2922 2872,2918 2883,2925 3086,2925 3106,2937 3298,2937 3314,2941 3334,2960 3375,2957 3388,2969 3407,2968 3407,3050 3394,3050 3371,3072 3338,3072 3326,3060 3222,3060 2963,3073 2935,3052 2919,3052 2863,3105 2515,3109 2439,3068 2196,3068 2144,3101 2112,3109 1712,3104 1652,3072 1301,3072 1265,3097 1211,3105"/>
        <Baseline points="1251,3046 1301,3044 1351,3043 1401,3045 1451,3045 1501,3045 1551,3044 1601,3045 1651,3044 1701,3044 1751,3044 1801,3043 1851,3044 1901,3043 1951,3042 2001,3040 2051,3041 2101,3041 2151,3042 2201,3042 2251,3040 2301,3039 2351,3038 2401,3038 2451,3037 2501,3037 2551,3038 2601,3038 2651,3038 2701,3038 2751,3037 2801,3036 2851,3035 2901,3033 2951,3033 3001,3032 3051,3031 3101,3029 3151,3028 3201,3027 3251,3027 3301,3027 3351,3027 3368,3030"/>
        <Word id="word_167bef2c-c597-4b85-9771-8bcfaa8ffe42">
          <Coords points="1250,3011 1300,3009 1350,3008 1402,3010 1425,3010 1425,3055 1401,3055 1351,3053 1301,3054 1251,3056"/>
          <TextEquiv>
            <Unicode>gingen</Unicode>
          </TextEquiv>
        </Word>
        <Word id="word_867a791c-7a8f-46c1-8c13-dbc50a8a925d">
          <Coords points="1454,3010 1501,3010 1540,3009 1541,3054 1501,3055 1454,3055"/>
          <TextEquiv>
            <Unicode>met</Unicode>
          </TextEquiv>
        </Word>
        <Word id="word_679c0c7e-10a9-48cf-a641-693b2bb2c7b9">
          <Coords points="1572,3009 1603,3010 1650,3009 1657,3009 1657,3054 1651,3054 1601,3055 1570,3054"/>
          <TextEquiv>
            <Unicode>een</Unicode>
          </TextEquiv>
        </Word>
        <Word id="word_016e4390-a18f-4b11-a6e1-84fc752b97c7">
          <Coords points="1686,3009 1701,3009 1751,3009 1800,3008 1852,3009 1900,3008 1917,3008 1918,3053 1901,3053 1851,3054 1801,3053 1751,3054 1701,3054 1686,3054"/>
          <TextEquiv>
            <Unicode>redelijk</Unicode>
          </TextEquiv>
        </Word>
        <Word id="word_389e56b2-2e3d-4831-81da-20dc7db63628">
          <Coords points="1946,3007 1950,3007 2000,3005 2052,3006 2101,3006 2152,3007 2201,3007 2250,3005 2294,3004 2295,3049 2251,3050 2201,3052 2151,3052 2101,3051 2051,3051 2001,3050 1951,3052 1947,3052"/>
          <TextEquiv>
            <Unicode>schenckagie,</Unicode>
          </TextEquiv>
        </Word>
        <Word id="word_31b4dfff-5062-41a9-be3a-5189194c1d9c">
          <Coords points="2323,3004 2350,3003 2401,3003 2410,3003 2411,3048 2401,3048 2351,3048 2324,3049"/>
          <TextEquiv>
            <Unicode>die</Unicode>
          </TextEquiv>
        </Word>
        <Word id="word_72914f1e-ad8c-4e2a-a543-d7b15f353125">
          <Coords points="2439,3002 2450,3002 2501,3002 2552,3003 2601,3003 2651,3003 2701,3003 2729,3002 2730,3047 2701,3048 2651,3048 2601,3048 2551,3048 2501,3047 2451,3047 2440,3047"/>
          <TextEquiv>
            <Unicode>danckelijk</Unicode>
          </TextEquiv>
        </Word>
        <Word id="word_ab7c4d36-de26-435d-acec-31e03a3e85e8">
          <Coords points="2758,3002 2800,3001 2850,3000 2900,2998 2951,2998 3000,2997 3050,2996 3100,2994 3135,2993 3136,3038 3101,3039 3051,3041 3001,3042 2951,3043 2901,3043 2851,3045 2801,3046 2759,3047"/>
          <TextEquiv>
            <Unicode>accepteerden,</Unicode>
          </TextEquiv>
        </Word>
        <Word id="word_65b3b97d-ca08-42e4-8016-eb345f7bd676">
          <Coords points="3164,2993 3200,2992 3251,2992 3281,2992 3281,3037 3251,3037 3201,3037 3165,3038"/>
          <TextEquiv>
            <Unicode>ende</Unicode>
          </TextEquiv>
        </Word>
        <Word id="word_f9735c31-62ef-4d5c-a644-9724cd42ee7f">
          <Coords points="3310,2992 3351,2992 3374,2996 3366,3040 3351,3037 3310,3037"/>
          <TextEquiv>
            <Unicode>in</Unicode>
          </TextEquiv>
        </Word>
        <TextEquiv conf="0.8935240070303806">
          <Unicode>gingen met een redelijk schenckagie, die danckelijk accepteerden, ende in</Unicode>
        </TextEquiv>
        <TextStyle xHeight="46"/>
      </TextLine>
      <TextLine id="line_2d4e1c5c-e761-4329-92da-2833b5b279d0">
        <Coords points="1210,3107 1260,3099 1300,3074 1655,3074 1719,3106 2123,3107 2151,3099 2199,3066 2434,3066 2514,3107 2858,3107 2914,3054 2942,3054 2962,3071 3329,3062 3341,3074 3374,3071 3385,3082 3406,3082 3406,3164 3389,3162 3373,3147 2906,3171 2111,3183 2063,3230 2023,3242 1663,3237 1635,3214 1607,3215 1578,3238 1544,3206 1524,3198 1472,3246 1210,3245"/>
        <Baseline points="1250,3173 1300,3175 1350,3175 1400,3175 1450,3173 1500,3173 1550,3173 1600,3172 1650,3173 1700,3173 1750,3173 1800,3173 1850,3174 1900,3175 1950,3174 2000,3174 2050,3174 2100,3174 2150,3174 2200,3174 2250,3173 2300,3171 2350,3170 2400,3170 2450,3169 2500,3168 2550,3167 2600,3166 2650,3164 2700,3163 2750,3161 2800,3159 2850,3158 2900,3157 2950,3157 3000,3155 3050,3152 3100,3150 3150,3148 3200,3147 3250,3146 3300,3142 3350,3141 3367,3144"/>
        <Word id="word_6765cfa7-5ece-40bf-8b4a-dbb8e716433b">
          <Coords points="1251,3138 1301,3140 1350,3140 1400,3140 1449,3138 1500,3138 1521,3138 1521,3183 1500,3183 1450,3183 1400,3185 1350,3185 1300,3185 1250,3183"/>
          <TextEquiv>
            <Unicode>recompense</Unicode>
          </TextEquiv>
        </Word>
        <Word id="word_36a22c54-2957-4db0-aa52-9bb25e0f1021">
          <Coords points="1549,3138 1550,3138 1599,3137 1651,3138 1700,3138 1739,3138 1739,3183 1700,3183 1650,3183 1600,3182 1550,3183 1549,3183"/>
          <TextEquiv>
            <Unicode>vandien</Unicode>
          </TextEquiv>
        </Word>
        <Word id="word_27fea55f-4706-493a-8ab3-e78e4cff674e">
          <Coords points="1766,3138 1800,3138 1848,3139 1847,3184 1800,3183 1766,3183"/>
          <TextEquiv>
            <Unicode>ons</Unicode>
          </TextEquiv>
        </Word>
        <Word id="word_cf2c971e-be94-468a-aece-0c04a985f8f2">
          <Coords points="1875,3139 1901,3140 1949,3139 2000,3139 2050,3139 2100,3139 2146,3139 2146,3184 2100,3184 2050,3184 2000,3184 1950,3184 1900,3185 1874,3184"/>
          <TextEquiv>
            <Unicode>treffelijk</Unicode>
          </TextEquiv>
        </Word>
        <Word id="word_3b1b57ed-862a-4169-8eb0-df87e85e3d72">
          <Coords points="2173,3139 2200,3139 2249,3138 2299,3136 2349,3135 2400,3135 2444,3134 2445,3179 2400,3180 2350,3180 2300,3181 2250,3183 2200,3184 2173,3184"/>
          <TextEquiv>
            <Unicode>onthalende</Unicode>
          </TextEquiv>
        </Word>
        <Word id="word_780d89cf-071e-4087-99b8-5c24ae6194cd">
          <Coords points="2471,3134 2499,3133 2549,3132 2552,3132 2553,3177 2550,3177 2500,3178 2472,3179"/>
          <TextEquiv>
            <Unicode>de,</Unicode>
          </TextEquiv>
        </Word>
        <Word id="word_9d167e65-1791-40fd-b3c4-7c93e74920a1">
          <Coords points="2580,3131 2599,3131 2649,3129 2661,3129 2662,3174 2650,3174 2600,3176 2581,3176"/>
          <TextEquiv>
            <Unicode>soo</Unicode>
          </TextEquiv>
        </Word>
        <Word id="word_303f6645-41f2-4db0-98b1-71f3b3cc5cb2">
          <Coords points="2688,3128 2699,3128 2749,3126 2769,3125 2771,3170 2750,3171 2700,3173 2689,3173"/>
          <TextEquiv>
            <Unicode>met</Unicode>
          </TextEquiv>
        </Word>
        <Word id="word_ba82d281-97dc-4ffa-a64b-5c2e8f1d70e6">
          <Coords points="2796,3124 2799,3124 2849,3123 2899,3122 2933,3122 2933,3167 2900,3167 2850,3168 2800,3169 2798,3169"/>
          <TextEquiv>
            <Unicode>eeten</Unicode>
          </TextEquiv>
        </Word>
        <Word id="word_579ba2d9-63ca-499e-97e0-76007915a797">
          <Coords points="2959,3122 2998,3120 3012,3119 3015,3164 3001,3165 2961,3167"/>
          <TextEquiv>
            <Unicode>en</Unicode>
          </TextEquiv>
        </Word>
        <Word id="word_0fe7d00a-359f-4c1a-a623-f8e8d59a445d">
          <Coords points="3040,3118 3048,3117 3099,3115 3149,3113 3199,3112 3249,3111 3256,3110 3260,3155 3250,3156 3200,3157 3150,3158 3100,3160 3051,3162 3042,3162"/>
          <TextEquiv>
            <Unicode>drincken</Unicode>
          </TextEquiv>
        </Word>
        <Word id="word_3ffe0709-2465-4249-9943-8754032484b3">
          <Coords points="3283,3108 3297,3107 3349,3106 3373,3110 3365,3154 3350,3151 3301,3152 3287,3153"/>
          <TextEquiv>
            <Unicode>als</Unicode>
          </TextEquiv>
        </Word>
        <TextEquiv conf="0.9089244912509093">
          <Unicode>recompense vandien ons treffelijk onthalende de, soo met eeten en drincken als</Unicode>
        </TextEquiv>
        <TextStyle xHeight="37"/>
      </TextLine>
      <TextLine id="a548b8bf-6fa3-4674-a9a3-ab1ea6c3800a">
        <Coords points="1204,3243 1478,3243 1526,3198 1577,3238 1605,3215 1633,3214 1665,3238 2033,3243 2073,3223 2109,3190 2624,3194 2688,3198 2700,3210 3387,3211 3396,3220 3396,3303 3370,3301 3323,3345 3306,3332 3207,3332 3195,3320 3163,3316 2836,3316 2800,3349 2764,3349 2680,3308 2520,3308 2472,3313 2464,3321 1817,3321 1801,3337 1745,3360 1542,3355 1478,3320 1294,3320 1258,3349 1204,3360"/>
        <Baseline points="1244,3300 1294,3299 1344,3298 1394,3298 1444,3297 1494,3296 1544,3296 1594,3295 1644,3295 1694,3294 1744,3294 1794,3294 1844,3294 1894,3293 1944,3294 1994,3294 2044,3293 2094,3293 2144,3290 2194,3290 2244,3290 2294,3288 2344,3289 2394,3290 2444,3288 2494,3286 2544,3286 2594,3287 2644,3285 2694,3284 2744,3283 2794,3283 2844,3283 2894,3285 2944,3285 2994,3285 3044,3285 3094,3284 3144,3284 3194,3283 3244,3282 3294,3282 3344,3280 3357,3283"/>
        <Word id="word_09f46aa7-7b60-444f-bb39-837e09725e53">
          <Coords points="1243,3265 1293,3264 1343,3263 1394,3263 1443,3262 1493,3261 1522,3261 1522,3306 1494,3306 1444,3307 1394,3308 1344,3308 1294,3309 1244,3310"/>
          <TextEquiv>
            <Unicode>geneuchte,</Unicode>
          </TextEquiv>
        </Word>
        <Word id="word_0e4fbdb0-581e-4d67-9418-f77feb319a85">
          <Coords points="1549,3261 1593,3260 1633,3260 1633,3305 1594,3305 1550,3306"/>
          <TextEquiv>
            <Unicode>die</Unicode>
          </TextEquiv>
        </Word>
        <Word id="word_161bb8aa-3b50-4a6f-9b3a-9977c8409567">
          <Coords points="1660,3260 1693,3259 1744,3259 1772,3259 1772,3304 1744,3304 1694,3304 1661,3305"/>
          <TextEquiv>
            <Unicode>door</Unicode>
          </TextEquiv>
        </Word>
        <Word id="word_9662dd49-b14c-48ec-b139-9d1d45d3b0e3">
          <Coords points="1800,3259 1844,3259 1893,3258 1912,3258 1911,3303 1894,3303 1844,3304 1800,3304"/>
          <TextEquiv>
            <Unicode>sijn</Unicode>
          </TextEquiv>
        </Word>
        <Word id="word_01f18822-993c-429b-9c4a-bf8d3933c249">
          <Coords points="1940,3259 1945,3259 1994,3259 2043,3258 2094,3258 2132,3256 2134,3301 2094,3303 2044,3303 1994,3304 1944,3304 1939,3304"/>
          <TextEquiv>
            <Unicode>vrouwen</Unicode>
          </TextEquiv>
        </Word>
        <Word id="word_52e54890-8556-4323-bc4a-376d0472f906">
          <Coords points="2163,3254 2195,3255 2244,3255 2293,3253 2345,3254 2395,3255 2438,3253 2440,3298 2394,3300 2344,3299 2294,3298 2244,3300 2194,3300 2161,3299"/>
          <TextEquiv>
            <Unicode>metsingen,</Unicode>
          </TextEquiv>
        </Word>
        <Word id="word_59343d8f-1e05-4a72-8877-98625d73841b">
          <Coords points="2466,3252 2493,3251 2544,3251 2595,3252 2633,3250 2635,3295 2594,3297 2544,3296 2494,3296 2468,3297"/>
          <TextEquiv>
            <Unicode>spelen</Unicode>
          </TextEquiv>
        </Word>
        <Word id="word_86dc92c5-4985-4ccf-86f3-9818fa018481">
          <Coords points="2662,3249 2694,3249 2717,3249 2718,3294 2694,3294 2662,3294"/>
          <TextEquiv>
            <Unicode>en</Unicode>
          </TextEquiv>
        </Word>
        <Word id="word_326145ac-b8cb-47f2-bf17-6260357e27f8">
          <Coords points="2746,3248 2794,3248 2844,3248 2895,3250 2912,3250 2912,3295 2894,3295 2844,3293 2794,3293 2745,3293"/>
          <TextEquiv>
            <Unicode>dansen</Unicode>
          </TextEquiv>
        </Word>
        <Word id="word_cab582be-b07c-48df-a7d7-36d4e355e1a2">
          <Coords points="2940,3250 2944,3250 2994,3250 3024,3250 3024,3295 2994,3295 2944,3295 2940,3295"/>
          <TextEquiv>
            <Unicode>aen</Unicode>
          </TextEquiv>
        </Word>
        <Word id="word_07ca6373-7993-4dee-8d5d-1f0deebd7095">
          <Coords points="3051,3250 3093,3249 3135,3249 3135,3294 3094,3294 3052,3295"/>
          <TextEquiv>
            <Unicode>het</Unicode>
          </TextEquiv>
        </Word>
        <Word id="word_76c47fe7-619e-49b8-a860-2d10aa53e5b4">
          <Coords points="3162,3249 3193,3248 3243,3247 3294,3247 3343,3245 3365,3249 3355,3293 3344,3290 3294,3292 3244,3292 3194,3293 3163,3294"/>
          <TextEquiv>
            <Unicode>rechten</Unicode>
          </TextEquiv>
        </Word>
        <TextEquiv conf="0.9294374320246135">
          <Unicode>geneuchte, die door sijn vrouwen metsingen, spelen en dansen aen het rechten</Unicode>
        </TextEquiv>
        <TextStyle xHeight="37"/>
      </TextLine>
      <TextLine id="d85ffb7d-878b-4360-b42e-6984e05e8d2b">
        <Coords points="1211,3361 1249,3353 1293,3320 1481,3320 1545,3356 1741,3361 1808,3333 1820,3321 2464,3321 2476,3310 2520,3309 2680,3309 2768,3349 2799,3349 2835,3316 3163,3316 3195,3320 3207,3332 3305,3332 3323,3348 3352,3348 3352,3430 2843,3430 2768,3433 2760,3441 2468,3441 2448,3457 2408,3457 2376,3488 2360,3479 2236,3484 2216,3468 2156,3464 2120,3444 1708,3449 1689,3436 1211,3437"/>
        <Baseline points="1251,3429 1301,3429 1351,3427 1401,3425 1451,3425 1501,3424 1551,3424 1601,3423 1651,3422 1701,3421 1751,3422 1801,3419 1851,3418 1901,3417 1951,3417 2001,3415 2051,3414 2101,3411 2151,3411 2201,3411 2251,3411 2301,3411 2351,3412 2401,3412 2451,3414 2501,3415 2551,3416 2601,3416 2651,3415 2701,3415 2751,3414 2801,3414 2851,3413 2901,3412 2951,3410 3001,3410 3051,3410 3101,3409 3151,3407 3201,3408 3251,3408 3301,3408 3313,3410"/>
        <Word id="word_74857a13-d7b3-410c-8cfd-5dc37d604bf0">
          <Coords points="1251,3394 1301,3394 1338,3392 1340,3437 1301,3439 1251,3439"/>
          <TextEquiv>
            <Unicode>tot</Unicode>
          </TextEquiv>
        </Word>
        <Word id="word_6fbaeca4-ae72-4324-93db-e79e854f9054">
          <Coords points="1367,3391 1400,3390 1451,3390 1500,3389 1551,3389 1600,3388 1650,3387 1700,3386 1750,3387 1752,3387 1752,3432 1751,3432 1701,3431 1651,3432 1601,3433 1551,3434 1501,3434 1451,3435 1401,3435 1369,3436"/>
          <TextEquiv>
            <Unicode>overmidnacht,</Unicode>
          </TextEquiv>
        </Word>
        <Word id="word_eca36f53-1f1b-493c-b45b-0c03e13f3f76">
          <Coords points="1779,3385 1799,3384 1850,3383 1869,3383 1870,3428 1851,3428 1802,3429 1782,3430"/>
          <TextEquiv>
            <Unicode>als</Unicode>
          </TextEquiv>
        </Word>
        <Word id="word_23b339d4-e3d4-4cfb-8d01-9bd77338e6e2">
          <Coords points="1898,3382 1900,3382 1951,3382 2000,3380 2050,3379 2099,3376 2105,3376 2105,3421 2102,3421 2051,3424 2001,3425 1951,3427 1901,3427 1899,3427"/>
          <TextEquiv>
            <Unicode>wanneer</Unicode>
          </TextEquiv>
        </Word>
        <Word id="word_a8ee9ed9-fbc5-48eb-8441-083fb5a2effe">
          <Coords points="2135,3376 2151,3376 2201,3376 2223,3376 2223,3421 2201,3421 2151,3421 2135,3421"/>
          <TextEquiv>
            <Unicode>nae</Unicode>
          </TextEquiv>
        </Word>
        <Word id="word_5610b2fc-e896-4cfa-a7f0-bdad0c8c3141">
          <Coords points="2253,3376 2301,3376 2352,3377 2401,3377 2452,3379 2502,3380 2552,3381 2601,3381 2605,3381 2606,3426 2601,3426 2551,3426 2501,3425 2451,3424 2401,3422 2351,3422 2301,3421 2253,3421"/>
          <TextEquiv>
            <Unicode>verscheijden</Unicode>
          </TextEquiv>
        </Word>
        <Word id="word_e63dc9a6-e809-47fb-bac7-85c9522710ac">
          <Coords points="2635,3380 2650,3380 2701,3380 2750,3379 2801,3379 2850,3378 2871,3378 2871,3423 2851,3423 2801,3424 2751,3424 2701,3425 2651,3425 2636,3425"/>
          <TextEquiv>
            <Unicode>gehouden</Unicode>
          </TextEquiv>
        </Word>
        <Word id="word_b96bc52f-a8ad-49f0-88de-e4c84a538974">
          <Coords points="2900,3377 2900,3377 2950,3375 3001,3375 3051,3375 3100,3374 3150,3372 3167,3372 3166,3417 3151,3417 3101,3419 3051,3420 3001,3420 2951,3420 2901,3422 2901,3422"/>
          <TextEquiv>
            <Unicode>minnelijk</Unicode>
          </TextEquiv>
        </Word>
        <Word id="word_a18fd267-6922-494c-8413-4cafc587b987">
          <Coords points="3196,3373 3202,3373 3251,3373 3301,3373 3319,3375 3311,3420 3301,3418 3251,3418 3201,3418 3195,3418"/>
          <TextEquiv>
            <Unicode>ende</Unicode>
          </TextEquiv>
        </Word>
        <TextEquiv conf="0.9297723558367981">
          <Unicode>tot overmidnacht, als wanneer nae verscheijden gehouden minnelijk ende</Unicode>
        </TextEquiv>
        <TextStyle xHeight="39"/>
      </TextLine>
      <TextLine id="line_8efd4026-5ed4-4dba-9421-4b385c449d37">
        <Coords points="1219,3439 1684,3438 1696,3450 2124,3446 2160,3465 2360,3477 2375,3489 2408,3458 2444,3458 2472,3439 2612,3439 2628,3430 3363,3442 3400,3466 3400,3548 3383,3548 3372,3538 3287,3542 3247,3582 3199,3598 2584,3602 2544,3642 2088,3642 2060,3641 2044,3625 1761,3621 1717,3601 1693,3580 1661,3580 1629,3565 1477,3565 1413,3626 1219,3630"/>
        <Baseline points="1259,3555 1309,3554 1359,3551 1409,3550 1459,3550 1509,3549 1559,3548 1609,3547 1659,3545 1709,3545 1759,3544 1809,3543 1859,3543 1909,3543 1959,3542 2009,3542 2059,3542 2109,3541 2159,3541 2209,3541 2259,3541 2309,3542 2359,3544 2409,3544 2459,3545 2509,3544 2559,3544 2609,3544 2659,3543 2709,3541 2759,3541 2809,3541 2859,3541 2909,3540 2959,3541 3009,3541 3059,3540 3109,3537 3159,3535 3209,3536 3259,3536 3309,3535 3359,3531 3361,3528"/>
        <Word id="word_b0bd63e0-57fa-48bc-a9ca-16f1b420bc92">
          <Coords points="1258,3520 1308,3519 1357,3516 1408,3515 1459,3515 1508,3514 1558,3513 1608,3512 1658,3510 1680,3510 1680,3555 1659,3555 1609,3557 1559,3558 1509,3559 1459,3560 1409,3560 1360,3561 1309,3564 1259,3565"/>
          <TextEquiv>
            <Unicode>complementense</Unicode>
          </TextEquiv>
        </Word>
        <Word id="word_7f4dee5c-f782-490b-80bf-a8967d9a963c">
          <Coords points="1709,3510 1758,3509 1808,3508 1859,3508 1909,3508 1958,3507 2009,3507 2040,3507 2040,3552 2009,3552 1959,3552 1909,3553 1859,3553 1809,3553 1759,3554 1710,3555"/>
          <TextEquiv>
            <Unicode>discouirsen</Unicode>
          </TextEquiv>
        </Word>
        <Word id="word_ca5794d4-6101-41fb-a16e-0385a0ea3fa6">
          <Coords points="2070,3507 2108,3506 2159,3506 2209,3506 2259,3506 2310,3507 2342,3508 2341,3553 2309,3552 2259,3551 2209,3551 2159,3551 2109,3551 2071,3552"/>
          <TextEquiv>
            <Unicode>vandelijk</Unicode>
          </TextEquiv>
        </Word>
        <Word id="word_c033c6bc-ed0c-40f3-8f99-7ff780ef9ae5">
          <Coords points="2371,3509 2409,3509 2460,3510 2508,3509 2559,3509 2609,3509 2658,3508 2670,3508 2672,3552 2659,3553 2609,3554 2559,3554 2509,3554 2459,3555 2409,3554 2371,3554"/>
          <TextEquiv>
            <Unicode>affscheijt</Unicode>
          </TextEquiv>
        </Word>
        <Word id="word_0a4edd8e-6fbc-4d44-91b3-4a3f20009e43">
          <Coords points="2700,3506 2708,3506 2759,3506 2809,3506 2859,3506 2908,3505 2943,3506 2942,3551 2909,3550 2859,3551 2809,3551 2759,3551 2709,3551 2702,3551"/>
          <TextEquiv>
            <Unicode>bequamen</Unicode>
          </TextEquiv>
        </Word>
        <Word id="word_42ac8123-cc88-4428-8b7b-2dd325f3dc4e">
          <Coords points="2972,3506 3009,3506 3058,3505 3090,3503 3093,3548 3059,3550 3009,3551 2972,3551"/>
          <TextEquiv>
            <Unicode>ende</Unicode>
          </TextEquiv>
        </Word>
        <Word id="word_0f6c4d1e-d62d-4407-947f-e212fceb8707">
          <Coords points="3121,3501 3158,3500 3183,3500 3182,3545 3159,3545 3123,3546"/>
          <TextEquiv>
            <Unicode>te</Unicode>
          </TextEquiv>
        </Word>
        <Word id="word_03204ccb-7fc9-4300-ba3c-d3fce0b026ed">
          <Coords points="3212,3501 3259,3501 3308,3500 3332,3509 3356,3496 3369,3534 3360,3541 3309,3545 3259,3546 3212,3546"/>
          <TextEquiv>
            <Unicode>logie</Unicode>
          </TextEquiv>
        </Word>
        <TextEquiv conf="0.908829550361495">
          <Unicode>complementense discouirsen vandelijk affscheijt bequamen ende te logie</Unicode>
        </TextEquiv>
        <TextStyle xHeight="53"/>
      </TextLine>
      <TextLine id="d31815f9-2702-4f48-abc3-fddb959e1be2">
        <Coords points="1209,3625 1415,3625 1479,3564 1627,3564 1667,3584 1695,3585 1759,3620 2104,3612 2104,3694 2060,3687 2041,3695 1209,3694"/>
        <Baseline points="1249,3678 1299,3678 1349,3677 1399,3678 1449,3676 1499,3675 1549,3672 1599,3671 1649,3670 1699,3669 1749,3668 1799,3668 1849,3668 1899,3667 1949,3666 1999,3667 2049,3670 2065,3674"/>
        <Word id="word_3ec8804f-2439-4d80-95bc-6d0ec6566c45">
          <Coords points="1249,3643 1299,3643 1348,3642 1400,3643 1448,3641 1488,3640 1489,3685 1449,3686 1399,3688 1349,3687 1299,3688 1249,3688"/>
          <TextEquiv>
            <Unicode>warts</Unicode>
          </TextEquiv>
        </Word>
        <Word id="word_6477f583-d32d-4fa9-a2ab-0a680939d3c6">
          <Coords points="1531,3640 1542,3638 1598,3636 1648,3635 1698,3634 1748,3633 1799,3633 1849,3633 1898,3632 1948,3631 2000,3632 2051,3635 2073,3640 2062,3684 2048,3680 1999,3677 1949,3676 1899,3677 1849,3678 1799,3678 1749,3678 1699,3679 1649,3680 1599,3681 1551,3682 1539,3684"/>
          <TextEquiv>
            <Unicode>tendeerden.</Unicode>
          </TextEquiv>
        </Word>
        <TextEquiv conf="0.843248685692521">
          <Unicode>warts tendeerden.</Unicode>
        </TextEquiv>
        <TextStyle xHeight="35"/>
      </TextLine>
      <TextLine id="d42ccd20-e981-4742-9c50-f162ffd34b00">
        <Coords points="908,3759 983,3754 1006,3731 1038,3727 1082,3695 2040,3696 2078,3675 2513,3683 3361,3683 3402,3715 3402,3797 3265,3797 3229,3831 3205,3839 2825,3839 2805,3830 2733,3830 2689,3870 2675,3859 2657,3871 2637,3871 2617,3858 2493,3858 2461,3834 2386,3799 2114,3803 2062,3851 1234,3859 1178,3842 1162,3830 908,3830"/>
        <Baseline points="948,3820 998,3820 1048,3818 1098,3816 1148,3814 1198,3812 1248,3811 1298,3811 1348,3810 1398,3806 1448,3803 1498,3801 1548,3799 1598,3799 1648,3798 1698,3795 1748,3793 1798,3793 1848,3791 1898,3789 1948,3787 1998,3787 2048,3787 2098,3786 2148,3784 2198,3783 2248,3782 2298,3781 2348,3781 2398,3782 2448,3781 2498,3783 2548,3783 2598,3782 2648,3784 2698,3783 2748,3783 2798,3785 2848,3784 2898,3783 2948,3781 2998,3781 3048,3780 3098,3778 3148,3778 3198,3777 3248,3778 3298,3779 3348,3778 3363,3777"/>
        <Word id="word_517d671e-8bc8-4175-9faa-da74d9f54c9b">
          <Coords points="948,3785 998,3785 1047,3783 1097,3781 1145,3779 1147,3824 1098,3826 1048,3828 998,3830 948,3830"/>
          <TextEquiv>
            <Unicode>ultimo</Unicode>
          </TextEquiv>
        </Word>
        <Word id="word_e1ebed46-f34b-49af-b82c-5c239d4eff70">
          <Coords points="1178,3778 1197,3777 1247,3776 1279,3776 1279,3821 1248,3821 1198,3822 1180,3823"/>
          <TextEquiv>
            <Unicode>d:o</Unicode>
          </TextEquiv>
        </Word>
        <Word id="word_cdc8ad4b-cecb-4746-ae42-3d8c62ce8c9c">
          <Coords points="1311,3776 1344,3775 1345,3820 1312,3821"/>
          <TextEquiv>
            <Unicode>s</Unicode>
          </TextEquiv>
        </Word>
        <Word id="word_458f5333-8f2e-4308-8277-144755d5567e">
          <Coords points="1373,3775 1393,3771 1446,3768 1497,3766 1547,3764 1598,3764 1642,3763 1643,3808 1598,3809 1548,3809 1498,3811 1449,3813 1400,3816 1380,3819"/>
          <TextEquiv>
            <Unicode>middaghs</Unicode>
          </TextEquiv>
        </Word>
        <Word id="word_32242db6-61e0-4c6d-8766-66bbdfa824e5">
          <Coords points="1672,3763 1694,3760 1747,3758 1798,3758 1847,3756 1897,3754 1906,3754 1907,3799 1898,3799 1848,3801 1798,3803 1748,3803 1699,3805 1677,3807"/>
          <TextEquiv>
            <Unicode>gaenden</Unicode>
          </TextEquiv>
        </Word>
        <Word id="word_0e5aa828-b4a8-4d89-81cf-a8cd01f463e8">
          <Coords points="1939,3752 1947,3752 1998,3752 2048,3752 2097,3751 2137,3749 2139,3794 2098,3796 2048,3797 1998,3797 1948,3797 1940,3797"/>
          <TextEquiv>
            <Unicode>Capado</Unicode>
          </TextEquiv>
        </Word>
        <Word id="word_57808c4e-3ac5-4d35-8019-ccf34ac33019">
          <Coords points="2172,3748 2198,3748 2247,3747 2297,3746 2348,3746 2399,3747 2447,3746 2471,3747 2469,3792 2448,3791 2398,3792 2348,3791 2298,3791 2248,3792 2198,3793 2172,3793"/>
          <TextEquiv>
            <Unicode>ongadingh</Unicode>
          </TextEquiv>
        </Word>
        <Word id="word_0bee982c-7ee1-46d4-84db-a81118e8e673">
          <Coords points="2502,3748 2548,3748 2597,3747 2649,3749 2697,3748 2748,3748 2799,3750 2800,3750 2801,3795 2798,3795 2748,3793 2698,3793 2648,3794 2598,3792 2548,3793 2503,3793"/>
          <TextEquiv>
            <Unicode>begroeten</Unicode>
          </TextEquiv>
        </Word>
        <Word id="word_d6a4a2db-7ace-4cf3-85b5-c739ff22bbf9">
          <Coords points="2833,3749 2847,3749 2897,3748 2931,3747 2933,3792 2898,3793 2848,3794 2834,3794"/>
          <TextEquiv>
            <Unicode>met</Unicode>
          </TextEquiv>
        </Word>
        <Word id="word_17c6d72b-2f95-4eeb-9aa7-a0f8978becb7">
          <Coords points="2967,3745 2999,3746 3047,3745 3097,3743 3148,3743 3197,3742 3249,3743 3264,3743 3263,3788 3248,3788 3198,3787 3148,3788 3098,3788 3048,3790 2998,3791 2966,3790"/>
          <TextEquiv>
            <Unicode>vereering</Unicode>
          </TextEquiv>
        </Word>
        <Word id="word_7ed5ecb7-5a7f-4142-9545-f8f4136933a5">
          <Coords points="3297,3744 3299,3744 3347,3743 3360,3742 3363,3787 3348,3788 3298,3789 3296,3789"/>
          <TextEquiv>
            <Unicode>e.</Unicode>
          </TextEquiv>
        </Word>
        <TextEquiv conf="0.9119987655440227">
          <Unicode>ultimo d:o s middaghs gaenden Capado ongadingh begroeten met vereering e.</Unicode>
        </TextEquiv>
        <TextStyle xHeight="50"/>
      </TextLine>
      <TextLine id="b07647ed-16e2-4916-ac02-0224285ed3f9">
        <Coords points="1197,3849 1231,3858 1646,3858 1654,3850 1694,3849 2062,3854 2114,3802 2333,3797 2385,3797 2497,3858 2640,3853 2648,3861 2658,3854 2689,3868 2729,3833 2817,3833 2829,3842 3188,3842 3244,3821 3381,3825 3381,3907 3369,3897 3304,3897 3288,3905 3076,3905 3032,3944 2973,3952 1650,3944 1622,3964 1447,3964 1407,4004 1359,4023 1197,4023"/>
        <Baseline points="1237,3928 1287,3925 1337,3922 1387,3920 1437,3919 1487,3917 1537,3915 1587,3914 1637,3913 1687,3912 1737,3911 1787,3910 1837,3909 1887,3907 1937,3906 1987,3905 2037,3903 2087,3900 2137,3899 2187,3897 2237,3896 2287,3895 2337,3895 2387,3896 2437,3896 2487,3896 2537,3897 2587,3896 2637,3895 2687,3895 2737,3894 2787,3893 2837,3893 2887,3891 2937,3891 2987,3891 3037,3891 3087,3892 3137,3893 3187,3893 3237,3892 3287,3890 3337,3887 3342,3887"/>
        <Word id="word_43e23baf-4a02-4237-8dc0-502952912fa5">
          <Coords points="1235,3893 1285,3890 1326,3888 1329,3932 1288,3935 1238,3938"/>
          <TextEquiv>
            <Unicode>die</Unicode>
          </TextEquiv>
        </Word>
        <Word id="word_3e3b8464-228a-471c-bdb2-339857930827">
          <Coords points="1358,3886 1386,3885 1436,3884 1479,3882 1481,3927 1437,3929 1387,3930 1359,3931"/>
          <TextEquiv>
            <Unicode>vrij</Unicode>
          </TextEquiv>
        </Word>
        <Word id="word_085d2e51-c5f7-4401-8324-84e3a9ef99fc">
          <Coords points="1510,3881 1536,3880 1586,3879 1602,3879 1603,3924 1587,3924 1537,3925 1512,3926"/>
          <TextEquiv>
            <Unicode>wat</Unicode>
          </TextEquiv>
        </Word>
        <Word id="word_d46ca94b-4a28-4414-b0f4-3e346d70cccf">
          <Coords points="1633,3878 1636,3878 1686,3877 1736,3876 1786,3875 1836,3874 1846,3874 1847,3919 1837,3919 1787,3920 1737,3921 1687,3922 1637,3923 1634,3923"/>
          <TextEquiv>
            <Unicode>grooter</Unicode>
          </TextEquiv>
        </Word>
        <Word id="word_c04c9b58-525f-4909-8bc3-5ece91894b1d">
          <Coords points="1876,3872 1886,3872 1936,3871 1986,3870 2036,3868 2085,3865 2090,3865 2091,3910 2088,3910 2037,3913 1987,3915 1937,3916 1887,3917 1878,3917"/>
          <TextEquiv>
            <Unicode>maecten</Unicode>
          </TextEquiv>
        </Word>
        <Word id="word_bed387bc-81bd-4fee-8c4b-4ebb53966fd2">
          <Coords points="2121,3864 2136,3864 2186,3862 2212,3861 2213,3906 2187,3907 2137,3909 2122,3909"/>
          <TextEquiv>
            <Unicode>als</Unicode>
          </TextEquiv>
        </Word>
        <Word id="word_5d28bd41-16fb-4e29-a426-95709bd91a3a">
          <Coords points="2243,3861 2286,3860 2337,3860 2388,3861 2437,3861 2457,3861 2457,3906 2437,3906 2387,3906 2337,3905 2287,3905 2244,3906"/>
          <TextEquiv>
            <Unicode>anders,</Unicode>
          </TextEquiv>
        </Word>
        <Word id="word_b3a3219c-3434-4584-9c5f-24bfc27b9e6f">
          <Coords points="2488,3861 2538,3862 2586,3861 2636,3860 2671,3860 2671,3905 2637,3905 2587,3906 2537,3907 2487,3906"/>
          <TextEquiv>
            <Unicode>omdaer</Unicode>
          </TextEquiv>
        </Word>
        <Word id="word_41ba7453-a3ab-4741-b4f3-2fa91c68bcaa">
          <Coords points="2700,3860 2736,3859 2786,3858 2823,3858 2823,3903 2787,3903 2737,3904 2702,3905"/>
          <TextEquiv>
            <Unicode>mede</Unicode>
          </TextEquiv>
        </Word>
        <Word id="word_9bb82250-3970-4b38-bb49-867fae75bfd0">
          <Coords points="2852,3858 2885,3856 2937,3856 2976,3856 2976,3901 2937,3901 2888,3901 2854,3903"/>
          <TextEquiv>
            <Unicode>(als</Unicode>
          </TextEquiv>
        </Word>
        <Word id="word_72f42c89-9aeb-4172-9cdb-f28ff003ed4f">
          <Coords points="3006,3856 3037,3856 3088,3857 3138,3858 3187,3858 3236,3857 3286,3855 3335,3852 3342,3852 3342,3897 3338,3897 3287,3900 3237,3902 3187,3903 3137,3903 3087,3902 3037,3901 3006,3901"/>
          <TextEquiv>
            <Unicode>aengeroert)</Unicode>
          </TextEquiv>
        </Word>
        <TextEquiv conf="0.9254919147664143">
          <Unicode>die vrij wat grooter maecten als anders, omdaer mede (als aengeroert)</Unicode>
        </TextEquiv>
        <TextStyle xHeight="39"/>
      </TextLine>
    </TextRegion>
    <TextRegion id="region_64a1761d-86bc-446c-96d6-408910554e88_2" custom="structure {type:paragraph;}">
      <Coords points="1089,203 1103,203 1107,207 1114,207 1117,210 1170,210 1173,214 1180,214 1184,217 1209,217 1212,221 1216,221 1219,224 1223,224 1230,231 1230,242 1233,238 1240,238 1244,235 1254,235 1258,231 1265,231 1279,217 1282,217 1286,214 1289,214 1293,210 1300,210 1303,207 1286,207 1282,203 1258,203 1254,200 1216,200 1212,196 1170,196 1166,200 1093,200"/>
    </TextRegion>
    <TextRegion id="region_7162871b-c020-4455-9896-63b6d4ab34ee_3" custom="structure {type:catch-word;}">
      <Coords points="3114,3972 3100,3958 3093,3958 3090,3955 3062,3955 3058,3951 3041,3951 3037,3948 2999,3948 2995,3951 2977,3951 2974,3955 2960,3955 2956,3958 2949,3958 2942,3965 2939,3965 2918,3986 2918,3993 2914,3997 2914,4000 2911,4004 2911,4018 2918,4025 2918,4028 2911,4035 2911,4039 2900,4049 2897,4049 2890,4056 2893,4060 2893,4063 2897,4063 2900,4067 2925,4067 2928,4063 2984,4063 2988,4060 3002,4060 3006,4056 3016,4056 3020,4053 3027,4053 3030,4049 3041,4049 3044,4046 3048,4046 3051,4042 3055,4042 3058,4039 3062,4039 3065,4035 3072,4035 3076,4032 3079,4032 3086,4025 3090,4025 3097,4018 3100,4018 3104,4014 3104,4011 3107,4007 3107,4004 3111,4000 3111,3997 3114,3993"/>
      <TextLine id="line_75fff120-7ecc-48ad-b7d5-0fc32e9baaca">
        <Coords points="2898,3951 3157,3954 3157,4036 3072,4036 3024,4081 3000,4093 2956,4105 2898,4105"/>
        <Baseline points="2938,4025 2988,4022 3038,4022 3088,4020 3118,4016"/>
        <Word id="word_d01097c4-8399-4e95-9f3c-2802257cfbfb">
          <Coords points="2936,3990 2986,3987 3038,3987 3087,3985 3113,3981 3119,4026 3088,4030 3038,4032 2989,4032 2939,4035"/>
          <TextEquiv>
            <Unicode>uijt</Unicode>
          </TextEquiv>
        </Word>
        <TextEquiv conf="0.9641707549084343">
          <Unicode>uijt</Unicode>
        </TextEquiv>
        <TextStyle xHeight="36"/>
      </TextLine>
    </TextRegion>
  </Page>
</PcGts>
