3567 4801
2783 536 2996 615 992

439 587 574 636 Den
617 591 752 639 s„r
795 596 1150 646 Chinanna
1194 595 1506 644 Chittij
1549 593 1728 640 door
1769 596 1905 643 den
1948 598 2351 649 goubern=r

2364 599 2433 647 v

543 647 1113 702 aernoldhoussen
1152 654 1236 703 In
1271 652 1641 704 antwoorde
1681 653 1763 699 op
1802 655 1925 702 den
1964 656 2209 705 sijnen
2249 661 2464 710 gess:

847 806 968 854 Wan
1007 801 1365 852 schryvens
1404 802 1604 848 onder
1643 804 1961 849 couverto
2001 803 2120 848 van
2160 802 2279 848 een
2319 802 2518 848 onser
2557 799 2757 846 Coopl
2795 793 2955 842 uijt

975 907 1444 956 tegenampatnam
1480 906 1590 952 aen
1625 907 1733 953 mij
1769 908 2275 957 g'addresseert,
2310 911 2383 957 Is
2419 912 2528 958 mij
2564 914 2673 961 wel
2707 916 2999 963 overhan„

945 1010 1207 1062 „dicht,
1245 1010 1394 1056 daer
1431 1009 1544 1055 bij
1577 1009 1656 1056 ut
1692 1008 1992 1056 begeerte
2029 1010 2179 1057 ende
2215 1012 2552 1062 versouck,
2589 1016 2738 1063 omme
2775 1013 2927 1061 alle

969 1111 1457 1159 veroorsaeckte
1495 1111 1795 1158 onlusten
1833 1112 1983 1160 ende
2021 1115 2584 1163 verwijderinghen
2621 1112 2847 1161 tegens
2884 1112 2999 1160 den

977 1214 1144 1261 staet
1177 1216 1344 1262 onser
1376 1215 1544 1264 H=rn.
1575 1216 1944 1263 principalen
1976 1219 2076 1264 aen
2109 1219 2243 1265 uwer
2276 1219 2443 1265 zijde
2476 1219 2543 1265 te
2575 1217 2909 1263 repareren,
2942 1214 3076 1264 ende

952 1326 1067 1372 met
1105 1324 1221 1370 ons
1259 1323 1336 1369 In
1374 1322 1606 1368 vorige
1643 1320 2067 1368 vruntschap,
2104 1322 2220 1368 als
2258 1322 2450 1368 onder
2488 1323 2873 1370 handelinge
2911 1323 2988 1368 te

974 1424 1404 1473 continueeren,
1435 1426 1535 1472 ten
1568 1426 1700 1473 dien
1732 1426 1898 1473 sijne
1930 1427 2095 1473 acces
2128 1428 2260 1474 ofte
2293 1425 2557 1473 geleijde
2590 1426 2688 1471 tot
2721 1425 2821 1471 ons
2853 1423 3051 1470 alhier

979 1535 1306 1582 verleenen
1341 1534 1560 1582 zoude,
1595 1537 1813 1583 nevens
1849 1537 1995 1583 meer
2031 1537 2249 1583 andere
2285 1537 2539 1584 redenen
2575 1532 3011 1583 omstandelijk

956 1639 1183 1688 gelesen
1214 1637 1408 1686 hebbe,
1439 1636 1569 1683 waer
1600 1639 1666 1684 op
1697 1639 1988 1686 cortelijk
2018 1640 2116 1687 soo
2148 1640 2277 1685 veel
2308 1641 2405 1687 die
2437 1641 2663 1687 materie
2695 1639 3051 1686 vereijscht,

967 1749 1069 1798 tot
1099 1747 1400 1794 antwoorde
1433 1746 1633 1793 segge,
1665 1745 1765 1790 ten
1797 1743 2031 1790 aensien
2064 1743 2164 1789 ul:
2197 1741 2562 1788 confesseert
2593 1742 2728 1788 ende
2760 1729 3060 1787 verclaert

948 1861 1064 1912 40:
1100 1857 1326 1904 Jaeren
1364 1856 1477 1902 met
1514 1857 1589 1903 d'
1627 1856 1703 1902 E:
1739 1856 1965 1903 comp=e
2002 1853 2078 1900 In
2115 1849 2491 1896 vruntschap
2528 1849 2754 1895 sonder
2790 1841 3018 1893 eenige

961 1972 1255 2023 d'minste
1288 1969 1692 2019 differentie
1728 1962 2274 2014 gefrequenteert,
2311 1959 2457 2007 ende
2492 1956 2857 2005 gehandelt,
2892 1950 3003 2001 dat

960 2090 1059 2136 ul:
1092 2089 1192 2135 dan
1224 2086 1622 2135 dienvolgende
1654 2084 1919 2132 d'macht,
1952 2082 2250 2130 middelen,
2282 2077 2548 2127 sinceren
2581 2077 2713 2122 ende
2746 2072 3045 2121 oprechten

954 2202 1165 2247 handel
1200 2199 1551 2247 desselffs,
1585 2194 1727 2243 niet
1761 2189 1972 2238 alleen
2007 2187 2113 2233 ten
2147 2184 2359 2231 vollen
2392 2180 2674 2228 geweten,
2708 2174 2850 2224 maer
2883 2172 3025 2219 oock

954 2313 1235 2359 d'groote
1270 2307 1622 2358 proffijten
1656 2306 1797 2353 daer
1829 2302 1972 2350 uijt
2005 2299 2112 2346 toe
2147 2294 2498 2343 gevloeijt,
2531 2281 2886 2338 successive

935 2426 1309 2481 gesmaeckt
1348 2421 1557 2471 hebt,
1597 2414 1845 2465 welcq,
1885 2412 1927 2458 &
1968 2408 2134 2457 onse
2173 2400 2711 2454 menichvuldige
2751 2392 3055 2443 gedaene

947 2543 1414 2593 aenbiedingen
1451 2540 1569 2588 van
1606 2536 1763 2585 noch
1801 2535 2035 2581 vaster
2072 2530 2500 2581 combinatie,
2539 2526 2694 2575 ende
2732 2521 3010 2570 meerder

950 2653 1178 2705 handel
1215 2649 1329 2697 met
1366 2646 1479 2693 uL:
1516 2645 1592 2691 't
1628 2643 2044 2693 ondernemen,
2081 2640 2194 2688 ten
2231 2635 2495 2684 anderen
2533 2631 2684 2680 onse
2720 2623 3024 2676 getrouwe

928 2760 1556 2808 waerschouwingen,
1594 2756 2066 2808 aenradingen,
2104 2755 2145 2801 &
2184 2750 2420 2799 gedane
2458 2743 2813 2794 devoiren,
2851 2735 3010 2788 omme

946 2873 1047 2923 ul:
1076 2875 1213 2924 uijt
1245 2876 1345 2921 den
1378 2872 1577 2922 Idelen
1610 2871 1777 2917 waen,
1809 2872 1943 2918 ende
1971 2870 2108 2918 Hope
2140 2867 2241 2914 van
2274 2863 2506 2912 meerder
2538 2859 2805 2908 aensien,
2838 2856 3038 2904 staet,

936 2993 978 3041 &
1014 2989 1434 3036 rijcqdommen
1471 2989 1624 3035 door
1662 2989 1738 3034 't
1773 2984 2081 3034 hanteren
2119 2981 2233 3028 van
2270 2974 2614 3025 hooffsche
2651 2968 2918 3018 saecken

938 3094 1008 3142 't
1042 3093 1421 3142 acquireren,
1455 3091 1559 3139 aff
1593 3088 1663 3135 te
1696 3082 1973 3132 leijden,
2006 3077 2179 3125 alsoo
2213 3075 2352 3122 uijt
2385 3067 2869 3119 d'voorgestelde

951 3202 1404 3251 valstricken,
1442 3203 1556 3250 &ne
1592 3196 1782 3246 lagen
1820 3194 1971 3241 uwer
2009 3192 2273 3239 vianden
2310 3190 2500 3237 (daer
2535 3187 2651 3235 van
2688 3186 2803 3231 tot
2839 3177 2992 3229 noch

929 3320 1080 3373 niet
1117 3316 1377 3365 ontlast
1414 3313 1600 3360 zijt)
1635 3308 1712 3357 't
1748 3298 2045 3351 onswaert
2082 3297 2157 3342 te
2193 3295 2491 3342 trecken,
2528 3295 2677 3342 ende
2713 3289 2900 3339 onder

937 3423 1266 3473 s'Comp=s
1306 3417 1839 3468 verseeckerden
1880 3413 2085 3462 staet
2124 3410 2209 3456 t'
2248 3408 2700 3456 herstellen,
2739 3403 2823 3451 en
2862 3398 2987 3446 ten

944 3527 1232 3577 laetsten
1265 3526 1411 3574 onse
1445 3523 1590 3570 veel
1625 3520 1876 3567 voudige
1911 3520 2127 3567 gedane
2163 3518 2449 3566 clachten
2484 3516 2628 3562 ende
2663 3503 3059 3561 protestatie

934 3637 1152 3684 tegens
1188 3636 1262 3682 u,
1296 3634 1443 3682 ende
1479 3632 1734 3678 d'uwven
1768 3631 2025 3677 alhier,
2061 3630 2207 3676 over
2243 3627 2752 3675 d'inachinatien
2788 3622 2934 3671 ende

915 3745 1419 3805 mishandelingen
1452 3746 1560 3792 soo
1594 3745 1667 3792 in
1702 3742 1774 3789 't
1809 3741 1987 3787 rijck
2022 3739 2130 3786 van
2164 3735 2449 3785 sinsier,
2483 3727 2840 3778 tansiouwer
2875 3723 2985 3772 als

937 3850 1175 3899 elders,
1208 3852 1547 3899 mitsgaders
1580 3854 1682 3899 van
1716 3853 1818 3899 dat
1851 3854 1953 3899 ul:
1986 3852 2258 3898 dagelijk
2291 3853 2359 3898 d'
2391 3851 2460 3897 E:
2494 3844 2697 3895 Comp=e
2730 3834 2934 3888 bijden

935 3962 1181 4011 Conincq
1215 3962 1531 4010 Neijcken,
1565 3963 1706 4010 ende
1740 3963 1951 4011 andere
1985 3962 2196 4009 groten
2229 3957 2440 4005 odieus
2475 3953 2615 4002 ende
2650 3944 2931 3998 verdacht

927 4073 1242 4127 maeckte,
1280 4072 1398 4118 bij
1436 4071 1553 4117 den
1592 4072 2060 4120 verstandigen
2098 4070 2567 4120 g'examineert
2604 4066 2879 4115 zijnde,
2917 4064 3050 4110 ul:

939 4180 1219 4227 excusen
1259 4180 1379 4226 van
1419 4181 1540 4229 dat
1579 4185 1620 4230 u
1659 4184 1861 4230 volck
1900 4186 2020 4231 int
2060 4186 2220 4231 hoff
2259 4184 2421 4231 dese
2460 4182 2903 4231 verwarringe

929 4296 1195 4344 gesocht,
1228 4299 1361 4344 ende
1394 4299 1461 4345 ul
1494 4298 1760 4345 misleijt
1793 4298 1993 4344 souden
2026 4298 2259 4344 hebben,
2291 4299 2425 4345 niet
2457 4299 3059 4351 voorwaerschijnlijk

936 4405 1015 4455 op
1052 4406 1362 4455 genomen,
1401 4405 1556 4451 maer
1594 4405 1711 4452 ten
1749 4407 2098 4456 hoochsten
2136 4411 2485 4458 verdoemt,
2523 4411 2639 4459 &de
2677 4411 2873 4458 alles
2909 4413 3027 4459 ul:

2591 4515 3011 4574 Hooghmoet

0 469 269 521 1646

0 558 284 607 rande

0 636 100 683 ssen
123 639 322 691 missgade

0 711 250 767 Pieter

0 805 32 850 t
64 804 228 851 Jacht
