3519 5230
3113 477 3328 570 Anten

913 578 1059 628 ende
1095 581 1277 628 ommen
1313 583 1423 628 Ed:
1459 583 1641 629 ordre
1677 582 1822 628 naer
1859 582 2149 629 vermogen
2185 584 2404 631 prompt
2440 585 2513 631 te
2549 586 2841 636 voldoen,
2876 590 3059 636 hebbe
3092 590 3317 646 geinl:

993 696 1030 744 =
1062 694 1162 741 Dit
1195 695 1262 740 d'
1295 694 1396 740 pro
1427 694 1595 741 forma
1627 694 1995 740 ingestelde,
2026 695 2160 742 ende
2193 695 2294 741 ten
2326 697 2460 744 dele
2493 700 2859 750 geteeckende
2892 705 3264 758 Jnformatien

1007 805 1457 858 affgevordert,
1491 804 1595 851 die
1629 805 1664 850 u
1699 805 1802 850 Ed:
1835 804 1906 850 by
1937 802 2114 849 desen
2148 805 2321 851 staen
2356 806 2460 852 toe
2494 807 2563 853 te
2598 808 2806 856 Comen,
2839 812 2944 858 met
2978 813 3332 866 vertrouwen

1005 933 1148 982 uEd:
1183 928 1325 976 naer
1360 926 1468 972 hun
1502 923 1717 970 gewone
1751 919 2073 967 discretie
2108 917 2286 964 alles
2321 918 2429 965 ten
2464 920 2678 970 goeden
2713 925 2928 971 sullen
2962 927 3248 976 gelieven
3282 931 3355 978 te

1000 1041 1328 1091 duijden.
1366 1039 1531 1087 Ende
1572 1039 1695 1085 tot
1734 1039 2062 1086 volcomen
2103 1039 2553 1088 ontlastinge
2594 1043 2717 1088 van
2756 1044 2966 1093 Gem=t
3001 1053 3083 1099 8.
3124 1052 3165 1098 r
3205 1050 3332 1101 On,

999 1165 1107 1213 als
1140 1162 1248 1208 den
1282 1154 1708 1206 eerwaerdigen
1743 1151 2026 1201 Abraham)
2061 1151 2310 1206 hierens
2344 1163 2452 1209 aen
2485 1165 2557 1211 te
2592 1167 2805 1214 nemen,
2839 1170 2911 1215 d'
2945 1171 3370 1227 overgemaecte

1024 1290 1102 1336 95
1139 1285 1256 1338 1/8
1292 1276 1408 1325 r=a
1444 1270 1600 1321 ofte
1637 1268 1676 1314 ƒ
1713 1265 1868 1311 242„
1906 1264 2021 1312 11„
2057 1266 2137 1312 6.
2174 1268 2290 1314 ten
2327 1269 2635 1322 behouven
2672 1278 2789 1324 der
2826 1281 3056 1328 weesen
3094 1283 3214 1333 van

1108 1401 1244 1449 guys
1277 1399 1346 1445 de
1377 1391 1651 1445 possonge
1683 1386 1888 1435 sullen
1921 1383 2125 1431 alhier
2159 1383 2431 1430 voldaen,
2464 1386 2600 1433 ende
2633 1387 2770 1433 daer
2803 1387 2973 1434 voren
3007 1389 3042 1435 t
3074 1392 3312 1445 Comps=r

1088 1519 1307 1569 Gener.
1343 1519 1379 1564 l
1412 1515 1523 1564 van
1559 1513 1739 1560 India
1774 1507 2171 1557 gedebiteert
2207 1506 2423 1554 werden
2458 1509 2495 1556 —

912 1779 1094 1831 Omme
1138 1780 1183 1826 u
1227 1782 1361 1829 Ed:
1402 1784 1493 1830 d'
1538 1785 1628 1833 ge
1670 1788 1983 1835 eyschte
2027 1790 2649 1840 aucthentijcque
2694 1795 2962 1848 Copyen
3004 1804 3139 1851 van
3182 1807 3362 1858 Twee

1008 1908 1326 1956 diversche
1362 1911 1681 1961 verleende
1715 1917 2070 1964 paspoorten
2104 1920 2211 1967 aen
2246 1922 2389 1971 hans
2422 1927 2777 1978 Jeuriaens.
2812 1932 3175 1996 kerckbach,

1004 2018 1264 2066 Jongst
1307 2019 1609 2066 getrout
1652 2021 1954 2067 geweest
1996 2022 2126 2068 met
2169 2023 2515 2073 Juffrouw
2557 2030 2860 2082 Anneken
2902 2038 3377 2095 hardewijns,

994 2139 1105 2189 P=r
1141 2139 1285 2186 dees
1320 2141 1573 2189 occagie
1607 2143 1716 2190 toe
1751 2143 1824 2189 te
1859 2143 2184 2191 schicken,
2217 2145 2399 2191 hebbe
2434 2147 2543 2194 aen
2578 2150 2651 2199 d'
2686 2127 3187 2201 OppercoopEs=rs

972 2257 1194 2312 Pieter
1230 2257 1413 2303 sijme
1448 2258 1595 2306 ende
1630 2262 1812 2308 Jacob
1847 2260 2068 2307 Junius
2101 2260 2286 2307 ordre
2321 2262 2613 2311 gegeven,
2648 2265 2977 2313 oversulcx
3012 2268 3158 2314 niet

1002 2387 1079 2435 en
1115 2379 1456 2429 twijffele
1493 2375 1833 2424 d'selven,
1870 2371 1984 2420 soo
2020 2368 2097 2414 d'
2135 2367 2513 2416 originelen
2549 2372 2738 2418 onder
2775 2369 3040 2417 genoem:
3075 2364 3304 2414 Juff=r

999 2495 1391 2558 Hardewijns
1429 2488 1820 2537 berustende
1858 2484 2054 2532 zijn,
2092 2480 2249 2529 uEE:
2286 2477 2599 2530 gewerden
2638 2485 2872 2532 sullen

1046 2816 1139 2876 Is
1179 2806 1267 2853 my
1310 2806 1790 2855 sonderlinge
1830 2806 2007 2855 lief
2050 2806 2225 2853 ende
2267 2808 2529 2857 antsch
2570 2811 2964 2858 aengename
3006 2810 3374 2858 tijdinge

1021 2947 1273 3009 geweest
1304 2943 1380 2991 te
1416 2941 1737 2988 verstaen,
1772 2940 1844 2986 d'
1879 2938 2023 2984 voor
2057 2938 2346 2985 Iaersche
2378 2941 2557 2988 vlote
2591 2941 2700 2988 uyt
2735 2943 2807 2989 't
2842 2943 3093 2989 patria.
3128 2938 3306 2989 onder

2007 3052 2083 3097 B

2098 3073 2217 3123 Hr.
2255 3069 2454 3117 Carel
2490 3064 2770 3113 Riners.
2809 3062 3126 3111 (exepten
3164 3066 3207 3112 t
3243 3071 3429 3119 Jack

1039 3079 1088 3126 t
1132 3081 1516 3129 Commando
1563 3079 1850 3126 vanden
1895 3077 2003 3126 E.

1019 3199 1058 3245 t
1094 3197 1206 3243 Zas
1242 3194 1355 3242 van
1391 3194 1615 3244 Ghent)
1652 3195 1839 3243 cost,
1875 3193 1987 3239 wel
2024 3191 2359 3238 aengelant
2396 3190 2583 3237 was,)
2620 3192 2731 3238 den
2769 3191 3103 3238 oppersten
3141 3190 3365 3238 piloot

1019 3312 1129 3361 Wie
1162 3302 1458 3354 genoemde
1494 3302 1677 3350 Jacht
1714 3303 1788 3349 in
1823 3303 2043 3350 corten
2079 3303 2226 3350 mede
2262 3302 2555 3349 behouden
2591 3302 2921 3348 derwaerts
2957 3304 3323 3355 geleijden,

1029 3429 1272 3480 vorders
1305 3425 1478 3473 sinen
1512 3424 1686 3470 zegen
1719 3423 1858 3470 ende
1891 3416 2168 3467 geleijde
2199 3412 2341 3461 over
2374 3414 2444 3459 d'
2478 3414 2927 3464 gedestineerde
2960 3417 3347 3466 retourvlote

1031 3542 1203 3592 naer
1245 3540 1337 3590 t'
1372 3542 1632 3598 Patria
1674 3538 1761 3586 te
1803 3535 2149 3582 verlenen

936 3831 1181 3895 Hoere
1225 3826 1722 3879 Donorabile
1770 3824 2212 3871 qualiteyt
2262 3824 2410 3870 van
2457 3824 3145 3876 Extraordinaris
3194 3831 3391 3879 hael

1021 3954 1140 4002 van
1179 3949 1374 3998 India
1413 3945 1648 3993 nevens
1687 3943 1806 3990 een
1844 3944 2235 3991 tractement
2275 3946 2392 3992 van
2431 3947 2470 3992 ƒ
2509 3947 2745 3996 250„—„
2783 3952 2823 3998 -
2862 3954 2979 4002 per
3018 3953 3256 4001 maendt

1029 4072 1106 4119 op
1141 4064 1293 4114 mijn
1330 4057 1744 4107 aenbiedinge
1781 4057 1894 4102 van
1932 4057 2082 4103 nieu
2120 4056 2420 4102 verbant,
2458 4057 2647 4104 onder
2684 4060 2947 4105 meerder
2984 4061 3361 4114 qualiteijt

1014 4183 1122 4236 aen
1156 4178 1263 4226 mij
1297 4175 1718 4223 g'offereert,
1753 4176 1929 4222 blyve
1963 4173 2069 4220 aen
2104 4172 2244 4218 uEd:
2279 4171 2385 4218 met
2420 4170 2560 4216 alle
2595 4168 3016 4217 behoorl.ijk.
3047 4163 3402 4213 danckbaers

1018 4284 1517 4347 verschuldicht,
1551 4280 1980 4331 dienvolgende
2016 4278 2124 4325 dan
2158 4278 2337 4325 oock,
2372 4279 2516 4325 omme
2550 4280 2658 4326 myn
2694 4277 2979 4325 gedurige
3014 4271 3408 4321 genegenth:t

1036 4403 1151 4454 tot
1186 4399 1263 4446 d'
1300 4399 1376 4445 E:
1413 4399 1601 4445 Comp.
1638 4398 1676 4444 s
1713 4392 2051 4442 waerdigen
2087 4388 2315 4436 dienst
2350 4386 2464 4434 die
2501 4382 2839 4431 doorgaens
2876 4375 3102 4426 gehadt
3139 4374 3372 4426 hebbe,

2631 4656 3151 4713 wetende/
