3642 4828
963 533 1168 587 meert
1206 527 1369 576 1646

1336 705 1489 755 werden
1515 705 1615 750 noch
1640 705 1690 750 te
1715 704 1816 750 mede
1841 704 1941 749 niet
1966 700 2167 748 gehouden
2192 700 2242 745 te
2267 699 2368 745 sijn
2393 700 2594 748 saerlicx
2619 703 2895 751 eenigebijde
2920 707 2996 753 van
3020 709 3097 757 den
3120 713 3297 760 Coninck

1296 818 1378 870 aen
1403 817 1455 862 te
1479 814 1611 861 nemen
1636 813 1791 860 anders
1817 812 1895 858 als
1920 810 2076 857 naer't
2101 807 2308 854 believen
2334 807 2412 853 van
2438 806 2489 852 d'
2515 806 2619 852 onse
2644 808 2697 854 en
2722 809 2955 859 sodanigen
2981 814 3111 861 prijs
3135 817 3214 863 als
3238 812 3421 862 d'selve

1324 921 1500 969 d'onse
1529 921 1734 967 mochten
1763 921 1997 967 aenstaen
2026 921 2085 966 en
2114 922 2202 967 Van
2230 921 2408 968 andere
2435 923 2728 970 Coopluyden
2756 922 2932 969 Cunnen
2961 924 3195 970 becomen,
3223 923 3371 972 sulcx

1325 1034 1411 1083 dat
1436 1030 1523 1077 wij
1548 1029 1606 1076 nu
1634 1029 1830 1075 voorden
1858 1027 1943 1074 tyt
1969 1026 2054 1071 van
2082 1025 2194 1071 twee
2222 1025 2503 1075 eerstcomen
2530 1028 2699 1076 Jaeren
2727 1027 2783 1072 of
2810 1026 2868 1072 te
2894 1026 3148 1076 saysoenen
3175 1030 3343 1077 (synde
3371 1026 3456 1075 tot

1329 1141 1475 1188 meert
1502 1140 1620 1187 1647
1649 1137 1766 1185 ende
1795 1135 1911 1182 sijn
1940 1132 2144 1180 gesandt
2174 1132 2262 1180 die
2290 1135 2581 1182 voornemens
2610 1137 2669 1183 Io
2697 1137 2814 1183 naer
2843 1137 3048 1182 Batavia
3076 1137 3135 1183 te
3164 1137 3339 1183 senden
3367 1139 3455 1185 Van

1324 1255 1436 1302 daer
1464 1250 1799 1300 retourneert)
1826 1250 1911 1296 met
1939 1249 2023 1295 den
2050 1247 2274 1293 Partiaen
2302 1247 2358 1292 in
2386 1246 2666 1292 Vredesijn,
2693 1243 2806 1291 ende
2834 1241 3002 1288 d'onse
3029 1240 3113 1286 den
3141 1239 3309 1285 handel

1327 1355 1626 1402 onbecommert
1652 1354 1843 1400 (sullen
1870 1353 2006 1399 mogen
2033 1353 2386 1401 achtervolgen,
2413 1356 2738 1403 dienvolgende
2766 1355 2928 1402 alled'
2955 1354 3118 1401 vremde
3145 1353 3445 1399 Coopluijden

1331 1467 1414 1514 tot
1440 1463 1662 1513 gemelten
1689 1463 1772 1509 tyt
1798 1462 1882 1509 die
1909 1462 2047 1508 haven
2075 1461 2268 1507 (sonder
2295 1462 2378 1508 van
2404 1463 2461 1509 d'
2488 1464 2598 1509 onse
2625 1463 2902 1512 verhindert
2928 1468 2985 1514 te
3011 1468 3149 1516 mogen
3175 1464 3369 1512 werden,

1300 1580 1476 1632 sullen
1504 1577 1649 1624 mogen
1678 1575 1939 1622 bevaeren,
1967 1577 2083 1622 ende
2112 1577 2257 1622 haere
2286 1574 2489 1622 negotie
2517 1568 2634 1617 doen

1259 1727 1314 1775 d.
1339 1728 1368 1774 o
1393 1725 1690 1772 verschijndt
1716 1727 1797 1773 den
1824 1727 2093 1774 almogenden
2119 1726 2200 1772 sij
2226 1723 2442 1771 gedanckt
2468 1721 2630 1768 alhier
2656 1719 2737 1765 ter
2763 1717 2899 1764 rhede
2925 1718 2979 1763 't
3005 1714 3140 1763 dacht
3166 1708 3408 1759 ghijpsk=e

1330 1838 1454 1885 uijt
1482 1835 1638 1883 Peguw
1669 1834 1855 1880 sijnde
1884 1833 2132 1880 belaeden
2163 1830 2256 1878 met
2286 1829 2379 1874 een
2409 1826 2687 1875 Cargasoen
2717 1822 2964 1870 monteren
2994 1821 3088 1867 ter
3118 1817 3273 1865 somme
3304 1816 3402 1865 van

1356 1948 1719 2003 4333763
1753 1941 1972 1993 bestan
2007 1940 2117 1986 uyt
2152 1940 2730 1990 Coopmanschappen,
2765 1932 3054 1985 responde
3089 1931 3163 1977 en
3197 1924 3416 1977 Vraght

1326 2055 1547 2107 Comende
1578 2054 1800 2101 daermet
1831 2055 2052 2101 Volgens
2083 2055 2241 2100 ordre
2272 2054 2367 2100 den
2398 2054 2620 2102 Coopman
2648 2054 2934 2102 Vsebrandt
2965 2052 3060 2098 van
3091 2047 3444 2097 swaerswijck

1305 2163 1425 2212 ende
1454 2162 1814 2209 ondercoopman
1843 2164 2083 2210 Hendrick
2112 2165 2411 2212 bontecraij
2440 2167 2559 2213 uijt
2589 2166 2769 2212 welcke
2797 2161 3097 2210 mondelinge
3126 2157 3395 2206 rapporten

1320 2271 1421 2322 als
1452 2270 1551 2316 bij
1582 2271 1810 2317 missive
1842 2269 2037 2317 vanden
2069 2268 2459 2318 ondercoopman
2491 2268 2719 2315 Robbert
2750 2268 2946 2315 Bruijn
2978 2267 3108 2313 (die
3140 2266 3336 2320 aldaer

1320 2379 1380 2428 't
1409 2378 1737 2427 opvergesagh
1767 2377 1856 2423 end
1885 2376 1975 2422 van
2004 2375 2242 2423 gemelten
2271 2374 2480 2420 Coopman
2510 2374 2837 2422 swaenswijck
2866 2378 3104 2424 voornomt
3134 2378 3402 2426 transpore

1308 2498 1404 2549 van
1431 2494 1496 2542 8'
1526 2490 1835 2539 Compagnies
1865 2491 2019 2537 heele
2050 2489 2298 2537 effecten
2327 2490 2452 2536 ende
2480 2490 2759 2539 uijtstaen
2789 2493 3068 2540 penningen
3097 2492 3160 2539 In
3190 2491 3283 2537 ava

1311 2606 1688 2667 bedraegende
1721 2605 1824 2651 ter
1858 2605 2029 2651 somme
2061 2606 2164 2652 Van
2197 2604 2606 2653 46396181,
2640 2603 2810 2650 onder
2844 2602 3048 2648 welcke
3082 2600 3394 2649 restanten

1309 2728 1367 2777 d'
1392 2723 1531 2771 somme
1557 2719 1640 2767 van
1667 2715 1777 2764 1106
1859 2714 1914 2759 87
1941 2713 2133 2759 bitgans
2159 2712 2462 2760 genoughsaem
2488 2713 2762 2761 desperaedt
2789 2713 2900 2760 sijn
2925 2712 3227 2760 overgenomen
3254 2708 3422 2756 heeft)

1311 2837 1550 2891 vernemen,
1576 2834 1656 2882 den
1681 2833 1865 2879 soberen
1891 2833 2127 2879 toestandt
2153 2833 2206 2879 In
2231 2833 2310 2880 die
2336 2833 2625 2880 quartieren,
2651 2836 2730 2882 van
2755 2833 2991 2881 gelijcken
3017 2833 3097 2880 hoe
3121 2832 3437 2880 d'engelschen

1317 2948 1459 3002 8.:en
1484 2945 1624 2993 Iunio
1652 2944 1845 2990 passado
1871 2942 1955 2989 met
1982 2941 2121 2987 haere
2148 2942 2369 2988 goederen
2397 2941 2452 2987 in
2480 2941 2563 2987 ava
2590 2942 2921 2990 aengelanght,
2949 2943 3032 2989 hun
3059 2944 3197 2989 jaren
3225 2941 3395 2989 tegens

1320 3064 1382 3114 15
1408 3060 1469 3107 en
1493 3055 1556 3104 16
1585 3055 1907 3102 Calemcorijs
1935 3056 2230 3103 spatcherij
2256 3059 2315 3105 72
2344 3059 2549 3105 swaerte
2578 3056 2899 3106 taffachelas
2928 3055 2987 3101 10
3074 3054 3162 3099 10
3190 3048 3309 3099 ende

1292 3162 1527 3219 Papelijs
1555 3161 1731 3207 borre,
1759 3161 1790 3207 a
1816 3161 1876 3208 12
1905 3161 1964 3207 en
1992 3163 2051 3208 13
2080 3163 2371 3208 butsgansch
2399 3162 2458 3208 't
2488 3160 2634 3207 stuck
2662 3160 2750 3206 met
2779 3159 3099 3206 redelijcken
3128 3156 3334 3205 aftreck

1319 3272 1403 3318 soo
1430 3271 1487 3317 op
1515 3270 1683 3316 credit
1711 3270 1796 3316 als
1823 3269 2132 3316 voorgelendt
2159 3267 2300 3313 geldt
2328 3267 2413 3313 ten
2439 3265 2721 3313 meerendeel
2749 3266 2973 3312 vertiert
3001 3264 3198 3312 hebben,
3224 3258 3337 3308 ende

1310 3392 1367 3438 In
1393 3381 1791 3436 octoberdaeraen
1818 3378 1989 3426 siende
2017 3378 2074 3423 d'
2102 3378 2272 3424 marcqt
2300 3377 2527 3423 vermiets
2555 3377 2612 3423 d'
2640 3377 2896 3423 geruchten
2922 3377 3008 3425 van
3036 3376 3093 3421 s'
3120 3366 3405 3421 Compagnies

1308 3505 1377 3558 te
1406 3493 1722 3548 verwachten
1751 3487 1941 3537 schip,
1972 3483 2193 3531 dalende
2223 3483 2349 3529 Was,
2381 3484 2506 3529 alle
2536 3483 2695 3529 hunne
2725 3482 3009 3529 restanten
3040 3478 3325 3528 bestaende

1306 3615 1369 3662 en
1398 3611 1463 3659 46
1492 3604 1650 3654 halve
1680 3599 1869 3648 packen
1900 3593 2214 3643 roodtgaern
2244 3594 2339 3641 74
2367 3594 2652 3641 patcherij
2680 3594 2995 3642 Caluncaris
3026 3588 3246 3639 neffens
3277 3586 3371 3632 300

1299 3727 1398 3785 str
1427 3713 1675 3770 papelijs
1706 3710 1860 3758 Borre
1890 3708 1984 3754 aen
2015 3706 2201 3753 eenige
2231 3706 2572 3752 Inlandtsche
2602 3704 2789 3751 mooren
2816 3701 2881 3750 op
2911 3700 2943 3746 2
2973 3696 3190 3745 maenden
3220 3690 3345 3741 tijt

1310 3836 1399 3886 ten
1428 3831 1686 3881 volgenden
1713 3828 1858 3875 prijs
1887 3824 2091 3873 pevendt

1309 3954 1347 4001 1
1379 3946 1556 3997 gaern
1591 3945 1627 3991 a
1661 3947 1732 3992 14
1765 3942 2047 3991 Bitsgans
2080 3939 2152 3987 d'
2187 3937 2333 3985 Bito

1317 4049 1659 4103 Colemcaris
1692 4046 1762 4093 60
1794 4044 1864 4090 en
1894 4039 2171 4089 papelijs
2205 4039 2240 4084 1
2273 4031 2650 4083 bidtsgansch
2683 4032 2719 4077 t
2750 4029 2925 4075 stuck

1299 4155 1439 4213 dien
1471 4146 1710 4198 Coninck
1743 4143 1913 4190 hadde
1947 4141 2117 4188 ongen
2149 4138 2252 4184 eer
2283 4135 2421 4182 2900
2455 4134 2794 4181 betegansch
2827 4133 2929 4179 aen
2962 4131 3166 4179 Cleden
3200 4129 3302 4176 van
