<?xml version="1.0" encoding="UTF-8"?>
<PcGts xmlns="http://schema.primaresearch.org/PAGE/gts/pagecontent/2013-07-15">
  <Metadata externalRef="f4e624b1-b829-40aa-b6b5-48eab61d7a5f">
    <Creator>Laypa</Creator>
    <Created>2023-09-08T02:21:07</Created>
    <LastChange>2023-09-08T03:38:09</LastChange>
    <Comment>license: CC0</Comment>
    <MetadataItem type="processingStep" name="layout-analysis" value="laypa">
      <Labels>
        <Label value="228a7d24385cff0e51687c00d0e65a2c2a9703d5" type="githash"/>
        <Label value="61334eb4-edff-4af5-b036-b5927f35bbcf" type="uuid"/>
        <Label value="https://hdl.handle.net/10622/VMSCBR" type="laypamodelremote"/>
      </Labels>
    </MetadataItem>
    <MetadataItem type="processingStep" name="region-analysis" value="laypa">
      <Labels>
        <Label value="0a3442b4-835c-44bc-9115-3fd08263a5dc" type="uuid"/>
        <Label value="https://hdl.handle.net/10622/DMAS2T" type="laypamodelremote"/>
      </Labels>
    </MetadataItem>
    <MetadataItem type="processingStep" name="htr" value="loghi-htr">
      <Labels>
        <Label value="9efb3e0ff4338dc6e07d110ac4d435f27f5b0e16&#10;" type="githash"/>
        <Label value="3a9bdaa3-493c-483e-bbb2-f51961b8e5a0" type="uuid"/>
        <Label value="64" type="batch_size"/>
        <Label value="https://hdl.handle.net/10622/X2JZYY" type="loghihtrmodelremote"/>
      </Labels>
    </MetadataItem>
    <MetadataItem type="processingStep" name="word-splitting" value="loghi-htr-tooling"/>
    <MetadataItem type="other" name="dataset" value="https://hdl.handle.net/10622/LVXSBW">
      <Labels>
        <Label value="VOC transcriptions v2 - GLOBALISE" type="name"/>
        <Label value="Dataset in pagexml and txt format, including data card." type="description"/>
        <Label value="https://globalise.huygens.knaw.nl/" type="creator"/>
        <Label value="https://hdl.handle.net/10622/LVXSBW" type="url"/>
      </Labels>
    </MetadataItem>
  </Metadata>
  <Page imageFilename="NL-HaNA_1.04.02_1161_0015.jpg" imageWidth="3458" imageHeight="4917">
    <ReadingOrder>
      <OrderedGroup id="orderedgroup_e79cc376-a9dc-448d-8d7e-ac45aa5d02e0">
        <RegionRefIndexed index="0" regionRef="region_00053b74-486f-4ec1-a6b4-8251c4e57ded_5"/>
        <RegionRefIndexed index="1" regionRef="region_09dc7822-c7b7-4228-ac18-be96edd64f4f_6"/>
        <RegionRefIndexed index="2" regionRef="region_59c0f1fd-5533-4d12-87ea-b48a0821a007_7"/>
        <RegionRefIndexed index="3" regionRef="region_0392e587-5384-44c0-967c-972a7cdcc911_11"/>
        <RegionRefIndexed index="4" regionRef="region_2bc1a4b1-5278-4361-a63e-d7109010afac_10"/>
        <RegionRefIndexed index="5" regionRef="region_37dabd4a-6349-46ae-8c12-1f8ae7ab3431_9"/>
        <RegionRefIndexed index="6" regionRef="region_f89e3309-949c-490e-af9c-c3fb9ebfa7c6_8"/>
        <RegionRefIndexed index="7" regionRef="region_47a5fcfe-4eb8-4154-a028-a2f5f896dad9_3"/>
        <RegionRefIndexed index="8" regionRef="region_ff5241aa-e884-44fb-804c-5edc8ff9c7d6_2"/>
        <RegionRefIndexed index="9" regionRef="region_1f5786ae-6154-4119-b8e3-69168d34d856_1"/>
        <RegionRefIndexed index="10" regionRef="region_53a12618-8148-4b63-b806-c9aeabfe7cf3_4"/>
        <RegionRefIndexed index="11" regionRef="region_79d8564e-77c9-4a67-8a99-1a85d8ddf0cb"/>
      </OrderedGroup>
    </ReadingOrder>
    <TextRegion id="region_00053b74-486f-4ec1-a6b4-8251c4e57ded_5" custom="structure {type:page-number;}">
      <Coords points="2769,290 2769,301 2772,304 2779,304 2783,307 2789,307 2793,311 2803,311 2806,314 2810,314 2813,317 2843,317 2847,314 2874,314 2874,311 2881,304 2881,287 2877,284 2874,284 2867,277 2864,277 2860,274 2854,274 2850,270 2840,270 2837,267 2823,267 2820,270 2810,270 2806,274 2793,274 2789,277 2786,277 2776,287 2772,287"/>
      <TextLine id="b8196efc-05ab-4c2f-9429-f491e6cecf9a">
        <Coords points="2717,241 2811,241 2827,250 2880,250 2904,238 2944,250 2944,324 2883,324 2860,343 2831,335 2812,320 2717,324"/>
        <Baseline points="2754,310 2804,310 2854,311 2904,310 2908,306"/>
        <Word id="word_9686b859-182c-4580-b0fa-f681066043de">
          <Coords points="2754,275 2804,275 2855,276 2883,281 2903,275 2915,313 2904,320 2854,321 2804,320 2754,320"/>
          <TextEquiv>
            <Unicode>629</Unicode>
          </TextEquiv>
        </Word>
        <TextEquiv conf="0.9790956526182903">
          <Unicode>629</Unicode>
        </TextEquiv>
        <TextStyle xHeight="28"/>
      </TextLine>
    </TextRegion>
    <TextRegion id="region_09dc7822-c7b7-4228-ac18-be96edd64f4f_6" custom="structure {type:header;}">
      <Coords points="993,409 962,378 905,378 902,382 895,382 892,385 885,385 881,388 864,388 861,385 851,385 848,388 831,388 827,392 790,392 787,388 723,388 719,385 642,385 638,388 561,388 557,392 554,388 540,388 537,392 473,392 469,395 395,395 392,398 358,398 355,395 317,395 314,398 290,398 287,402 280,402 277,405 270,405 267,409 263,409 260,412 257,412 247,422 243,422 233,432 233,436 230,439 230,442 233,446 233,453 247,466 250,466 253,469 257,469 260,473 263,473 267,476 270,476 274,480 280,480 284,483 294,483 297,486 344,486 348,490 382,490 385,493 392,493 395,490 422,490 425,493 439,493 442,490 483,490 486,486 523,486 527,483 557,483 561,480 594,480 598,476 625,476 628,473 675,473 679,469 706,469 709,466 743,466 746,463 777,463 780,459 800,459 804,456 892,456 895,453 925,453 929,449 949,449 952,446 959,446 962,442 966,442 969,439 973,439 976,436 983,436 993,426"/>
      <TextLine id="c834659c-a209-4069-b113-247e60d4af69">
        <Coords points="73,325 363,324 403,345 903,347 963,351 979,367 1044,367 1044,442 939,442 931,450 703,446 367,466 99,466 73,478"/>
        <Baseline points="110,440 160,444 210,455 260,457 310,457 360,456 410,452 460,449 510,447 560,445 610,443 660,442 710,439 760,435 810,433 860,430 910,428 960,425 1008,424"/>
        <Word id="word_38a8c165-ecc2-43ba-abd7-ac6dd1ac5c85">
          <Coords points="113,405 163,409 218,421 261,422 296,422 296,467 260,467 208,465 159,454 109,450"/>
          <TextEquiv>
            <Unicode>ult:o</Unicode>
          </TextEquiv>
        </Word>
        <Word id="word_f80db387-b1b9-4ac3-a166-9fd1c2f03f63">
          <Coords points="332,422 359,421 407,417 458,414 509,412 559,410 609,408 633,408 634,453 610,453 560,455 510,457 461,459 411,462 360,466 334,467"/>
          <TextEquiv>
            <Unicode>december</Unicode>
          </TextEquiv>
        </Word>
        <Word id="word_22d6693d-ffe2-4e44-ac6a-1a6e93271382">
          <Coords points="668,407 708,404 743,401 747,446 711,449 672,452"/>
          <TextEquiv>
            <Unicode>ao</Unicode>
          </TextEquiv>
        </Word>
        <Word id="word_3c03c575-826d-4661-a59d-c8ebfde456c9">
          <Coords points="783,398 810,398 858,395 909,393 958,390 1007,389 1008,434 961,435 910,438 861,440 810,443 783,443"/>
          <TextEquiv>
            <Unicode>1646/.</Unicode>
          </TextEquiv>
        </Word>
        <TextEquiv conf="0.8591817079551339">
          <Unicode>ult:o december ao 1646/.</Unicode>
        </TextEquiv>
        <TextStyle xHeight="36"/>
      </TextLine>
    </TextRegion>
    <TextRegion id="region_59c0f1fd-5533-4d12-87ea-b48a0821a007_7" custom="structure {type:header;}">
      <Coords points="2918,344 2914,341 2914,338 2911,334 2911,331 2908,328 2904,328 2901,324 2897,324 2894,321 2887,321 2884,317 2847,317 2843,321 2820,321 2816,324 2810,324 2806,328 2799,328 2796,331 2776,331 2772,334 2735,334 2732,338 2651,338 2648,341 2594,341 2590,344 2523,344 2519,348 2408,348 2404,344 2354,344 2350,348 2333,348 2330,351 2323,351 2320,355 2317,355 2303,368 2303,375 2300,378 2300,388 2303,392 2303,398 2306,402 2306,405 2313,412 2317,412 2320,415 2327,415 2330,419 2340,419 2344,422 2360,422 2364,426 2377,426 2381,429 2415,429 2418,426 2452,426 2455,429 2533,429 2536,426 2577,426 2580,422 2600,422 2604,419 2610,419 2614,415 2627,415 2631,412 2654,412 2658,409 2678,409 2681,405 2698,405 2702,402 2766,402 2769,398 2820,398 2823,402 2884,402 2887,398 2891,398 2897,392 2901,392 2904,388 2908,388 2914,382 2914,375 2918,371"/>
      <TextLine id="line_0fcada2b-0f8d-4503-96f2-ba71fec7e591">
        <Coords points="2246,307 2420,307 2460,326 2784,327 2813,319 2832,338 2853,343 2880,329 2965,329 2965,404 2876,404 2824,428 2600,428 2552,444 2480,444 2432,492 2404,504 2246,508"/>
        <Baseline points="2283,412 2333,411 2383,404 2433,403 2483,402 2533,399 2583,397 2633,394 2683,392 2733,391 2783,390 2833,389 2883,390 2929,386"/>
        <Word id="word_0e493511-7e2d-4e89-bfbc-8c315210abad">
          <Coords points="2282,377 2332,376 2359,372 2365,417 2333,421 2283,422"/>
          <TextEquiv>
            <Unicode>In</Unicode>
          </TextEquiv>
        </Word>
        <Word id="word_39ae4c11-0777-4e1f-afea-576a1f1fb311">
          <Coords points="2406,366 2435,368 2482,367 2531,364 2582,362 2631,359 2682,357 2732,356 2782,355 2832,354 2884,355 2926,351 2930,396 2883,400 2833,399 2783,400 2733,401 2683,402 2634,404 2583,407 2534,409 2483,412 2432,413 2403,411"/>
          <TextEquiv>
            <Unicode>nangasackij/.</Unicode>
          </TextEquiv>
        </Word>
        <TextEquiv conf="0.7862155210517511">
          <Unicode>In nangasackij/.</Unicode>
        </TextEquiv>
        <TextStyle xHeight="51"/>
      </TextLine>
    </TextRegion>
    <TextRegion id="region_0392e587-5384-44c0-967c-972a7cdcc911_11" custom="structure {type:marginalia;}">
      <Coords points="773,908 770,905 767,905 760,898 756,898 753,895 750,895 746,892 743,892 740,888 736,888 733,885 719,885 716,881 699,881 696,885 652,885 648,888 635,888 631,892 601,892 598,895 574,895 571,898 534,898 530,902 463,902 459,905 419,905 415,908 321,908 317,905 297,905 294,908 284,908 280,912 274,912 270,915 267,915 260,922 257,922 253,925 253,929 250,932 250,935 247,939 247,946 243,949 247,952 247,959 250,962 250,966 253,969 253,976 263,986 267,986 270,989 277,989 280,993 284,993 287,996 290,996 294,1000 382,1000 385,996 415,996 419,993 476,993 480,989 527,989 530,986 642,986 645,989 648,989 652,993 679,993 682,996 702,996 706,993 716,993 719,989 726,989 729,986 736,986 746,976 750,976 756,969 760,969 767,962 767,959 773,952 773,942 770,939 773,935"/>
      <TextLine id="bcc332e1-ca3e-46c6-9710-ab456edf12b1">
        <Coords points="209,901 263,901 275,910 451,910 467,901 791,908 791,983 730,983 686,1022 606,1022 582,1042 209,1042"/>
        <Baseline points="246,980 296,976 346,974 396,972 446,970 496,969 546,966 596,968 646,968 696,966 746,965 755,965"/>
        <Word id="word_623b87b9-a2a4-4c8a-bd41-3999c7c9069b">
          <Coords points="243,945 293,941 345,939 395,937 445,935 495,934 544,931 561,932 559,977 547,976 496,979 446,980 396,982 346,984 297,986 247,990"/>
          <TextEquiv>
            <Unicode>Ianuarij</Unicode>
          </TextEquiv>
        </Word>
        <Word id="word_19a60756-40fb-42ff-83d5-9eb1523f6895">
          <Coords points="598,933 646,933 695,931 745,930 755,930 755,975 746,975 696,976 646,978 598,978"/>
          <TextEquiv>
            <Unicode>adij</Unicode>
          </TextEquiv>
        </Word>
        <TextEquiv conf="0.9191355294335903">
          <Unicode>Ianuarij adij</Unicode>
        </TextEquiv>
        <TextStyle xHeight="46"/>
      </TextLine>
    </TextRegion>
    <TextRegion id="region_2bc1a4b1-5278-4361-a63e-d7109010afac_10" custom="structure {type:marginalia;}">
      <Coords points="655,2114 659,2117 659,2121 672,2121 675,2117 679,2117 682,2114 689,2114 692,2111 702,2111 706,2107 716,2107 719,2104 723,2104 726,2101 733,2101 740,2094 743,2094 746,2090 756,2090 760,2094 767,2094 770,2090 807,2090 804,2090 800,2087 763,2087 760,2090 740,2090 736,2087 726,2087 723,2090 719,2087 696,2087 692,2084 669,2084 659,2094 659,2097 655,2101"/>
    </TextRegion>
    <TextRegion id="region_37dabd4a-6349-46ae-8c12-1f8ae7ab3431_9" custom="structure {type:marginalia;}">
      <Coords points="871,2556 861,2556 858,2553 854,2556 837,2556 834,2560 824,2560 821,2563 814,2563 800,2577 800,2580 797,2583 797,2590 800,2594 800,2597 804,2600 807,2600 810,2604 854,2604 861,2597 861,2594 868,2587 868,2583 875,2577 875,2567 871,2563"/>
    </TextRegion>
    <TextRegion id="region_f89e3309-949c-490e-af9c-c3fb9ebfa7c6_8" custom="structure {type:marginalia;}">
      <Coords points="706,2813 702,2810 702,2803 699,2800 699,2796 682,2779 679,2779 675,2776 672,2776 669,2773 662,2773 659,2769 618,2769 615,2773 598,2773 594,2776 584,2776 581,2779 571,2779 567,2783 523,2783 520,2786 446,2786 442,2789 405,2789 402,2786 368,2786 365,2789 355,2789 351,2793 348,2793 344,2796 341,2796 341,2800 331,2810 331,2813 328,2816 328,2837 324,2840 328,2843 328,2854 331,2857 331,2860 344,2874 348,2874 351,2877 358,2877 361,2881 405,2881 409,2877 425,2877 429,2874 476,2874 480,2871 517,2871 520,2867 581,2867 584,2864 655,2864 659,2860 669,2860 672,2857 686,2857 689,2854 692,2854 699,2847 699,2843 702,2840 702,2837 706,2833"/>
      <TextLine id="db3d7388-210f-4de1-ae41-37a4b5e68aa2">
        <Coords points="286,2781 360,2781 368,2788 748,2788 748,2863 500,2863 286,2878"/>
        <Baseline points="323,2868 373,2863 423,2860 473,2858 523,2855 573,2852 623,2850 673,2848 712,2845"/>
        <Word id="word_f74ec0c9-db9c-483f-914f-eca92adeb7bb">
          <Coords points="320,2833 370,2828 399,2826 401,2871 374,2873 324,2878"/>
          <TextEquiv>
            <Unicode>in</Unicode>
          </TextEquiv>
        </Word>
        <Word id="word_be561929-5b51-4c4e-9892-990cea4559c6">
          <Coords points="439,2824 472,2823 521,2820 571,2817 622,2815 672,2813 709,2810 713,2855 673,2858 623,2860 574,2862 524,2865 473,2868 440,2869"/>
          <TextEquiv>
            <Unicode>ossacca</Unicode>
          </TextEquiv>
        </Word>
        <TextEquiv conf="0.9731416700676446">
          <Unicode>in ossacca</Unicode>
        </TextEquiv>
        <TextStyle xHeight="38"/>
      </TextLine>
    </TextRegion>
    <TextRegion id="region_47a5fcfe-4eb8-4154-a028-a2f5f896dad9_3" custom="structure {type:paragraph;}">
      <Coords points="908,375 848,375 844,371 841,371 837,375 787,375 783,378 746,378 743,382 716,382 719,382 723,385 787,385 790,388 827,388 831,385 848,385 851,382 861,382 864,385 881,385 885,382 892,382 895,378 902,378 905,375"/>
    </TextRegion>
    <TextRegion id="region_ff5241aa-e884-44fb-804c-5edc8ff9c7d6_2" custom="structure {type:paragraph;}">
      <Coords points="2965,598 2681,588 1489,621 1108,601 925,608 885,635 881,736 912,851 1000,804 1780,807 2712,773 2830,783 2867,807 2850,841 2789,858 1699,858 1172,875 1047,898 912,865 878,892 864,956 908,1307 905,1817 929,2013 868,2090 746,2094 659,2124 659,2141 888,2165 919,2256 925,2438 959,2486 1067,2465 1395,2499 1101,2540 952,2506 875,2556 858,2604 919,2661 919,4093 949,4164 2931,4096 2989,4059 2975,3337 1759,3374 1297,3316 1813,3276 1861,3259 1901,3195 1962,3174 2566,3178 2995,3141 2978,2668 2989,2036 2931,2016 2739,2046 2134,2046 2067,2019 2404,1979 2570,1884 2935,1847 2972,1810 2962,1763 2799,1749 1921,1807 1614,1807 1364,1773 1871,1726 2023,1634 2671,1624 2931,1597 2965,1533 2968,1354 2928,1310 2317,1341 1840,1334 1803,1314 1911,1277 2131,1263 2165,1243 2178,1192 2225,1175 2685,1168 2948,1141 2975,1077 2968,800 2992,655"/>
      <TextLine id="ae274925-8c06-4cfe-b2e6-36e0087781e7">
        <Coords points="849,546 2242,546 2394,550 2406,562 2657,562 2685,574 2941,574 2953,586 3005,586 3034,600 3034,674 3026,679 3009,670 2989,671 2969,690 2929,706 2769,706 2733,689 2411,690 2402,681 2367,678 2348,686 1347,681 1303,710 849,701"/>
        <Baseline points="886,670 936,672 986,669 1036,667 1086,665 1136,665 1186,665 1236,663 1286,662 1336,662 1386,663 1436,663 1486,663 1536,663 1586,662 1636,662 1686,664 1736,665 1786,665 1836,665 1886,665 1936,666 1986,664 2036,663 2086,662 2136,662 2186,662 2236,664 2286,664 2336,662 2386,660 2436,659 2486,657 2536,656 2586,656 2636,655 2686,653 2736,652 2786,652 2836,651 2886,649 2936,651 2986,651 2998,655"/>
        <Word id="word_ec3fef3a-1b3d-4341-bf0f-a0cca6200466">
          <Coords points="887,635 937,637 984,634 1035,632 1063,631 1065,676 1036,677 987,679 936,682 886,680"/>
          <TextEquiv>
            <Unicode>minder</Unicode>
          </TextEquiv>
        </Word>
        <Word id="word_d9ad6771-225c-4e1b-9032-fe15a18672d0">
          <Coords points="1094,630 1136,630 1186,630 1235,628 1285,627 1332,627 1332,672 1286,672 1236,673 1186,675 1136,675 1094,675"/>
          <TextEquiv>
            <Unicode>bonghoij</Unicode>
          </TextEquiv>
        </Word>
        <Word id="word_87ab9b1e-e9fe-480b-a398-2e2a28ca9baf">
          <Coords points="1363,627 1387,628 1436,628 1451,628 1451,673 1436,673 1386,673 1362,672"/>
          <TextEquiv>
            <Unicode>van</Unicode>
          </TextEquiv>
        </Word>
        <Word id="word_3a1415e7-b1b9-491a-912a-303c6de3d8a4">
          <Coords points="1481,628 1486,628 1536,628 1585,627 1630,627 1630,672 1586,672 1536,673 1486,673 1481,673"/>
          <TextEquiv>
            <Unicode>stads</Unicode>
          </TextEquiv>
        </Word>
        <Word id="word_7e9c4338-c256-4027-ae09-f0918a59d45d">
          <Coords points="1662,627 1689,629 1737,630 1786,630 1808,630 1808,675 1786,675 1736,675 1685,674 1659,672"/>
          <TextEquiv>
            <Unicode>wegen</Unicode>
          </TextEquiv>
        </Word>
        <Word id="word_dd90db19-92dd-429a-85a4-9d988b7a5b47">
          <Coords points="1838,630 1886,630 1898,630 1897,675 1886,675 1838,675"/>
          <TextEquiv>
            <Unicode>en</Unicode>
          </TextEquiv>
        </Word>
        <Word id="word_03a4d69a-d84a-49dc-8ecf-7e962fd49ae2">
          <Coords points="1928,631 1937,631 1985,629 2016,628 2017,673 1986,674 1936,676 1927,676"/>
          <TextEquiv>
            <Unicode>een</Unicode>
          </TextEquiv>
        </Word>
        <Word id="word_efbbc9ac-bfbb-4e83-843e-44d8891bb643">
          <Coords points="2046,628 2085,627 2136,627 2186,627 2197,627 2195,672 2186,672 2136,672 2086,672 2047,673"/>
          <TextEquiv>
            <Unicode>tolck</Unicode>
          </TextEquiv>
        </Word>
        <Word id="word_9b0a113a-35a0-4421-81af-9cf6fc8df3b8">
          <Coords points="2226,629 2237,629 2286,629 2313,628 2315,673 2286,674 2236,674 2225,674"/>
          <TextEquiv>
            <Unicode>men</Unicode>
          </TextEquiv>
        </Word>
        <Word id="word_08255b44-2f7a-41a2-b7e8-ee64feed3db5">
          <Coords points="2343,627 2385,625 2435,624 2462,623 2463,668 2436,669 2386,670 2344,672"/>
          <TextEquiv>
            <Unicode>haer</Unicode>
          </TextEquiv>
        </Word>
        <Word id="word_be5a51a7-8851-4d7e-99a5-642a15a3d907">
          <Coords points="2492,622 2535,621 2586,621 2635,620 2685,618 2735,617 2761,617 2761,662 2736,662 2686,663 2636,665 2586,666 2536,666 2493,667"/>
          <TextEquiv>
            <Unicode>dienaers,</Unicode>
          </TextEquiv>
        </Word>
        <Word id="word_a5461664-f2b5-4997-9868-eb20c6a6a934">
          <Coords points="2790,617 2835,616 2885,614 2937,616 2986,616 3009,622 2995,664 2986,661 2936,661 2886,659 2836,661 2791,662"/>
          <TextEquiv>
            <Unicode>buijten</Unicode>
          </TextEquiv>
        </Word>
        <TextEquiv conf="0.9341676838612187">
          <Unicode>minder bonghoij van stads wegen en een tolck men haer dienaers, buijten</Unicode>
        </TextEquiv>
        <TextStyle xHeight="46"/>
      </TextLine>
      <TextLine id="f3edaf6c-487d-4379-8f3e-8b2950d1eb22">
        <Coords points="846,701 1316,706 1348,681 2347,680 2354,673 2402,698 2413,690 2519,685 2878,685 2912,693 2928,705 2963,694 2991,673 3015,673 3044,693 3044,769 3031,773 3019,761 2975,761 2935,781 1120,789 1100,809 846,804"/>
        <Baseline points="883,777 933,779 983,779 1033,778 1083,776 1133,775 1183,775 1233,773 1283,772 1333,772 1383,771 1433,771 1483,770 1533,771 1583,772 1633,773 1683,773 1733,772 1783,771 1833,771 1883,771 1933,771 1983,769 2033,767 2083,766 2133,767 2183,767 2233,764 2283,762 2333,763 2383,762 2433,760 2483,759 2533,758 2583,755 2633,753 2683,751 2733,749 2783,748 2833,748 2883,748 2933,748 2983,751 3008,751"/>
        <Word id="word_dbd08ee1-d5c2-4fba-b3ea-df9338e12340">
          <Coords points="884,742 934,744 941,744 941,789 933,789 883,787"/>
          <TextEquiv>
            <Unicode>de</Unicode>
          </TextEquiv>
        </Word>
        <Word id="word_da730134-5fa2-441e-a450-4a44ca5cf384">
          <Coords points="970,744 983,744 1032,743 1082,741 1086,741 1087,786 1083,786 1033,788 983,789 970,789"/>
          <TextEquiv>
            <Unicode>Baij</Unicode>
          </TextEquiv>
        </Word>
        <Word id="word_08458e5a-033f-4402-bfc5-837d60c5570a">
          <Coords points="1115,740 1132,740 1183,740 1232,738 1282,737 1320,737 1320,782 1283,782 1233,783 1183,785 1133,785 1116,785"/>
          <TextEquiv>
            <Unicode>vermits</Unicode>
          </TextEquiv>
        </Word>
        <Word id="word_ece28b1f-5368-436e-9ee7-43bb6ddb6ba4">
          <Coords points="1348,737 1382,736 1433,736 1482,735 1534,736 1584,737 1612,738 1611,783 1583,782 1533,781 1483,780 1433,781 1383,781 1349,782"/>
          <TextEquiv>
            <Unicode>contrarie</Unicode>
          </TextEquiv>
        </Word>
        <Word id="word_9e19f67e-02c8-4a82-92e1-5c5a0f6f3838">
          <Coords points="1640,738 1683,738 1732,737 1756,737 1757,782 1733,782 1683,783 1640,783"/>
          <TextEquiv>
            <Unicode>wind</Unicode>
          </TextEquiv>
        </Word>
        <Word id="word_9487a498-d6ff-481d-9c17-451692d6d666">
          <Coords points="1786,736 1833,736 1844,736 1844,781 1833,781 1786,781"/>
          <TextEquiv>
            <Unicode>en</Unicode>
          </TextEquiv>
        </Word>
        <Word id="word_edd95256-5357-4ef7-a1ff-58346b9641f2">
          <Coords points="1873,736 1883,736 1933,736 1982,734 2032,732 2047,732 2048,777 2033,777 1983,779 1933,781 1883,781 1873,781"/>
          <TextEquiv>
            <Unicode>stijve</Unicode>
          </TextEquiv>
        </Word>
        <Word id="word_55151347-c8ed-4851-89a4-f1656348bd20">
          <Coords points="2076,731 2082,731 2134,732 2183,732 2231,729 2250,728 2252,773 2234,774 2183,777 2133,777 2083,776 2077,776"/>
          <TextEquiv>
            <Unicode>coerte</Unicode>
          </TextEquiv>
        </Word>
        <Word id="word_4c299f0a-146d-4268-81f0-d6e2c90ade32">
          <Coords points="2279,727 2282,727 2334,728 2382,727 2432,725 2482,724 2513,723 2513,768 2483,769 2433,770 2383,772 2333,773 2283,772 2281,772"/>
          <TextEquiv>
            <Unicode>derstond</Unicode>
          </TextEquiv>
        </Word>
        <Word id="word_11042885-62e7-4f3a-bda6-0b1ca5b5018f">
          <Coords points="2540,723 2581,720 2632,718 2682,716 2715,715 2717,760 2683,761 2633,763 2584,765 2543,768"/>
          <TextEquiv>
            <Unicode>moeten</Unicode>
          </TextEquiv>
        </Word>
        <Word id="word_1c19e726-eeaf-48c0-bbbd-58747a831103">
          <Coords points="2746,713 2783,713 2833,713 2883,713 2933,713 2985,716 3008,716 3008,761 2982,761 2933,758 2883,758 2833,758 2783,758 2746,758"/>
          <TextEquiv>
            <Unicode>amckeren.</Unicode>
          </TextEquiv>
        </Word>
        <TextEquiv conf="0.8902170691183421">
          <Unicode>de Baij vermits contrarie wind en stijve coerte derstond moeten amckeren.</Unicode>
        </TextEquiv>
        <TextStyle xHeight="36"/>
      </TextLine>
      <TextLine id="line_9a7b35b2-c947-4191-84ac-126af8a53da1">
        <Coords points="774,852 2626,852 2995,858 2995,932 2782,932 2758,952 2679,970 2654,954 2474,954 2451,932 2407,932 2311,940 2287,963 1975,958 1943,987 1879,986 1767,962 1748,951 1471,951 1427,983 1391,991 1208,990 1200,982 774,987"/>
        <Baseline points="811,956 861,958 911,957 961,955 1011,952 1061,949 1111,947 1161,945 1211,944 1261,944 1311,943 1361,943 1411,942 1461,941 1511,941 1561,941 1611,940 1661,940 1711,939 1761,940 1811,939 1861,939 1911,938 1961,937 2011,936 2061,934 2111,931 2161,930 2211,929 2261,930 2311,930 2361,928 2411,925 2461,924 2511,922 2561,919 2611,918 2661,916 2711,914 2761,914 2811,916 2861,915 2911,915 2959,914"/>
        <Word id="word_d4c293ea-df3c-4d72-91c9-91c6b33c7718">
          <Coords points="812,921 862,923 910,922 927,921 929,966 911,967 861,968 811,966"/>
          <TextEquiv>
            <Unicode>4:en</Unicode>
          </TextEquiv>
        </Word>
        <Word id="word_3166a14b-4a78-4765-9a3c-68aa686e5923">
          <Coords points="957,920 960,920 1009,917 1059,914 1110,912 1133,911 1135,956 1111,957 1062,959 1012,962 961,965 959,965"/>
          <TextEquiv>
            <Unicode>ditto,</Unicode>
          </TextEquiv>
        </Word>
        <Word id="word_3e00a366-1b26-4bb0-b1d3-a42ff689a9ce">
          <Coords points="1163,910 1210,909 1261,909 1281,909 1282,954 1261,954 1211,954 1164,955"/>
          <TextEquiv>
            <Unicode>voor</Unicode>
          </TextEquiv>
        </Word>
        <Word id="word_51f7045e-eff6-436e-bebd-2a98e8f3afc1">
          <Coords points="1311,908 1361,908 1399,907 1400,952 1361,953 1311,953"/>
          <TextEquiv>
            <Unicode>den</Unicode>
          </TextEquiv>
        </Word>
        <Word id="word_f3589112-3797-4c22-9147-ee11e817d83b">
          <Coords points="1428,907 1460,906 1511,906 1547,906 1547,951 1511,951 1461,951 1429,952"/>
          <TextEquiv>
            <Unicode>dage</Unicode>
          </TextEquiv>
        </Word>
        <Word id="word_92a40d74-8e55-4c02-9614-cf3d7b993460">
          <Coords points="1575,906 1610,905 1635,905 1635,950 1611,950 1576,951"/>
          <TextEquiv>
            <Unicode>de</Unicode>
          </TextEquiv>
        </Word>
        <Word id="word_928b795d-8d97-4f5a-8db8-3b3643b5dc14">
          <Coords points="1664,905 1710,904 1762,905 1781,905 1782,950 1761,950 1711,949 1665,950"/>
          <TextEquiv>
            <Unicode>wint</Unicode>
          </TextEquiv>
        </Word>
        <Word id="word_08148a4c-1a20-4e91-9e37-a7bc91b8c5ed">
          <Coords points="1811,904 1861,904 1910,903 1960,902 2010,901 2060,899 2104,896 2106,941 2061,944 2011,946 1961,947 1911,948 1861,949 1811,949"/>
          <TextEquiv>
            <Unicode>oostelijck</Unicode>
          </TextEquiv>
        </Word>
        <Word id="word_7907a075-9b86-4e0d-9e8e-298c36c34f7e">
          <Coords points="2136,895 2162,895 2210,894 2262,895 2282,895 2282,940 2261,940 2211,939 2161,940 2135,940"/>
          <TextEquiv>
            <Unicode>seijl</Unicode>
          </TextEquiv>
        </Word>
        <Word id="word_7ae3365f-c549-4ec4-b7db-ffd72bc2eb58">
          <Coords points="2310,895 2360,893 2409,890 2460,889 2510,887 2516,887 2518,932 2511,932 2461,934 2412,935 2361,938 2312,940"/>
          <TextEquiv>
            <Unicode>gemaeht</Unicode>
          </TextEquiv>
        </Word>
        <Word id="word_b45590b6-5022-42fc-9c45-fc506f815f1d">
          <Coords points="2545,885 2559,884 2610,883 2660,881 2710,879 2761,879 2812,881 2841,880 2841,925 2811,926 2761,924 2711,924 2661,926 2611,928 2562,929 2548,930"/>
          <TextEquiv>
            <Unicode>passeerden</Unicode>
          </TextEquiv>
        </Word>
        <Word id="word_8d606dd1-16c6-4665-9f3b-e6357f1e781b">
          <Coords points="2871,880 2911,880 2958,879 2959,924 2911,925 2871,925"/>
          <TextEquiv>
            <Unicode>met</Unicode>
          </TextEquiv>
        </Word>
        <TextEquiv conf="0.9132618187717639">
          <Unicode>4:en ditto, voor den dage de wint oostelijck seijl gemaeht passeerden met</Unicode>
        </TextEquiv>
        <TextStyle xHeight="39"/>
      </TextLine>
      <TextLine id="line_64afc179-3248-4acb-b089-00e272bae26c">
        <Coords points="846,988 1200,983 1208,991 1387,992 1423,984 1471,951 1751,951 1771,963 1883,987 1939,988 1983,955 2291,960 2311,940 2387,933 2453,933 2475,955 2661,955 2677,968 2706,968 2762,951 2818,951 2838,968 3016,968 3023,960 3023,1036 3014,1045 2734,1045 2706,1073 2642,1073 2610,1044 2594,1040 2375,1041 2339,1045 2275,1108 2234,1108 2219,1123 2183,1123 2163,1103 1903,1103 1752,1053 1507,1057 1483,1077 1435,1089 1120,1088 1072,1108 846,1108"/>
        <Baseline points="883,1061 933,1064 983,1062 1033,1060 1083,1059 1133,1057 1183,1055 1233,1054 1283,1054 1333,1053 1383,1052 1433,1050 1483,1048 1533,1047 1583,1046 1633,1046 1683,1045 1733,1045 1783,1044 1833,1043 1883,1042 1933,1042 1983,1042 2033,1041 2083,1040 2133,1039 2183,1040 2233,1039 2283,1037 2333,1036 2383,1034 2433,1032 2483,1031 2533,1028 2583,1028 2633,1025 2683,1023 2733,1020 2783,1021 2833,1020 2883,1019 2933,1019 2983,1015 2987,1017"/>
        <Word id="word_b7197ab3-5e74-4b4c-b463-06162c537074">
          <Coords points="885,1026 935,1029 977,1027 979,1072 932,1074 882,1071"/>
          <TextEquiv>
            <Unicode>den</Unicode>
          </TextEquiv>
        </Word>
        <Word id="word_dbfe0b44-a9c8-440c-b94d-33183615f608">
          <Coords points="1009,1026 1032,1025 1082,1024 1132,1022 1137,1022 1138,1067 1133,1067 1083,1069 1033,1070 1011,1071"/>
          <TextEquiv>
            <Unicode>dach</Unicode>
          </TextEquiv>
        </Word>
        <Word id="word_14769e0a-8b93-4b29-a4d6-3b91d5c42b51">
          <Coords points="1168,1021 1182,1020 1232,1019 1283,1019 1332,1018 1361,1017 1361,1062 1333,1063 1283,1064 1233,1064 1183,1065 1170,1066"/>
          <TextEquiv>
            <Unicode>setto,</Unicode>
          </TextEquiv>
        </Word>
        <Word id="word_f2415ca8-1fd5-4d94-a811-56c0c49a3820">
          <Coords points="1392,1017 1431,1015 1456,1014 1457,1059 1433,1060 1394,1062"/>
          <TextEquiv>
            <Unicode>en</Unicode>
          </TextEquiv>
        </Word>
        <Word id="word_5bd4f844-db68-4b44-93d8-7de8bc02de03">
          <Coords points="1488,1013 1532,1012 1582,1011 1633,1011 1679,1010 1680,1055 1633,1056 1583,1056 1533,1057 1489,1058"/>
          <TextEquiv>
            <Unicode>tegens</Unicode>
          </TextEquiv>
        </Word>
        <Word id="word_556b3600-19f1-47fd-a759-5cae43325e58">
          <Coords points="1713,1009 1734,1010 1782,1009 1807,1009 1808,1054 1783,1054 1733,1055 1712,1054"/>
          <TextEquiv>
            <Unicode>den</Unicode>
          </TextEquiv>
        </Word>
        <Word id="word_5f1306d9-8bcf-4886-91a5-0de90d3a2719">
          <Coords points="1839,1008 1882,1007 1933,1007 1983,1007 1998,1007 1999,1052 1983,1052 1933,1052 1883,1052 1840,1053"/>
          <TextEquiv>
            <Unicode>avond</Unicode>
          </TextEquiv>
        </Word>
        <Word id="word_7cc2b563-edd5-4705-bd6c-6579f266a9e4">
          <Coords points="2030,1006 2032,1006 2082,1005 2132,1004 2184,1005 2232,1004 2253,1003 2255,1048 2233,1049 2183,1050 2133,1049 2083,1050 2033,1051 2031,1051"/>
          <TextEquiv>
            <Unicode>firando</Unicode>
          </TextEquiv>
        </Word>
        <Word id="word_5bbffb62-0b05-47a5-8c8d-8ed8d70cc9d4">
          <Coords points="2286,1002 2332,1001 2382,999 2432,997 2477,996 2478,1041 2433,1042 2383,1044 2333,1046 2286,1047"/>
          <TextEquiv>
            <Unicode>alwaer</Unicode>
          </TextEquiv>
        </Word>
        <Word id="word_a10f0cf0-4de1-4cc8-85e5-aa6d57cd5e6c">
          <Coords points="2506,996 2529,993 2583,993 2631,990 2635,990 2637,1035 2634,1035 2583,1038 2534,1038 2510,1040"/>
          <TextEquiv>
            <Unicode>inde</Unicode>
          </TextEquiv>
        </Word>
        <Word id="word_50c8c74e-77fd-4fe9-85d5-6b561965720b">
          <Coords points="2667,989 2682,988 2731,985 2784,986 2795,986 2796,1031 2783,1031 2734,1030 2683,1033 2669,1034"/>
          <TextEquiv>
            <Unicode>baij</Unicode>
          </TextEquiv>
        </Word>
        <Word id="word_eaf94523-08de-48a3-9ba7-1214a02e4a1e">
          <Coords points="2827,985 2832,985 2882,984 2933,984 2980,980 3003,986 2984,1025 2982,1026 2933,1029 2883,1029 2833,1030 2828,1030"/>
          <TextEquiv>
            <Unicode>taste</Unicode>
          </TextEquiv>
        </Word>
        <TextEquiv conf="0.9384661462485805">
          <Unicode>den dach setto, en tegens den avond firando alwaer inde baij taste</Unicode>
        </TextEquiv>
        <TextStyle xHeight="39"/>
      </TextLine>
      <TextLine id="line_5f9fdfa8-d179-400e-92c3-bf347b46b00f">
        <Coords points="857,1107 1079,1107 1119,1090 1447,1095 1459,1083 1495,1071 1511,1055 1756,1055 1847,1086 1887,1086 1907,1103 2163,1102 2187,1122 2218,1122 2238,1106 2275,1111 2343,1044 2607,1043 2639,1073 3000,1073 3000,1148 2939,1148 2923,1160 2787,1155 2763,1176 2727,1188 1355,1183 1315,1200 1243,1200 1215,1176 1207,1184 979,1184 857,1192"/>
        <Baseline points="894,1179 944,1174 994,1174 1044,1172 1094,1170 1144,1169 1194,1168 1244,1168 1294,1167 1344,1166 1394,1166 1444,1165 1494,1164 1544,1164 1594,1163 1644,1162 1694,1160 1744,1159 1794,1159 1844,1160 1894,1160 1944,1159 1994,1159 2044,1157 2094,1155 2144,1155 2194,1153 2244,1151 2294,1151 2344,1150 2394,1148 2444,1146 2494,1143 2544,1141 2594,1138 2644,1136 2694,1135 2744,1134 2794,1132 2844,1132 2894,1130 2944,1131 2964,1130"/>
        <Word id="word_c6b6de75-93c5-44a2-905b-b5c3e045fdce">
          <Coords points="891,1144 941,1139 984,1139 984,1184 945,1184 895,1189"/>
          <TextEquiv>
            <Unicode>ten</Unicode>
          </TextEquiv>
        </Word>
        <Word id="word_2c0bc398-0dd9-409f-bdd3-c780f8ae8bf4">
          <Coords points="1012,1139 1042,1137 1093,1135 1143,1134 1163,1134 1164,1179 1144,1179 1094,1180 1045,1182 1014,1184"/>
          <TextEquiv>
            <Unicode>anker</Unicode>
          </TextEquiv>
        </Word>
        <Word id="word_bb10cd3a-e005-411f-a634-360533e21eb8">
          <Coords points="1193,1133 1193,1133 1244,1133 1293,1132 1343,1131 1374,1131 1374,1176 1344,1176 1294,1177 1244,1178 1194,1178 1194,1178"/>
          <TextEquiv>
            <Unicode>quamen</Unicode>
          </TextEquiv>
        </Word>
        <Word id="word_215eaeab-f406-49ab-81b7-b2f42e337760">
          <Coords points="1403,1131 1443,1130 1493,1129 1544,1129 1583,1128 1584,1173 1544,1174 1494,1174 1444,1175 1404,1176"/>
          <TextEquiv>
            <Unicode>hoewel</Unicode>
          </TextEquiv>
        </Word>
        <Word id="word_7a0817bd-a318-4e4c-b843-6fae9db089c4">
          <Coords points="1613,1128 1643,1127 1693,1125 1743,1124 1794,1124 1795,1124 1794,1169 1794,1169 1744,1169 1694,1170 1644,1172 1614,1173"/>
          <TextEquiv>
            <Unicode>geerne</Unicode>
          </TextEquiv>
        </Word>
        <Word id="word_959402b3-6da5-4cb1-9531-427b67055732">
          <Coords points="1825,1125 1845,1125 1894,1125 1913,1125 1914,1170 1894,1170 1844,1170 1824,1170"/>
          <TextEquiv>
            <Unicode>van</Unicode>
          </TextEquiv>
        </Word>
        <Word id="word_9af27d7b-9192-4e6d-ab35-bffeda8eea1c">
          <Coords points="1944,1124 1994,1124 2043,1122 2063,1121 2064,1166 2044,1167 1994,1169 1944,1169"/>
          <TextEquiv>
            <Unicode>daer</Unicode>
          </TextEquiv>
        </Word>
        <Word id="word_d37cb416-1eec-4b24-89bc-ff43f5a02bd1">
          <Coords points="2094,1120 2144,1120 2193,1118 2213,1117 2214,1162 2194,1163 2144,1165 2094,1165"/>
          <TextEquiv>
            <Unicode>naer</Unicode>
          </TextEquiv>
        </Word>
        <Word id="word_a7604496-205e-4af2-8696-0356371991c3">
          <Coords points="2244,1116 2294,1116 2343,1115 2393,1113 2423,1112 2424,1157 2394,1158 2344,1160 2294,1161 2244,1161"/>
          <TextEquiv>
            <Unicode>Tobico</Unicode>
          </TextEquiv>
        </Word>
        <Word id="word_838fefb6-83a7-41fc-b6ae-4e44737de60b">
          <Coords points="2452,1111 2492,1108 2543,1106 2592,1103 2643,1101 2693,1100 2743,1099 2753,1099 2754,1144 2744,1144 2694,1145 2644,1146 2595,1148 2544,1151 2495,1153 2455,1156"/>
          <TextEquiv>
            <Unicode>vertrocken</Unicode>
          </TextEquiv>
        </Word>
        <Word id="word_7a065363-58e1-4288-92eb-cc8b0d1f1973">
          <Coords points="2783,1097 2793,1097 2844,1097 2893,1095 2945,1096 2962,1095 2964,1140 2944,1141 2894,1140 2844,1142 2794,1142 2784,1142"/>
          <TextEquiv>
            <Unicode>hadden</Unicode>
          </TextEquiv>
        </Word>
        <TextEquiv conf="0.9144344404388604">
          <Unicode>ten anker quamen hoewel geerne van daer naer Tobico vertrocken hadden</Unicode>
        </TextEquiv>
        <TextStyle xHeight="37"/>
      </TextLine>
      <TextLine id="b98e8457-d3d9-4bb8-a57e-c13507a2cbd6">
        <Coords points="868,1189 1206,1184 1219,1178 1242,1197 1326,1197 1354,1185 1910,1185 1933,1204 1953,1205 2214,1199 2214,1274 2085,1274 2049,1302 1953,1322 868,1322"/>
        <Baseline points="905,1276 955,1278 1005,1278 1055,1277 1105,1275 1155,1275 1205,1274 1255,1274 1305,1273 1355,1271 1405,1271 1455,1269 1505,1267 1555,1266 1605,1267 1655,1268 1705,1266 1755,1265 1805,1264 1855,1262 1905,1260 1955,1258 2005,1259 2055,1258 2105,1258 2155,1256 2178,1256"/>
        <Word id="word_f91c3c3d-a998-4cc4-958a-7e76d638f574">
          <Coords points="906,1241 956,1243 1005,1243 1054,1242 1071,1241 1073,1286 1055,1287 1005,1288 955,1288 905,1286"/>
          <TextEquiv>
            <Unicode>hebbe</Unicode>
          </TextEquiv>
        </Word>
        <Word id="word_8180cdff-e346-4990-b38d-601cfac435b6">
          <Coords points="1106,1240 1155,1240 1204,1239 1207,1239 1207,1284 1205,1284 1155,1285 1106,1285"/>
          <TextEquiv>
            <Unicode>den</Unicode>
          </TextEquiv>
        </Word>
        <Word id="word_0b6b5022-5e81-454b-99c2-09e524a8968e">
          <Coords points="1240,1239 1255,1239 1304,1238 1354,1236 1405,1236 1454,1234 1504,1232 1507,1232 1508,1277 1505,1277 1455,1279 1405,1281 1355,1281 1305,1283 1255,1284 1240,1284"/>
          <TextEquiv>
            <Unicode>schipper</Unicode>
          </TextEquiv>
        </Word>
        <Word id="word_45f35fde-1e2f-4bb8-8284-41276df42a50">
          <Coords points="1541,1231 1554,1231 1606,1232 1656,1233 1674,1232 1676,1277 1655,1278 1605,1277 1555,1276 1542,1276"/>
          <TextEquiv>
            <Unicode>niet</Unicode>
          </TextEquiv>
        </Word>
        <Word id="word_374a9494-59c2-4412-8312-7690da901b0c">
          <Coords points="1708,1231 1754,1230 1804,1229 1854,1227 1904,1225 1909,1225 1910,1270 1905,1270 1855,1272 1805,1274 1755,1275 1709,1276"/>
          <TextEquiv>
            <Unicode>Connen</Unicode>
          </TextEquiv>
        </Word>
        <Word id="word_e5000a67-bae2-499a-a378-f1223fc0ff42">
          <Coords points="1942,1223 1954,1223 2006,1224 2054,1223 2105,1223 2154,1221 2178,1221 2178,1266 2155,1266 2105,1268 2055,1268 2005,1269 1955,1268 1944,1268"/>
          <TextEquiv>
            <Unicode>Bewegen</Unicode>
          </TextEquiv>
        </Word>
        <TextEquiv conf="0.8796426301326153">
          <Unicode>hebbe den schipper niet Connen Bewegen</Unicode>
        </TextEquiv>
        <TextStyle xHeight="40"/>
      </TextLine>
      <TextLine id="line_9fa1b2e9-bb9b-4f23-976b-19162bd0898a">
        <Coords points="778,1321 1964,1321 2052,1301 2096,1265 2184,1264 2732,1264 2756,1280 2940,1284 2968,1302 3001,1302 3001,1377 2760,1377 2724,1404 2680,1412 2456,1412 2440,1403 1704,1403 1628,1404 1620,1412 992,1412 778,1420"/>
        <Baseline points="815,1411 865,1410 915,1409 965,1407 1015,1404 1065,1403 1115,1402 1165,1400 1215,1401 1265,1400 1315,1399 1365,1399 1415,1399 1465,1398 1515,1398 1565,1397 1615,1395 1665,1395 1715,1393 1765,1393 1815,1391 1865,1389 1915,1388 1965,1386 2015,1385 2065,1383 2115,1383 2165,1383 2215,1382 2265,1382 2315,1381 2365,1378 2415,1378 2465,1378 2515,1377 2565,1375 2615,1373 2665,1372 2715,1371 2765,1369 2815,1369 2865,1368 2915,1364 2965,1359"/>
        <Word id="word_4119fe72-89e7-41d2-8291-104ff79d67b2">
          <Coords points="814,1376 864,1375 914,1374 936,1373 938,1418 915,1419 865,1420 815,1421"/>
          <TextEquiv>
            <Unicode>6:en</Unicode>
          </TextEquiv>
        </Word>
        <Word id="word_e9ccdffa-caba-43c5-8d0b-c5f14db405f8">
          <Coords points="966,1372 1013,1369 1064,1368 1091,1367 1092,1412 1065,1413 1016,1414 969,1417"/>
          <TextEquiv>
            <Unicode>duto</Unicode>
          </TextEquiv>
        </Word>
        <Word id="word_319fbe89-aa2a-4c49-9818-65716a94b008">
          <Coords points="1121,1367 1163,1365 1215,1366 1214,1411 1165,1410 1123,1412"/>
          <TextEquiv>
            <Unicode>van</Unicode>
          </TextEquiv>
        </Word>
        <Word id="word_7f61bf3c-b1b2-4596-9262-09c4167d9366">
          <Coords points="1242,1367 1262,1365 1314,1364 1365,1364 1368,1364 1368,1409 1365,1409 1315,1409 1266,1410 1246,1412"/>
          <TextEquiv>
            <Unicode>daer</Unicode>
          </TextEquiv>
        </Word>
        <Word id="word_b68b8d2d-3667-4d63-8a7c-a078dc7baca5">
          <Coords points="1399,1364 1415,1364 1464,1363 1515,1363 1564,1362 1614,1360 1665,1360 1704,1358 1706,1403 1665,1405 1615,1405 1565,1407 1515,1408 1465,1408 1415,1409 1399,1409"/>
          <TextEquiv>
            <Unicode>vertrocken</Unicode>
          </TextEquiv>
        </Word>
        <Word id="word_98f2a9f1-a457-4095-a218-0125ef12585b">
          <Coords points="1738,1357 1766,1358 1814,1356 1858,1354 1860,1399 1815,1401 1765,1403 1736,1402"/>
          <TextEquiv>
            <Unicode>doch</Unicode>
          </TextEquiv>
        </Word>
        <Word id="word_7a6c8717-6185-4d3c-8884-66d08290bc5f">
          <Coords points="1890,1353 1915,1353 1950,1352 1952,1397 1915,1398 1890,1398"/>
          <TextEquiv>
            <Unicode>de</Unicode>
          </TextEquiv>
        </Word>
        <Word id="word_c57adf6e-41c1-476a-9b60-09e92b393f17">
          <Coords points="1982,1350 2015,1350 2064,1348 2105,1348 2105,1393 2065,1393 2015,1395 1982,1395"/>
          <TextEquiv>
            <Unicode>wint</Unicode>
          </TextEquiv>
        </Word>
        <Word id="word_a2917ab7-ac7b-4558-b62f-13a75eab54df">
          <Coords points="2136,1348 2165,1348 2214,1347 2265,1347 2314,1346 2363,1343 2412,1343 2412,1388 2366,1388 2315,1391 2265,1392 2215,1392 2165,1393 2136,1393"/>
          <TextEquiv>
            <Unicode>contrarie</Unicode>
          </TextEquiv>
        </Word>
        <Word id="word_60a8385f-2490-4d16-b4ed-58912d67246a">
          <Coords points="2443,1343 2465,1343 2514,1342 2564,1340 2614,1338 2657,1337 2658,1382 2615,1383 2565,1385 2515,1387 2465,1388 2443,1388"/>
          <TextEquiv>
            <Unicode>lopende</Unicode>
          </TextEquiv>
        </Word>
        <Word id="word_6abe91ed-0a31-4380-9c32-fa1b47da4a0c">
          <Coords points="2688,1337 2714,1336 2764,1334 2781,1334 2781,1379 2765,1379 2715,1381 2689,1382"/>
          <TextEquiv>
            <Unicode>met</Unicode>
          </TextEquiv>
        </Word>
        <Word id="word_83fe57c5-ab0f-4573-833f-4dbc71b0ab2f">
          <Coords points="2812,1334 2815,1334 2864,1333 2912,1329 2961,1324 2966,1369 2916,1374 2865,1378 2815,1379 2812,1379"/>
          <TextEquiv>
            <Unicode>harde</Unicode>
          </TextEquiv>
        </Word>
        <TextEquiv conf="0.911995900890008">
          <Unicode>6:en duto van daer vertrocken doch de wint contrarie lopende met harde</Unicode>
        </TextEquiv>
        <TextStyle xHeight="37"/>
      </TextLine>
      <TextLine id="cbeac7da-4eb8-49d6-b33a-50bfe407abe8">
        <Coords points="873,1420 991,1412 1622,1412 1630,1404 1706,1403 2441,1403 2457,1412 2680,1412 2736,1399 2900,1399 2912,1409 2993,1409 2993,1484 2916,1484 2884,1499 2856,1498 2844,1487 2505,1491 2469,1523 2425,1523 2409,1510 1842,1511 1834,1519 1682,1519 1667,1507 1594,1507 1582,1519 873,1519"/>
        <Baseline points="910,1507 960,1509 1010,1507 1060,1506 1110,1506 1160,1505 1210,1504 1260,1504 1310,1503 1360,1502 1410,1502 1460,1501 1510,1500 1560,1499 1610,1499 1660,1498 1710,1498 1760,1497 1810,1496 1860,1496 1910,1496 1960,1495 2010,1494 2060,1494 2110,1494 2160,1493 2210,1491 2260,1491 2310,1489 2360,1488 2410,1486 2460,1484 2510,1482 2560,1482 2610,1481 2660,1478 2710,1476 2760,1474 2810,1472 2860,1469 2910,1467 2957,1466"/>
        <Word id="word_1bf720ce-6ca4-4b48-959e-f265b5e9d599">
          <Coords points="911,1472 961,1474 1009,1472 1059,1471 1102,1471 1102,1516 1060,1516 1010,1517 960,1519 910,1517"/>
          <TextEquiv>
            <Unicode>coelte</Unicode>
          </TextEquiv>
        </Word>
        <Word id="word_6fdb0e6a-26b5-4439-8eb9-7b0ae201dc7e">
          <Coords points="1133,1471 1159,1470 1209,1469 1260,1469 1309,1468 1325,1468 1326,1513 1310,1513 1260,1514 1210,1514 1160,1515 1134,1516"/>
          <TextEquiv>
            <Unicode>moeten</Unicode>
          </TextEquiv>
        </Word>
        <Word id="word_19a18ebe-39d9-4ac5-af1c-c823c8671d43">
          <Coords points="1357,1467 1359,1467 1410,1467 1459,1466 1509,1465 1559,1464 1610,1464 1659,1463 1710,1463 1710,1508 1660,1508 1610,1509 1560,1509 1510,1510 1460,1511 1410,1512 1360,1512 1358,1512"/>
          <TextEquiv>
            <Unicode>wederkeren,</Unicode>
          </TextEquiv>
        </Word>
        <Word id="word_ba2e8a37-596a-46e2-a9c4-db1778296658">
          <Coords points="1740,1463 1758,1462 1809,1461 1860,1461 1910,1461 1933,1461 1934,1506 1910,1506 1860,1506 1810,1506 1761,1507 1742,1508"/>
          <TextEquiv>
            <Unicode>quamen</Unicode>
          </TextEquiv>
        </Word>
        <Word id="word_25bd528e-cac7-4c87-9442-eb3f7c3c12ad">
          <Coords points="1965,1460 2009,1459 2060,1459 2062,1459 2062,1504 2060,1504 2010,1504 1966,1505"/>
          <TextEquiv>
            <Unicode>ten</Unicode>
          </TextEquiv>
        </Word>
        <Word id="word_1359a890-717c-41e8-8547-9e41c0f4ac4e">
          <Coords points="2094,1459 2110,1459 2159,1458 2209,1456 2254,1456 2254,1501 2210,1501 2160,1503 2110,1504 2094,1504"/>
          <TextEquiv>
            <Unicode>amker</Unicode>
          </TextEquiv>
        </Word>
        <Word id="word_69473b46-8e7b-40c3-a321-4b4aa45edb5d">
          <Coords points="2283,1456 2307,1454 2359,1453 2409,1451 2412,1451 2414,1496 2410,1496 2360,1498 2311,1499 2286,1501"/>
          <TextEquiv>
            <Unicode>inde</Unicode>
          </TextEquiv>
        </Word>
        <Word id="word_b6130ff0-dbda-4fcd-9028-cc0355a9d29f">
          <Coords points="2444,1450 2459,1449 2509,1447 2560,1447 2573,1447 2574,1492 2560,1492 2510,1492 2460,1494 2446,1495"/>
          <TextEquiv>
            <Unicode>Baij</Unicode>
          </TextEquiv>
        </Word>
        <Word id="word_ba2e18f1-5da4-4f4e-99a9-0ce1133721df">
          <Coords points="2605,1446 2609,1446 2658,1443 2700,1441 2702,1486 2661,1488 2610,1491 2606,1491"/>
          <TextEquiv>
            <Unicode>van</Unicode>
          </TextEquiv>
        </Word>
        <Word id="word_75660dfa-7b65-4f9b-8604-9565b9d1d148">
          <Coords points="2732,1440 2759,1439 2809,1437 2858,1434 2909,1432 2956,1431 2957,1476 2910,1477 2861,1479 2810,1482 2760,1484 2734,1485"/>
          <TextEquiv>
            <Unicode>atsikin</Unicode>
          </TextEquiv>
        </Word>
        <TextEquiv conf="0.9251020382986835">
          <Unicode>coelte moeten wederkeren, quamen ten amker inde Baij van atsikin</Unicode>
        </TextEquiv>
        <TextStyle xHeight="36"/>
      </TextLine>
      <TextLine id="b73bf5a9-0675-495e-8f6b-dac1507b810f">
        <Coords points="869,1526 1554,1526 1574,1522 1594,1506 1667,1506 1686,1522 1826,1522 1842,1513 2413,1513 2425,1525 2461,1526 2505,1491 2700,1486 2842,1486 2884,1513 2993,1514 2993,1589 2808,1589 2776,1611 2680,1611 2656,1619 2301,1619 2273,1639 2001,1643 1790,1643 1750,1618 1582,1618 1558,1631 971,1635 927,1671 869,1671"/>
        <Baseline points="906,1619 956,1619 1006,1618 1056,1616 1106,1614 1156,1613 1206,1612 1256,1611 1306,1611 1356,1610 1406,1609 1456,1607 1506,1605 1556,1604 1606,1604 1656,1603 1706,1602 1756,1600 1806,1599 1856,1599 1906,1600 1956,1599 2006,1598 2056,1598 2106,1598 2156,1598 2206,1599 2256,1597 2306,1595 2356,1596 2406,1597 2456,1596 2506,1594 2556,1591 2606,1587 2656,1584 2706,1582 2756,1579 2806,1576 2856,1573 2906,1571 2956,1569 2957,1571"/>
        <Word id="word_b55f729a-e72e-47cd-aac1-eedc0113eba4">
          <Coords points="906,1584 956,1584 1005,1583 1055,1581 1105,1579 1150,1578 1151,1623 1106,1624 1056,1626 1006,1628 956,1629 906,1629"/>
          <TextEquiv>
            <Unicode>oijssuna</Unicode>
          </TextEquiv>
        </Word>
        <Word id="word_8a044eed-f32c-4428-82a6-15e69b1f3d8a">
          <Coords points="1181,1577 1205,1577 1255,1576 1306,1576 1355,1575 1405,1574 1425,1573 1427,1618 1406,1619 1356,1620 1306,1621 1256,1621 1206,1622 1182,1622"/>
          <TextEquiv>
            <Unicode>ongeveer</Unicode>
          </TextEquiv>
        </Word>
        <Word id="word_121485c0-a2bd-4acf-8ed1-a26a2f4701cb">
          <Coords points="1456,1572 1505,1570 1549,1569 1550,1614 1506,1615 1458,1617"/>
          <TextEquiv>
            <Unicode>t'E</Unicode>
          </TextEquiv>
        </Word>
        <Word id="word_b2351d43-ff12-41a4-9a78-87e5983aa753">
          <Coords points="1581,1569 1607,1569 1655,1568 1702,1567 1703,1612 1656,1613 1606,1614 1580,1614"/>
          <TextEquiv>
            <Unicode>mije</Unicode>
          </TextEquiv>
        </Word>
        <Word id="word_1f74ebe9-9b9e-4d94-a659-acc6d8a1766d">
          <Coords points="1731,1567 1754,1565 1805,1564 1856,1564 1907,1565 1955,1564 2005,1563 2040,1563 2040,1608 2006,1608 1956,1609 1906,1610 1856,1609 1806,1609 1757,1610 1734,1611"/>
          <TextEquiv>
            <Unicode>wedselijck</Unicode>
          </TextEquiv>
        </Word>
        <Word id="word_c984d3e7-6a70-44cd-9cc7-c7c09dc7ff1c">
          <Coords points="2070,1563 2106,1563 2156,1563 2207,1564 2222,1563 2224,1608 2206,1609 2156,1608 2106,1608 2070,1608"/>
          <TextEquiv>
            <Unicode>vande</Unicode>
          </TextEquiv>
        </Word>
        <Word id="word_82a848f1-d500-4e26-8037-e800aa138af6">
          <Coords points="2253,1562 2255,1562 2305,1560 2357,1561 2377,1561 2376,1606 2356,1606 2306,1605 2256,1607 2255,1607"/>
          <TextEquiv>
            <Unicode>Baij</Unicode>
          </TextEquiv>
        </Word>
        <Word id="word_7a55b783-293c-4397-9f74-d4dad0f5349a">
          <Coords points="2407,1562 2455,1561 2505,1559 2554,1556 2588,1553 2592,1598 2557,1601 2506,1604 2456,1606 2408,1607"/>
          <TextEquiv>
            <Unicode>taske,</Unicode>
          </TextEquiv>
        </Word>
        <Word id="word_f1ce06be-13a1-4857-b092-faa3074f7343">
          <Coords points="2620,1551 2654,1549 2705,1547 2711,1547 2714,1592 2706,1592 2657,1594 2622,1596"/>
          <TextEquiv>
            <Unicode>een</Unicode>
          </TextEquiv>
        </Word>
        <Word id="word_c11a8713-5b82-4e42-9242-d759481d2e2c">
          <Coords points="2742,1545 2754,1544 2804,1541 2854,1538 2905,1536 2955,1534 2988,1555 2956,1579 2948,1575 2906,1581 2857,1583 2807,1586 2757,1589 2745,1590"/>
          <TextEquiv>
            <Unicode>eijland</Unicode>
          </TextEquiv>
        </Word>
        <TextEquiv conf="0.8626079003282665">
          <Unicode>oijssuna ongeveer t'E mije wedselijck vande Baij taske, een eijland</Unicode>
        </TextEquiv>
        <TextStyle xHeight="41"/>
      </TextLine>
      <TextLine id="e9cfe7fe-d4b4-4ba8-97e8-da0174f9c39c">
        <Coords points="867,1669 933,1669 969,1637 1564,1629 1584,1616 1743,1616 1791,1648 2032,1654 2032,1729 1540,1733 1504,1752 867,1752"/>
        <Baseline points="904,1735 954,1734 1004,1732 1054,1731 1104,1729 1154,1727 1204,1726 1254,1724 1304,1723 1354,1722 1404,1722 1454,1721 1504,1719 1554,1718 1604,1716 1654,1716 1704,1715 1754,1714 1804,1712 1854,1712 1904,1713 1954,1712 1996,1711"/>
        <Word id="word_2d63a4f4-1c88-4da1-8af2-4fc52049e333">
          <Coords points="903,1700 953,1699 1003,1697 1051,1696 1052,1741 1004,1742 954,1744 904,1745"/>
          <TextEquiv>
            <Unicode>onder</Unicode>
          </TextEquiv>
        </Word>
        <Word id="word_91693084-0570-471d-b661-0a15cb514862">
          <Coords points="1079,1696 1102,1694 1139,1693 1140,1738 1105,1739 1082,1740"/>
          <TextEquiv>
            <Unicode>'t</Unicode>
          </TextEquiv>
        </Word>
        <Word id="word_272bc3f7-d756-4d34-8d47-804b3e2a26f5">
          <Coords points="1169,1691 1204,1691 1253,1689 1303,1688 1346,1687 1347,1732 1304,1733 1254,1734 1204,1736 1170,1736"/>
          <TextEquiv>
            <Unicode>gebiet</Unicode>
          </TextEquiv>
        </Word>
        <Word id="word_e8d627bd-d71c-49c6-9a39-31eb7f0b7622">
          <Coords points="1377,1687 1405,1687 1453,1686 1463,1686 1465,1731 1454,1731 1404,1732 1376,1732"/>
          <TextEquiv>
            <Unicode>des</Unicode>
          </TextEquiv>
        </Word>
        <Word id="word_29102c80-2841-4453-9d47-dd0e39485786">
          <Coords points="1493,1684 1503,1684 1553,1683 1603,1681 1642,1681 1642,1726 1604,1726 1554,1728 1504,1729 1495,1729"/>
          <TextEquiv>
            <Unicode>heken</Unicode>
          </TextEquiv>
        </Word>
        <Word id="word_47721944-a858-4498-9646-1da70f8c63ef">
          <Coords points="1670,1681 1703,1680 1753,1679 1758,1679 1760,1724 1754,1724 1704,1725 1672,1726"/>
          <TextEquiv>
            <Unicode>van</Unicode>
          </TextEquiv>
        </Word>
        <Word id="word_b0b79333-fdd4-4858-bc79-e39f5877e99d">
          <Coords points="1788,1678 1803,1677 1854,1677 1905,1678 1953,1677 1995,1676 1996,1721 1954,1722 1904,1723 1854,1722 1804,1722 1790,1723"/>
          <TextEquiv>
            <Unicode>Firando</Unicode>
          </TextEquiv>
        </Word>
        <TextEquiv conf="0.8347560317302407">
          <Unicode>onder 't gebiet des heken van Firando</Unicode>
        </TextEquiv>
        <TextStyle xHeight="36"/>
      </TextLine>
      <TextLine id="a11568ad-808c-402b-99c1-dd8079a2ae56">
        <Coords points="798,1752 1503,1752 1527,1745 1547,1725 2526,1728 2554,1747 2826,1751 2834,1759 2946,1759 2958,1771 3003,1771 3003,1846 2794,1846 2746,1885 2674,1901 1787,1900 1752,1865 1739,1875 1699,1875 1671,1897 798,1896"/>
        <Baseline points="835,1872 885,1870 935,1867 985,1866 1035,1865 1085,1864 1135,1863 1185,1861 1235,1860 1285,1860 1335,1859 1385,1857 1435,1856 1485,1855 1535,1854 1585,1854 1635,1855 1685,1855 1735,1856 1785,1856 1835,1857 1885,1857 1935,1856 1985,1856 2035,1856 2085,1856 2135,1855 2185,1853 2235,1851 2285,1850 2335,1847 2385,1844 2435,1841 2485,1840 2535,1839 2585,1838 2635,1837 2685,1837 2735,1835 2785,1834 2835,1832 2885,1830 2935,1827 2967,1828"/>
        <Word id="word_c7ac7dfe-b58f-436a-83e3-661ad3c35e39">
          <Coords points="834,1837 884,1835 933,1832 948,1832 949,1877 936,1877 885,1880 835,1882"/>
          <TextEquiv>
            <Unicode>7:en</Unicode>
          </TextEquiv>
        </Word>
        <Word id="word_a0a8438f-ac42-47e5-acf4-839c35a8e229">
          <Coords points="976,1831 984,1831 1034,1830 1084,1829 1119,1828 1119,1873 1085,1874 1035,1875 985,1876 977,1876"/>
          <TextEquiv>
            <Unicode>ditto</Unicode>
          </TextEquiv>
        </Word>
        <Word id="word_1a91555d-8898-4511-9650-5b6f2ae3f768">
          <Coords points="1146,1828 1183,1826 1234,1825 1285,1825 1334,1824 1384,1822 1431,1821 1432,1866 1385,1867 1335,1869 1285,1870 1235,1870 1185,1871 1148,1873"/>
          <TextEquiv>
            <Unicode>vertrocken</Unicode>
          </TextEquiv>
        </Word>
        <Word id="word_0cab52b5-2269-427a-ab14-01be0b4b5f99">
          <Coords points="1460,1820 1484,1820 1534,1819 1574,1819 1574,1864 1535,1864 1485,1865 1461,1865"/>
          <TextEquiv>
            <Unicode>uijt</Unicode>
          </TextEquiv>
        </Word>
        <Word id="word_7726c26a-b380-4f62-a255-7be286df5bff">
          <Coords points="1604,1819 1636,1820 1685,1820 1717,1821 1716,1866 1685,1865 1635,1865 1602,1864"/>
          <TextEquiv>
            <Unicode>outo</Unicode>
          </TextEquiv>
        </Word>
        <Word id="word_34a2225e-832e-48e0-8c93-ee29c91dbe84">
          <Coords points="1745,1821 1785,1821 1836,1822 1858,1822 1858,1867 1835,1867 1785,1866 1745,1866"/>
          <TextEquiv>
            <Unicode>baij</Unicode>
          </TextEquiv>
        </Word>
        <Word id="word_eb1b74f9-fde6-4e05-841a-b34de9dccc62">
          <Coords points="1886,1822 1934,1821 1985,1821 2035,1821 2058,1821 2058,1866 2035,1866 1985,1866 1935,1866 1887,1867"/>
          <TextEquiv>
            <Unicode>quamen</Unicode>
          </TextEquiv>
        </Word>
        <Word id="word_676d4c37-97b7-43b2-a51a-7ebd1f01680c">
          <Coords points="2085,1821 2134,1820 2184,1818 2234,1816 2284,1815 2285,1860 2235,1861 2185,1863 2135,1865 2086,1866"/>
          <TextEquiv>
            <Unicode>omtrent</Unicode>
          </TextEquiv>
        </Word>
        <Word id="word_91b81d7b-eb42-4898-848b-3a8d5cc3bc64">
          <Coords points="2309,1815 2331,1812 2383,1809 2425,1807 2427,1851 2386,1854 2336,1857 2315,1859"/>
          <TextEquiv>
            <Unicode>half</Unicode>
          </TextEquiv>
        </Word>
        <Word id="word_9ea55257-e241-4ee0-ab1e-bf0d99325317">
          <Coords points="2456,1805 2485,1805 2534,1804 2584,1803 2634,1802 2685,1802 2734,1800 2784,1799 2823,1797 2825,1842 2785,1844 2735,1845 2685,1847 2635,1847 2585,1848 2535,1849 2485,1850 2455,1850"/>
          <TextEquiv>
            <Unicode>achtermiddach</Unicode>
          </TextEquiv>
        </Word>
        <Word id="word_1f5b21d6-3361-4434-bcfb-31121dc5eb65">
          <Coords points="2852,1796 2884,1795 2933,1792 2968,1793 2967,1838 2936,1837 2885,1840 2854,1841"/>
          <TextEquiv>
            <Unicode>inde</Unicode>
          </TextEquiv>
        </Word>
        <TextEquiv conf="0.9214257541896175">
          <Unicode>7:en ditto vertrocken uijt outo baij quamen omtrent half achtermiddach inde</Unicode>
        </TextEquiv>
        <TextStyle xHeight="51"/>
      </TextLine>
      <TextLine id="line_0c8d3290-1d3d-46db-92fb-b69d67d56879">
        <Coords points="877,1896 1674,1896 1698,1874 1738,1874 1751,1865 1786,1899 1966,1899 1974,1906 2486,1906 2486,1981 2229,1981 2213,1997 1794,1997 1758,2033 983,2033 960,2049 923,2032 877,2032"/>
        <Baseline points="914,1980 964,1981 1014,1980 1064,1980 1114,1978 1164,1979 1214,1979 1264,1978 1314,1978 1364,1977 1414,1975 1464,1975 1514,1975 1564,1974 1614,1973 1664,1972 1714,1971 1764,1971 1814,1970 1864,1970 1914,1970 1964,1970 2014,1970 2064,1970 2114,1969 2164,1966 2214,1965 2264,1962 2314,1961 2364,1959 2414,1959 2450,1963"/>
        <Word id="word_ddb83301-0d4d-4e48-bd82-165478750fe0">
          <Coords points="915,1945 965,1946 1013,1945 1035,1945 1035,1990 1014,1990 964,1991 914,1990"/>
          <TextEquiv>
            <Unicode>baij</Unicode>
          </TextEquiv>
        </Word>
        <Word id="word_6247db78-c55f-42a9-862c-0986532d0a38">
          <Coords points="1063,1945 1113,1943 1156,1944 1155,1989 1114,1988 1065,1990"/>
          <TextEquiv>
            <Unicode>van</Unicode>
          </TextEquiv>
        </Word>
        <Word id="word_a2354e8a-8833-4260-be42-d06ef258d800">
          <Coords points="1185,1944 1213,1944 1263,1943 1314,1943 1363,1942 1364,1942 1366,1987 1364,1987 1314,1988 1264,1988 1214,1989 1185,1989"/>
          <TextEquiv>
            <Unicode>Jobico</Unicode>
          </TextEquiv>
        </Word>
        <Word id="word_97f55d12-cc71-478b-a1f7-f6a7c851330a">
          <Coords points="1395,1941 1413,1940 1464,1940 1514,1940 1563,1939 1613,1938 1636,1938 1637,1983 1614,1983 1564,1984 1514,1985 1464,1985 1414,1985 1396,1986"/>
          <TextEquiv>
            <Unicode>ongeboek</Unicode>
          </TextEquiv>
        </Word>
        <Word id="word_33d99737-64b3-4e68-b7c7-96a356faae86">
          <Coords points="1666,1937 1713,1936 1727,1936 1727,1981 1714,1981 1667,1982"/>
          <TextEquiv>
            <Unicode>1:</Unicode>
          </TextEquiv>
        </Word>
        <Word id="word_16096d20-fd90-4475-8f1e-35b68962f69d">
          <Coords points="1757,1936 1764,1936 1813,1935 1864,1935 1914,1935 1938,1935 1938,1980 1914,1980 1864,1980 1814,1980 1764,1981 1757,1981"/>
          <TextEquiv>
            <Unicode>mijlen</Unicode>
          </TextEquiv>
        </Word>
        <Word id="word_4ed92fba-5984-4f5e-b4c1-18d2eac423bb">
          <Coords points="1968,1935 2014,1935 2059,1935 2059,1980 2014,1980 1968,1980"/>
          <TextEquiv>
            <Unicode>van</Unicode>
          </TextEquiv>
        </Word>
        <Word id="word_3dcb1b9c-c7e6-42f9-8f48-7a91392e0142">
          <Coords points="2088,1935 2113,1934 2162,1931 2209,1930 2210,1975 2165,1976 2114,1979 2089,1980"/>
          <TextEquiv>
            <Unicode>daer</Unicode>
          </TextEquiv>
        </Word>
        <Word id="word_48bf918e-f9dd-4155-9a24-f1e8ecd5538a">
          <Coords points="2236,1930 2260,1927 2313,1926 2363,1924 2414,1924 2454,1928 2449,1973 2414,1969 2364,1969 2314,1971 2265,1972 2240,1974"/>
          <TextEquiv>
            <Unicode>gelegen</Unicode>
          </TextEquiv>
        </Word>
        <TextEquiv conf="0.8667522344131204">
          <Unicode>baij van Jobico ongeboek 1: mijlen van daer gelegen</Unicode>
        </TextEquiv>
        <TextStyle xHeight="40"/>
      </TextLine>
      <TextLine id="b9f52f30-764e-40f8-8fd6-c46d4fda7da0">
        <Coords points="600,2030 918,2030 930,2042 958,2047 970,2047 986,2031 1762,2031 1794,2003 2266,2007 2274,2015 3042,2011 3063,2028 3058,2106 3019,2096 2914,2096 2266,2112 2202,2116 2190,2128 2154,2140 790,2140 710,2216 600,2216"/>
        <Baseline points="637,2140 687,2137 737,2132 787,2129 837,2127 887,2121 937,2117 987,2117 1037,2117 1087,2118 1137,2117 1187,2116 1237,2116 1287,2116 1337,2116 1387,2116 1437,2116 1487,2117 1537,2115 1587,2115 1637,2113 1687,2113 1737,2112 1787,2111 1837,2111 1887,2110 1937,2109 1987,2107 2037,2107 2087,2106 2137,2106 2187,2106 2237,2106 2287,2105 2337,2104 2387,2101 2437,2101 2487,2099 2537,2098 2587,2097 2637,2097 2687,2094 2737,2093 2787,2092 2837,2091 2887,2090 2937,2089 2987,2086 3027,2086"/>
        <Word id="word_443492f3-133f-453d-b56f-4d324c929ec4">
          <Coords points="635,2105 685,2102 734,2097 759,2096 761,2141 738,2142 688,2147 638,2150"/>
          <TextEquiv>
            <Unicode>adij</Unicode>
          </TextEquiv>
        </Word>
        <Word id="word_fffa4e68-659f-40b9-b830-28f648b8fc97">
          <Coords points="791,2094 836,2092 883,2086 913,2084 916,2129 888,2131 837,2137 792,2139"/>
          <TextEquiv>
            <Unicode>17:e</Unicode>
          </TextEquiv>
        </Word>
        <Word id="word_5d04a06f-4ce4-4d8f-8094-2352998d0f3a">
          <Coords points="947,2081 988,2082 1037,2082 1088,2083 1101,2083 1102,2128 1087,2128 1037,2127 987,2127 946,2126"/>
          <TextEquiv>
            <Unicode>ditto</Unicode>
          </TextEquiv>
        </Word>
        <Word id="word_092c594b-13d6-4a4f-9637-e79b0fb54595">
          <Coords points="1132,2082 1136,2082 1186,2081 1237,2081 1257,2081 1257,2126 1237,2126 1187,2126 1137,2127 1133,2127"/>
          <TextEquiv>
            <Unicode>voor</Unicode>
          </TextEquiv>
        </Word>
        <Word id="word_48fda22c-ff36-49ba-b1c0-fc28dd25b315">
          <Coords points="1288,2081 1337,2081 1381,2081 1381,2126 1337,2126 1288,2126"/>
          <TextEquiv>
            <Unicode>den</Unicode>
          </TextEquiv>
        </Word>
        <Word id="word_96d8bfe4-616e-4076-8fbd-85ba3ebdf147">
          <Coords points="1412,2081 1437,2081 1488,2082 1535,2080 1537,2125 1487,2127 1437,2126 1412,2126"/>
          <TextEquiv>
            <Unicode>dage</Unicode>
          </TextEquiv>
        </Word>
        <Word id="word_a2a382f4-4560-4e49-9e90-899f73fabc13">
          <Coords points="1570,2079 1589,2080 1628,2078 1630,2123 1586,2125 1567,2124"/>
          <TextEquiv>
            <Unicode>de</Unicode>
          </TextEquiv>
        </Word>
        <Word id="word_aed7bcdf-212f-46a0-8c76-3e18bd2ea1c4">
          <Coords points="1662,2077 1688,2078 1736,2077 1784,2076 1785,2121 1737,2122 1687,2123 1660,2122"/>
          <TextEquiv>
            <Unicode>wint</Unicode>
          </TextEquiv>
        </Word>
        <Word id="word_9a0c1c8a-c17e-43c3-bf7a-13d94467109a">
          <Coords points="1817,2075 1838,2076 1886,2075 1936,2074 1970,2073 1972,2118 1937,2119 1887,2120 1837,2121 1816,2120"/>
          <TextEquiv>
            <Unicode>vande</Unicode>
          </TextEquiv>
        </Word>
        <Word id="word_57b64a92-6f71-4149-a29f-1ba7eaa7201c">
          <Coords points="2003,2071 2038,2072 2064,2071 2065,2116 2037,2117 2002,2116"/>
          <TextEquiv>
            <Unicode>h:</Unicode>
          </TextEquiv>
        </Word>
        <Word id="word_d17cefdf-b21f-4106-b29d-6fd6a89090e4">
          <Coords points="2096,2071 2137,2071 2187,2071 2237,2071 2286,2070 2312,2069 2313,2114 2287,2115 2237,2116 2187,2116 2137,2116 2095,2116"/>
          <TextEquiv>
            <Unicode>oosten,</Unicode>
          </TextEquiv>
        </Word>
        <Word id="word_0b3be33a-216f-4c32-b9c4-5976c324b4db">
          <Coords points="2342,2069 2385,2066 2437,2066 2437,2111 2388,2111 2345,2114"/>
          <TextEquiv>
            <Unicode>nae</Unicode>
          </TextEquiv>
        </Word>
        <Word id="word_b89ac52c-2b2c-4352-9747-cdf7f6f8c16c">
          <Coords points="2464,2066 2483,2064 2536,2063 2560,2063 2561,2108 2537,2108 2488,2109 2469,2111"/>
          <TextEquiv>
            <Unicode>dat</Unicode>
          </TextEquiv>
        </Word>
        <Word id="word_13b9494e-c2b1-4530-b02e-b2c0c6938126">
          <Coords points="2592,2062 2637,2062 2685,2059 2716,2058 2716,2103 2688,2104 2637,2107 2592,2107"/>
          <TextEquiv>
            <Unicode>door</Unicode>
          </TextEquiv>
        </Word>
        <Word id="word_8eab01f7-0fcf-4422-a732-a1114191f36b">
          <Coords points="2747,2058 2786,2057 2836,2056 2886,2055 2936,2054 2985,2051 3027,2051 3027,2096 2988,2096 2937,2099 2887,2100 2837,2101 2787,2102 2748,2103"/>
          <TextEquiv>
            <Unicode>Contrarie</Unicode>
          </TextEquiv>
        </Word>
        <TextEquiv conf="0.9273689765260745">
          <Unicode>adij 17:e ditto voor den dage de wint vande h: oosten, nae dat door Contrarie</Unicode>
        </TextEquiv>
        <TextStyle xHeight="39"/>
      </TextLine>
      <TextLine id="ab7aef59-0735-4e48-a7c3-70b7994c28ff">
        <Coords points="875,2134 2168,2138 2220,2114 2633,2106 2664,2137 2965,2146 2965,2221 2516,2221 2504,2230 2328,2233 2312,2241 2192,2245 1505,2244 1461,2273 875,2272"/>
        <Baseline points="912,2223 962,2224 1012,2224 1062,2223 1112,2224 1162,2224 1212,2224 1262,2224 1312,2223 1362,2222 1412,2222 1462,2223 1512,2222 1562,2222 1612,2222 1662,2222 1712,2222 1762,2221 1812,2221 1862,2220 1912,2219 1962,2220 2012,2220 2062,2220 2112,2219 2162,2219 2212,2218 2262,2216 2312,2215 2362,2213 2412,2212 2462,2210 2512,2210 2562,2209 2612,2208 2662,2206 2712,2205 2762,2204 2812,2202 2862,2200 2912,2201 2929,2203"/>
        <Word id="word_e8bcaa54-f90e-4e98-8638-02ed383c8d71">
          <Coords points="913,2188 963,2189 1012,2189 1037,2188 1038,2233 1012,2234 962,2234 912,2233"/>
          <TextEquiv>
            <Unicode>ende</Unicode>
          </TextEquiv>
        </Word>
        <Word id="word_93d24736-c502-47aa-81c5-42e30b08dc99">
          <Coords points="1071,2188 1113,2189 1162,2189 1212,2189 1227,2189 1227,2234 1212,2234 1162,2234 1112,2234 1069,2233"/>
          <TextEquiv>
            <Unicode>harde</Unicode>
          </TextEquiv>
        </Word>
        <Word id="word_da48a772-1428-4fc9-af19-488bf738155c">
          <Coords points="1259,2189 1262,2189 1311,2188 1361,2187 1385,2187 1385,2232 1362,2232 1312,2233 1262,2234 1259,2234"/>
          <TextEquiv>
            <Unicode>wint</Unicode>
          </TextEquiv>
        </Word>
        <Word id="word_a1caf82a-6c70-4942-bed9-64f952916c32">
          <Coords points="1417,2187 1463,2188 1511,2187 1562,2187 1574,2187 1574,2232 1562,2232 1512,2232 1462,2233 1416,2232"/>
          <TextEquiv>
            <Unicode>thien</Unicode>
          </TextEquiv>
        </Word>
        <Word id="word_8c370f12-5996-4505-8274-cc7a3e76fd7a">
          <Coords points="1605,2187 1612,2187 1662,2187 1712,2187 1761,2186 1763,2186 1763,2231 1762,2231 1712,2232 1662,2232 1612,2232 1605,2232"/>
          <TextEquiv>
            <Unicode>dagen</Unicode>
          </TextEquiv>
        </Word>
        <Word id="word_e49dff18-9f14-4dc0-9e8e-ff2db398e9e1">
          <Coords points="1795,2186 1812,2186 1861,2185 1911,2184 1921,2184 1920,2229 1912,2229 1862,2230 1812,2231 1795,2231"/>
          <TextEquiv>
            <Unicode>stil</Unicode>
          </TextEquiv>
        </Word>
        <Word id="word_4c36926b-40cf-4e81-961b-052bc2ed5d42">
          <Coords points="1953,2185 1963,2185 2012,2185 2062,2185 2111,2184 2141,2184 2141,2229 2112,2229 2062,2230 2012,2230 1962,2230 1952,2230"/>
          <TextEquiv>
            <Unicode>hadden</Unicode>
          </TextEquiv>
        </Word>
        <Word id="word_6686ab32-3a07-495c-afac-b730ffcb6921">
          <Coords points="2172,2184 2211,2183 2261,2181 2311,2180 2361,2178 2393,2177 2394,2222 2362,2223 2312,2225 2262,2226 2212,2228 2173,2229"/>
          <TextEquiv>
            <Unicode>gelegen</Unicode>
          </TextEquiv>
        </Word>
        <Word id="word_eeea3d68-4588-474c-8714-82a66e117fd5">
          <Coords points="2423,2177 2460,2175 2512,2175 2550,2174 2551,2219 2512,2220 2462,2220 2425,2222"/>
          <TextEquiv>
            <Unicode>uijt</Unicode>
          </TextEquiv>
        </Word>
        <Word id="word_8a2c9dd3-ed90-4b52-a359-0d75f9877099">
          <Coords points="2582,2174 2611,2173 2661,2171 2711,2170 2761,2169 2770,2169 2772,2214 2762,2214 2712,2215 2662,2216 2612,2218 2583,2219"/>
          <TextEquiv>
            <Unicode>Tobico</Unicode>
          </TextEquiv>
        </Word>
        <Word id="word_c528b697-4ea0-47f0-825f-da0b7a1e59ae">
          <Coords points="2802,2167 2811,2167 2861,2165 2913,2166 2933,2168 2928,2213 2912,2211 2862,2210 2812,2212 2803,2212"/>
          <TextEquiv>
            <Unicode>ver=</Unicode>
          </TextEquiv>
        </Word>
        <TextEquiv conf="0.9104655283359954">
          <Unicode>ende harde wint thien dagen stil hadden gelegen uijt Tobico ver=</Unicode>
        </TextEquiv>
        <TextStyle xHeight="38"/>
      </TextLine>
      <TextLine id="line_7ca870d7-0459-46f7-b4c0-d506c8e71875">
        <Coords points="876,2272 1462,2273 1506,2244 2194,2245 2202,2237 2390,2232 2938,2236 2946,2243 3007,2243 3007,2318 2778,2326 2738,2358 2570,2358 2554,2345 2138,2346 2130,2354 1906,2354 1874,2370 1829,2374 1795,2357 1630,2357 1578,2386 1406,2386 1390,2373 876,2373"/>
        <Baseline points="913,2342 963,2338 1013,2337 1063,2338 1113,2338 1163,2337 1213,2337 1263,2337 1313,2337 1363,2336 1413,2336 1463,2335 1513,2334 1563,2333 1613,2332 1663,2331 1713,2330 1763,2329 1813,2329 1863,2328 1913,2328 1963,2329 2013,2328 2063,2328 2113,2327 2163,2328 2213,2326 2263,2325 2313,2323 2363,2321 2413,2320 2463,2318 2513,2317 2563,2315 2613,2313 2663,2311 2713,2309 2763,2307 2813,2305 2863,2300 2913,2297 2963,2296 2971,2300"/>
        <Word id="word_c3d0b8f7-ec1f-4b4c-8b5b-b83685a55960">
          <Coords points="910,2307 960,2303 1012,2302 1064,2303 1113,2303 1134,2303 1135,2348 1113,2348 1063,2348 1013,2347 964,2348 914,2352"/>
          <TextEquiv>
            <Unicode>trocken</Unicode>
          </TextEquiv>
        </Word>
        <Word id="word_33f929c1-35e9-43da-8aa4-bd1e1f9b9097">
          <Coords points="1166,2302 1213,2302 1263,2302 1313,2302 1362,2301 1413,2301 1419,2301 1420,2346 1413,2346 1363,2346 1313,2347 1263,2347 1213,2347 1166,2347"/>
          <TextEquiv>
            <Unicode>ongevelk</Unicode>
          </TextEquiv>
        </Word>
        <Word id="word_01cfa98c-a356-4eaa-a257-c7666d4c1157">
          <Coords points="1451,2300 1462,2300 1512,2299 1562,2298 1578,2298 1579,2343 1563,2343 1513,2344 1463,2345 1452,2345"/>
          <TextEquiv>
            <Unicode>half</Unicode>
          </TextEquiv>
        </Word>
        <Word id="word_c38853f6-70fc-4b33-afee-97ed5f3f434f">
          <Coords points="1609,2297 1612,2297 1662,2296 1712,2295 1736,2295 1737,2340 1713,2340 1663,2341 1613,2342 1610,2342"/>
          <TextEquiv>
            <Unicode>ach,</Unicode>
          </TextEquiv>
        </Word>
        <Word id="word_6cb329ce-ec18-4d79-be9f-2fc8a57e7cf4">
          <Coords points="1769,2294 1813,2294 1862,2293 1913,2293 1964,2294 2012,2293 2063,2293 2112,2292 2118,2292 2117,2337 2113,2337 2063,2338 2013,2338 1963,2339 1913,2338 1863,2338 1813,2339 1768,2339"/>
          <TextEquiv>
            <Unicode>termiddach,</Unicode>
          </TextEquiv>
        </Word>
        <Word id="word_e9cf4d40-e4b6-47e9-b929-b50d2f35c1e3">
          <Coords points="2149,2293 2164,2293 2212,2291 2262,2290 2312,2288 2362,2286 2401,2285 2402,2330 2363,2331 2313,2333 2263,2335 2213,2336 2163,2338 2149,2338"/>
          <TextEquiv>
            <Unicode>d'englte</Unicode>
          </TextEquiv>
        </Word>
        <Word id="word_41ee6d66-b088-4db5-a4c0-dbec6d93157d">
          <Coords points="2432,2285 2461,2283 2512,2282 2562,2280 2612,2278 2654,2276 2656,2321 2613,2323 2563,2325 2513,2327 2464,2328 2434,2330"/>
          <TextEquiv>
            <Unicode>summeno</Unicode>
          </TextEquiv>
        </Word>
        <Word id="word_eff22929-867c-421a-bba7-22db00c31ae5">
          <Coords points="2686,2275 2712,2274 2762,2272 2812,2270 2842,2267 2846,2312 2813,2315 2763,2317 2713,2319 2688,2320"/>
          <TextEquiv>
            <Unicode>sukij</Unicode>
          </TextEquiv>
        </Word>
        <Word id="word_2e9409c5-a25f-43ff-b41c-dfbe23c89c05">
          <Coords points="2875,2264 2911,2262 2962,2261 2987,2269 2967,2309 2963,2306 2913,2307 2877,2309"/>
          <TextEquiv>
            <Unicode>ge</Unicode>
          </TextEquiv>
        </Word>
        <TextEquiv conf="0.8810030726273635">
          <Unicode>trocken ongevelk half ach, termiddach, d'englte summeno sukij ge</Unicode>
        </TextEquiv>
        <TextStyle xHeight="38"/>
      </TextLine>
      <TextLine id="cca656e1-955a-411c-ad58-02d5f0cd1b83">
        <Coords points="877,2372 1387,2372 1407,2389 1459,2389 1583,2385 1627,2360 1801,2360 1826,2373 1859,2373 1907,2356 2127,2357 2139,2346 2552,2345 2567,2357 3000,2355 3000,2430 2883,2430 2839,2454 963,2462 947,2478 877,2478"/>
        <Baseline points="914,2452 964,2454 1014,2453 1064,2452 1114,2451 1164,2451 1214,2449 1264,2449 1314,2449 1364,2449 1414,2448 1464,2447 1514,2445 1564,2443 1614,2443 1664,2441 1714,2440 1764,2440 1814,2440 1864,2440 1914,2439 1964,2438 2014,2438 2064,2437 2114,2436 2164,2435 2214,2432 2264,2431 2314,2429 2364,2428 2414,2425 2464,2424 2514,2423 2564,2420 2614,2420 2664,2420 2714,2418 2764,2417 2814,2416 2864,2414 2914,2413 2964,2412"/>
        <Word id="word_e9d55189-3897-42bf-960a-bb2077515f21">
          <Coords points="915,2417 965,2419 1013,2418 1063,2417 1113,2416 1159,2416 1159,2461 1114,2461 1064,2462 1014,2463 964,2464 914,2462"/>
          <TextEquiv>
            <Unicode>passeert</Unicode>
          </TextEquiv>
        </Word>
        <Word id="word_83aaffe6-5816-435e-b805-dcb48212ae64">
          <Coords points="1187,2416 1211,2414 1264,2414 1314,2414 1364,2414 1413,2413 1433,2413 1434,2458 1414,2458 1364,2459 1314,2459 1264,2459 1215,2459 1190,2461"/>
          <TextEquiv>
            <Unicode>savondts</Unicode>
          </TextEquiv>
        </Word>
        <Word id="word_2f7be152-bfac-4641-a56e-ecc718e8a635">
          <Coords points="1463,2412 1513,2410 1563,2408 1614,2408 1663,2406 1678,2406 1679,2451 1664,2451 1614,2453 1564,2453 1514,2455 1465,2457"/>
          <TextEquiv>
            <Unicode>vermits</Unicode>
          </TextEquiv>
        </Word>
        <Word id="word_7401e05e-05a5-4a86-8874-eb797371385a">
          <Coords points="1709,2405 1713,2405 1764,2405 1814,2405 1864,2405 1892,2404 1893,2449 1864,2450 1814,2450 1764,2450 1714,2450 1710,2450"/>
          <TextEquiv>
            <Unicode>stiete</Unicode>
          </TextEquiv>
        </Word>
        <Word id="word_d35a3896-a6b6-46a3-85dc-e4a11edfdac5">
          <Coords points="1923,2404 1963,2403 2014,2403 2045,2402 2046,2447 2014,2448 1964,2448 1924,2449"/>
          <TextEquiv>
            <Unicode>ende</Unicode>
          </TextEquiv>
        </Word>
        <Word id="word_4a5bbe75-5ba8-4fa8-95da-301707ade14c">
          <Coords points="2076,2402 2113,2401 2163,2400 2212,2397 2263,2396 2313,2394 2363,2393 2411,2390 2414,2435 2364,2438 2314,2439 2264,2441 2215,2442 2164,2445 2114,2446 2077,2447"/>
          <TextEquiv>
            <Unicode>tegenstroom</Unicode>
          </TextEquiv>
        </Word>
        <Word id="word_e686936b-8cb6-40d5-98aa-2247cace31cd">
          <Coords points="2445,2388 2465,2389 2513,2388 2562,2385 2614,2385 2627,2385 2627,2430 2614,2430 2565,2430 2514,2433 2464,2434 2443,2433"/>
          <TextEquiv>
            <Unicode>moeten</Unicode>
          </TextEquiv>
        </Word>
        <Word id="word_52eff0a8-9aca-4247-ae4f-3ad22f8f9b1c">
          <Coords points="2658,2385 2664,2385 2713,2383 2763,2382 2813,2381 2863,2379 2902,2378 2903,2423 2864,2424 2814,2426 2764,2427 2714,2428 2664,2430 2658,2430"/>
          <TextEquiv>
            <Unicode>anckeren</Unicode>
          </TextEquiv>
        </Word>
        <Word id="word_12eb0f36-c5ed-4c5f-bbbf-cf090ed5d5dd">
          <Coords points="2933,2378 2963,2377 2964,2422 2933,2423"/>
          <TextEquiv>
            <Unicode></Unicode>
          </TextEquiv>
        </Word>
        <TextEquiv conf="0.9188887089230556">
          <Unicode>passeert savondts vermits stiete ende tegenstroom moeten anckeren </Unicode>
        </TextEquiv>
        <TextStyle xHeight="34"/>
      </TextLine>
      <TextLine id="db8abb61-8b01-4f1f-9f82-c5b166903042">
        <Coords points="911,2490 1046,2490 1046,2565 1033,2556 993,2557 985,2565 941,2565 911,2583"/>
        <Baseline points="948,2547 998,2547 1010,2547"/>
        <Word id="word_bf865233-e384-4684-8824-4884e119ba74">
          <Coords points="948,2512 998,2512 1010,2512 1010,2557 998,2557 948,2557"/>
          <TextEquiv>
            <Unicode>en</Unicode>
          </TextEquiv>
        </Word>
        <TextEquiv conf="0.35436366249799933">
          <Unicode>en</Unicode>
        </TextEquiv>
        <TextStyle xHeight="26"/>
      </TextLine>
      <TextLine id="line_661f6963-5054-49c7-8e67-1b9f320a07a1">
        <Coords points="655,2515 689,2515 721,2535 921,2535 957,2566 979,2567 991,2555 1013,2555 1101,2472 2820,2471 2852,2500 3005,2500 3005,2575 2948,2575 2908,2595 1717,2599 1677,2634 1601,2634 1581,2614 941,2614 833,2627 781,2674 655,2674"/>
        <Baseline points="692,2605 742,2605 792,2604 842,2603 892,2601 942,2600 992,2599 1042,2596 1092,2594 1142,2592 1192,2592 1242,2590 1292,2589 1342,2587 1392,2586 1442,2584 1492,2584 1542,2582 1592,2582 1642,2581 1692,2579 1742,2579 1792,2578 1842,2577 1892,2577 1942,2575 1992,2575 2042,2575 2092,2575 2142,2575 2192,2574 2242,2574 2292,2573 2342,2572 2392,2570 2442,2568 2492,2566 2542,2563 2592,2562 2642,2561 2692,2559 2742,2556 2792,2555 2842,2555 2892,2555 2942,2554 2969,2557"/>
        <Word id="word_de88f6bb-1aaf-4349-af17-84de4ee2303d">
          <Coords points="692,2570 742,2570 791,2569 841,2568 842,2613 792,2614 742,2615 692,2615"/>
          <TextEquiv>
            <Unicode>adrij</Unicode>
          </TextEquiv>
        </Word>
        <Word id="word_67bdec64-ad38-4f8e-89eb-752db730254c">
          <Coords points="869,2567 890,2566 941,2565 991,2564 992,2609 942,2610 893,2611 873,2612"/>
          <TextEquiv>
            <Unicode>24:e</Unicode>
          </TextEquiv>
        </Word>
        <Word id="word_b07edeaf-5215-43ef-be03-2ff2446dac9e">
          <Coords points="1018,2564 1038,2561 1091,2559 1141,2557 1171,2557 1171,2602 1142,2602 1092,2604 1043,2606 1023,2608"/>
          <TextEquiv>
            <Unicode>ditto</Unicode>
          </TextEquiv>
        </Word>
        <Word id="word_0ed1d3d0-f630-4a1a-8739-77e3d7a3da85">
          <Coords points="1200,2557 1240,2555 1290,2554 1291,2599 1242,2600 1202,2602"/>
          <TextEquiv>
            <Unicode>nae</Unicode>
          </TextEquiv>
        </Word>
        <Word id="word_3c9ad761-10b2-4b8a-bef4-e27f73db9230">
          <Coords points="1319,2553 1340,2552 1391,2551 1410,2550 1411,2595 1392,2596 1343,2597 1322,2598"/>
          <TextEquiv>
            <Unicode>dat</Unicode>
          </TextEquiv>
        </Word>
        <Word id="word_a4f043f8-b851-4ffa-97fb-0e81b7c32311">
          <Coords points="1439,2549 1441,2549 1492,2549 1541,2547 1592,2547 1620,2546 1621,2591 1592,2592 1542,2592 1492,2594 1442,2594 1441,2594"/>
          <TextEquiv>
            <Unicode>sedert</Unicode>
          </TextEquiv>
        </Word>
        <Word id="word_e8544883-7aa2-40d3-af16-1938e217dbe6">
          <Coords points="1649,2546 1690,2544 1742,2544 1770,2543 1771,2588 1742,2589 1692,2589 1651,2591"/>
          <TextEquiv>
            <Unicode>17:e</Unicode>
          </TextEquiv>
        </Word>
        <Word id="word_6258ee8c-9e86-4ccc-81bd-867b0bdabd24">
          <Coords points="1800,2543 1841,2542 1892,2542 1941,2540 1992,2540 2010,2540 2010,2585 1992,2585 1942,2585 1892,2587 1842,2587 1801,2588"/>
          <TextEquiv>
            <Unicode>parsado</Unicode>
          </TextEquiv>
        </Word>
        <Word id="word_fe07e897-c53b-4d03-8d6e-152cbf6e9ffa">
          <Coords points="2040,2540 2042,2540 2092,2540 2142,2540 2189,2539 2190,2584 2142,2585 2092,2585 2042,2585 2040,2585"/>
          <TextEquiv>
            <Unicode>meest</Unicode>
          </TextEquiv>
        </Word>
        <Word id="word_fa51e39c-7452-44c2-837c-5a72186d350a">
          <Coords points="2221,2538 2243,2539 2291,2538 2341,2537 2391,2535 2398,2535 2400,2580 2392,2580 2342,2582 2292,2583 2242,2584 2220,2583"/>
          <TextEquiv>
            <Unicode>stijve</Unicode>
          </TextEquiv>
        </Word>
        <Word id="word_0f77e9e6-a279-45be-9f29-78477a15edbe">
          <Coords points="2428,2534 2441,2533 2491,2531 2540,2528 2591,2527 2641,2526 2691,2524 2740,2521 2759,2521 2759,2566 2743,2566 2692,2569 2642,2571 2592,2572 2543,2573 2492,2576 2442,2578 2430,2578"/>
          <TextEquiv>
            <Unicode>westelijcke</Unicode>
          </TextEquiv>
        </Word>
        <Word id="word_f5aad390-e012-481f-a22e-5c0cbdbd12bd">
          <Coords points="2789,2520 2791,2520 2842,2520 2892,2520 2941,2519 2973,2522 2968,2567 2942,2564 2892,2565 2842,2565 2792,2565 2789,2565"/>
          <TextEquiv>
            <Unicode>winden</Unicode>
          </TextEquiv>
        </Word>
        <TextEquiv conf="0.9038794161892798">
          <Unicode>adrij 24:e ditto nae dat sedert 17:e parsado meest stijve westelijcke winden</Unicode>
        </TextEquiv>
        <TextStyle xHeight="44"/>
      </TextLine>
      <TextLine id="line_383623cf-bcd1-4a93-aac3-ae91bf5a0004">
        <Coords points="905,2619 1675,2619 1699,2600 2654,2599 2666,2610 2983,2613 2983,2688 2918,2688 2907,2680 2378,2688 2358,2708 2262,2708 2246,2716 1907,2715 1879,2732 1831,2736 1823,2744 1035,2739 1019,2731 979,2731 943,2756 905,2756"/>
        <Baseline points="942,2708 992,2706 1042,2705 1092,2704 1142,2703 1192,2703 1242,2702 1292,2702 1342,2700 1392,2700 1442,2698 1492,2697 1542,2696 1592,2693 1642,2692 1692,2690 1742,2689 1792,2687 1842,2686 1892,2685 1942,2685 1992,2686 2042,2684 2092,2683 2142,2682 2192,2682 2242,2681 2292,2681 2342,2680 2392,2680 2442,2680 2492,2679 2542,2678 2592,2677 2642,2675 2692,2673 2742,2673 2792,2673 2842,2673 2892,2672 2942,2672 2947,2670"/>
        <Word id="word_af02d36b-3b1a-4f56-b9df-506837227586">
          <Coords points="941,2673 991,2671 1041,2670 1091,2669 1129,2668 1130,2713 1092,2714 1042,2715 992,2716 942,2718"/>
          <TextEquiv>
            <Unicode>hadden</Unicode>
          </TextEquiv>
        </Word>
        <Word id="word_524c1366-c93e-4ec1-9825-d796f3dfe685">
          <Coords points="1162,2668 1192,2668 1241,2667 1292,2667 1341,2665 1349,2665 1349,2710 1342,2710 1292,2712 1242,2712 1192,2713 1161,2713"/>
          <TextEquiv>
            <Unicode>gehadt</Unicode>
          </TextEquiv>
        </Word>
        <Word id="word_7d9bfe78-823a-43c2-bc4c-a3977d3b17a8">
          <Coords points="1381,2665 1392,2665 1441,2663 1491,2662 1505,2662 1506,2707 1492,2707 1442,2708 1392,2710 1381,2710"/>
          <TextEquiv>
            <Unicode>niet</Unicode>
          </TextEquiv>
        </Word>
        <Word id="word_a6ed3117-ff4c-4c2e-9e7a-9c0a54106fc3">
          <Coords points="1537,2661 1541,2661 1590,2658 1599,2658 1600,2703 1593,2703 1542,2706 1538,2706"/>
          <TextEquiv>
            <Unicode>te</Unicode>
          </TextEquiv>
        </Word>
        <Word id="word_0ebac429-b339-42fa-adc8-0a568ff78bb4">
          <Coords points="1631,2657 1641,2657 1691,2655 1725,2654 1725,2699 1692,2700 1642,2702 1631,2702"/>
          <TextEquiv>
            <Unicode>min</Unicode>
          </TextEquiv>
        </Word>
        <Word id="word_69018f77-7230-42d3-8881-ca20f35eb106">
          <Coords points="1755,2654 1790,2652 1841,2651 1891,2650 1942,2650 1993,2651 2041,2649 2091,2648 2101,2648 2101,2693 2092,2693 2042,2694 1992,2696 1942,2695 1892,2695 1842,2696 1792,2697 1757,2699"/>
          <TextEquiv>
            <Unicode>verscheijde</Unicode>
          </TextEquiv>
        </Word>
        <Word id="word_a65d7890-86ae-44e1-ba6c-e422c2c4b30c">
          <Coords points="2132,2647 2141,2647 2192,2647 2241,2646 2292,2646 2320,2645 2321,2690 2292,2691 2242,2691 2192,2692 2142,2692 2133,2692"/>
          <TextEquiv>
            <Unicode>maalen</Unicode>
          </TextEquiv>
        </Word>
        <Word id="word_d58c52ae-e7a1-4f08-8177-3fb30a919ce2">
          <Coords points="2352,2645 2392,2645 2442,2645 2491,2644 2541,2643 2591,2642 2633,2640 2634,2685 2592,2687 2542,2688 2492,2689 2442,2690 2392,2690 2352,2690"/>
          <TextEquiv>
            <Unicode>geanckert</Unicode>
          </TextEquiv>
        </Word>
        <Word id="word_069cd39e-f078-49d6-8f55-810c857222b7">
          <Coords points="2664,2639 2691,2638 2742,2638 2791,2638 2791,2683 2742,2683 2692,2683 2666,2684"/>
          <TextEquiv>
            <Unicode>inde</Unicode>
          </TextEquiv>
        </Word>
        <Word id="word_c6595740-37b8-4187-858c-a2b89f05815a">
          <Coords points="2822,2638 2842,2638 2891,2637 2934,2638 2942,2637 2951,2679 2942,2682 2892,2682 2842,2683 2822,2683"/>
          <TextEquiv>
            <Unicode>Coop</Unicode>
          </TextEquiv>
        </Word>
        <TextEquiv conf="0.9458194152087799">
          <Unicode>hadden gehadt niet te min verscheijde maalen geanckert inde Coop</Unicode>
        </TextEquiv>
        <TextStyle xHeight="38"/>
      </TextLine>
      <TextLine id="b4d529f2-d965-4a8e-a1fe-e29c3f2508f8">
        <Coords points="891,2754 945,2754 981,2729 1037,2738 1149,2738 1157,2730 1873,2734 1909,2714 2253,2715 2261,2707 2357,2707 2377,2687 2869,2678 2909,2678 2953,2721 2997,2721 3017,2734 3054,2731 3054,2807 3046,2798 2817,2799 2785,2803 2773,2815 2349,2815 2325,2839 891,2839"/>
        <Baseline points="928,2819 978,2819 1028,2819 1078,2819 1128,2818 1178,2816 1228,2815 1278,2813 1328,2811 1378,2809 1428,2807 1478,2805 1528,2804 1578,2802 1628,2801 1678,2800 1728,2800 1778,2800 1828,2799 1878,2799 1928,2800 1978,2800 2028,2800 2078,2800 2128,2800 2178,2800 2228,2800 2278,2800 2328,2800 2378,2800 2428,2800 2478,2800 2528,2799 2578,2798 2628,2798 2678,2796 2728,2795 2778,2794 2828,2792 2878,2790 2928,2790 2978,2790 3018,2789"/>
        <Word id="word_0e50083b-19e7-495b-b7eb-51e8d93484b1">
          <Coords points="928,2784 978,2784 1028,2784 1049,2784 1049,2829 1028,2829 978,2829 928,2829"/>
          <TextEquiv>
            <Unicode>stad</Unicode>
          </TextEquiv>
        </Word>
        <Word id="word_94636b12-4cae-4fc6-bfa2-f3dc60ee7ca6">
          <Coords points="1079,2784 1127,2783 1177,2781 1227,2780 1260,2779 1262,2824 1228,2825 1178,2826 1128,2828 1080,2829"/>
          <TextEquiv>
            <Unicode>osacca</Unicode>
          </TextEquiv>
        </Word>
        <Word id="word_71fdddc5-8b8c-4a67-a148-f729f53a8b3c">
          <Coords points="1290,2777 1327,2776 1377,2774 1381,2774 1383,2819 1378,2819 1328,2821 1292,2822"/>
          <TextEquiv>
            <Unicode>wel</Unicode>
          </TextEquiv>
        </Word>
        <Word id="word_3a6a31af-368a-470c-a7c6-fe373922a4a0">
          <Coords points="1411,2773 1427,2772 1477,2770 1527,2769 1577,2767 1627,2766 1677,2765 1728,2765 1746,2765 1746,2810 1728,2810 1678,2810 1628,2811 1578,2812 1528,2814 1478,2815 1428,2817 1413,2818"/>
          <TextEquiv>
            <Unicode>aengecomen,</Unicode>
          </TextEquiv>
        </Word>
        <Word id="word_b30bc57d-7b36-4a87-bcf7-5f6dc6e4ad21">
          <Coords points="1776,2765 1778,2765 1827,2764 1878,2764 1929,2765 1978,2765 2028,2765 2078,2765 2109,2765 2109,2810 2078,2810 2028,2810 1978,2810 1928,2810 1878,2809 1828,2809 1778,2810 1776,2810"/>
          <TextEquiv>
            <Unicode>herbergende</Unicode>
          </TextEquiv>
        </Word>
        <Word id="word_a5a39d0b-c616-410c-91b7-05e9410e0682">
          <Coords points="2140,2765 2178,2765 2228,2765 2230,2765 2230,2810 2228,2810 2178,2810 2140,2810"/>
          <TextEquiv>
            <Unicode>ten</Unicode>
          </TextEquiv>
        </Word>
        <Word id="word_31124b33-33ce-407c-8d71-911c16bedc7f">
          <Coords points="2261,2765 2278,2765 2328,2765 2378,2765 2428,2765 2443,2765 2443,2810 2428,2810 2378,2810 2328,2810 2278,2810 2261,2810"/>
          <TextEquiv>
            <Unicode>huijse</Unicode>
          </TextEquiv>
        </Word>
        <Word id="word_d0156e32-4239-4e2f-88f3-37d8b58edd49">
          <Coords points="2473,2765 2478,2765 2527,2764 2563,2763 2564,2808 2528,2809 2478,2810 2473,2810"/>
          <TextEquiv>
            <Unicode>van</Unicode>
          </TextEquiv>
        </Word>
        <Word id="word_bfb965ba-bfa4-4bd7-a7b1-4b5608311067">
          <Coords points="2594,2763 2628,2763 2677,2761 2727,2760 2777,2759 2827,2757 2877,2755 2928,2755 2978,2755 3017,2754 3018,2799 2978,2800 2928,2800 2878,2800 2828,2802 2778,2804 2728,2805 2678,2806 2628,2808 2594,2808"/>
          <TextEquiv>
            <Unicode>terroijemond:e</Unicode>
          </TextEquiv>
        </Word>
        <TextEquiv conf="0.9445061662323598">
          <Unicode>stad osacca wel aengecomen, herbergende ten huijse van terroijemond:e</Unicode>
        </TextEquiv>
        <TextStyle xHeight="39"/>
      </TextLine>
      <TextLine id="bd9f19cb-febb-4d2e-aadf-873a32e2ae1f">
        <Coords points="888,2837 2082,2836 2094,2845 2258,2845 2322,2841 2350,2816 2898,2816 2930,2828 2951,2849 2951,2925 2746,2925 2738,2933 2726,2927 2070,2929 2026,2956 888,2964"/>
        <Baseline points="925,2935 975,2931 1025,2931 1075,2929 1125,2928 1175,2925 1225,2924 1275,2922 1325,2921 1375,2918 1425,2917 1475,2916 1525,2914 1575,2913 1625,2912 1675,2912 1725,2911 1775,2911 1825,2912 1875,2913 1925,2912 1975,2913 2025,2914 2075,2915 2125,2915 2175,2915 2225,2914 2275,2916 2325,2915 2375,2915 2425,2914 2475,2914 2525,2913 2575,2911 2625,2911 2675,2911 2725,2909 2775,2910 2825,2911 2875,2908 2915,2907"/>
        <Word id="word_b5ddc49c-0955-43f3-affe-17bdff5d80f6">
          <Coords points="922,2900 972,2896 1025,2896 1074,2894 1124,2893 1140,2892 1143,2937 1125,2938 1075,2939 1025,2941 976,2941 926,2945"/>
          <TextEquiv>
            <Unicode>wesende</Unicode>
          </TextEquiv>
        </Word>
        <Word id="word_d9a9f1f8-e63d-4ae9-a7da-1dafe698028e">
          <Coords points="1171,2890 1173,2890 1204,2889 1205,2934 1176,2935 1174,2935"/>
          <TextEquiv>
            <Unicode>t</Unicode>
          </TextEquiv>
        </Word>
        <Word id="word_1cd43819-7a05-4e82-954c-a9d7b3718337">
          <Coords points="1234,2889 1273,2887 1324,2886 1373,2883 1424,2882 1474,2881 1514,2879 1516,2924 1475,2926 1425,2927 1376,2928 1325,2931 1275,2932 1236,2934"/>
          <TextEquiv>
            <Unicode>ordinaris</Unicode>
          </TextEquiv>
        </Word>
        <Word id="word_175efd7d-9c46-4afa-b86e-49f22363804d">
          <Coords points="1546,2878 1575,2878 1624,2877 1675,2877 1724,2876 1775,2876 1826,2877 1858,2878 1857,2923 1825,2922 1775,2921 1725,2921 1675,2922 1625,2922 1575,2923 1547,2923"/>
          <TextEquiv>
            <Unicode>logiement,</Unicode>
          </TextEquiv>
        </Word>
        <Word id="word_08d5b46e-fb51-4cee-9344-b4db4b7e148e">
          <Coords points="1888,2878 1924,2877 1976,2878 2014,2879 2013,2924 1975,2923 1925,2922 1889,2923"/>
          <TextEquiv>
            <Unicode>door</Unicode>
          </TextEquiv>
        </Word>
        <Word id="word_b1e3a848-dcd3-4c31-a9b3-04a74e4dc63b">
          <Coords points="2045,2879 2076,2880 2125,2880 2138,2880 2138,2925 2125,2925 2075,2925 2044,2924"/>
          <TextEquiv>
            <Unicode>den</Unicode>
          </TextEquiv>
        </Word>
        <Word id="word_5a69f5d6-2710-4ebb-81bf-91199145c704">
          <Coords points="2169,2880 2175,2880 2224,2879 2276,2881 2324,2880 2355,2880 2355,2925 2325,2925 2275,2926 2225,2924 2175,2925 2169,2925"/>
          <TextEquiv>
            <Unicode>zelven</Unicode>
          </TextEquiv>
        </Word>
        <Word id="word_ce6b83ec-a33f-4426-9adc-a3ecd1af58a7">
          <Coords points="2385,2880 2424,2879 2475,2879 2510,2878 2511,2923 2475,2924 2425,2924 2387,2925"/>
          <TextEquiv>
            <Unicode>dede</Unicode>
          </TextEquiv>
        </Word>
        <Word id="word_bb25d602-ea47-4857-89ca-60237ebb5719">
          <Coords points="2540,2878 2573,2876 2625,2876 2666,2876 2666,2921 2625,2921 2576,2921 2542,2923"/>
          <TextEquiv>
            <Unicode>onse</Unicode>
          </TextEquiv>
        </Word>
        <Word id="word_66d85049-fcba-4da3-b479-56d7f108c3b3">
          <Coords points="2695,2876 2722,2874 2776,2875 2826,2876 2873,2873 2914,2872 2915,2917 2876,2918 2825,2921 2775,2920 2726,2919 2698,2921"/>
          <TextEquiv>
            <Unicode>Compste</Unicode>
          </TextEquiv>
        </Word>
        <TextEquiv conf="0.9326168548676356">
          <Unicode>wesende t ordinaris logiement, door den zelven dede onse Compste</Unicode>
        </TextEquiv>
        <TextStyle xHeight="40"/>
      </TextLine>
      <TextLine id="ff8e473e-911e-42d9-ab1a-50cf58f37d76">
        <Coords points="884,2964 2028,2956 2064,2932 2715,2916 2731,2916 2771,2952 3052,2948 3052,3025 3043,3034 2931,3036 2869,3095 2436,3090 2408,3070 884,3075"/>
        <Baseline points="921,3046 971,3044 1021,3043 1071,3042 1121,3040 1171,3039 1221,3038 1271,3037 1321,3037 1371,3036 1421,3035 1471,3034 1521,3034 1571,3033 1621,3033 1671,3033 1721,3033 1771,3033 1821,3033 1871,3033 1921,3032 1971,3031 2021,3031 2071,3031 2121,3031 2171,3029 2221,3029 2271,3028 2321,3028 2371,3028 2421,3026 2471,3026 2521,3025 2571,3024 2621,3023 2671,3022 2721,3019 2771,3017 2821,3015 2871,3015 2921,3014 2971,3012 3016,3006"/>
        <Word id="word_0db79fa5-1eec-4ccd-a4ec-f670651884f5">
          <Coords points="920,3011 970,3009 978,3009 979,3054 971,3054 921,3056"/>
          <TextEquiv>
            <Unicode>de</Unicode>
          </TextEquiv>
        </Word>
        <Word id="word_8b75b1cb-4791-4ac1-a5a2-f01738b8b04e">
          <Coords points="1008,3008 1020,3008 1070,3007 1120,3005 1170,3004 1220,3003 1270,3002 1321,3002 1328,3002 1329,3047 1321,3047 1271,3047 1221,3048 1171,3049 1121,3050 1071,3052 1021,3053 1008,3053"/>
          <TextEquiv>
            <Unicode>gouverneurs</Unicode>
          </TextEquiv>
        </Word>
        <Word id="word_6edeecf9-9335-4b02-99e3-fb3cf4c78cc0">
          <Coords points="1357,3001 1370,3001 1420,3000 1470,2999 1521,2999 1531,2999 1532,3044 1521,3044 1471,3044 1421,3045 1371,3046 1358,3046"/>
          <TextEquiv>
            <Unicode>weten,</Unicode>
          </TextEquiv>
        </Word>
        <Word id="word_c803b7f9-4e28-43f3-abc8-912ecff7e4eb">
          <Coords points="1561,2998 1570,2998 1621,2998 1649,2998 1649,3043 1621,3043 1571,3043 1561,3043"/>
          <TextEquiv>
            <Unicode>met</Unicode>
          </TextEquiv>
        </Word>
        <Word id="word_dc833f46-34aa-46d4-b359-e187bcccabeb">
          <Coords points="1678,2998 1721,2998 1771,2998 1821,2998 1871,2998 1910,2997 1911,3042 1871,3043 1821,3043 1771,3043 1721,3043 1678,3043"/>
          <TextEquiv>
            <Unicode>versoeck</Unicode>
          </TextEquiv>
        </Word>
        <Word id="word_11ec61d8-c317-42da-b841-6d47a2cd3201">
          <Coords points="1939,2997 1970,2996 2021,2996 2071,2996 2121,2996 2142,2995 2144,3040 2121,3041 2071,3041 2021,3041 1971,3041 1940,3042"/>
          <TextEquiv>
            <Unicode>wannetr</Unicode>
          </TextEquiv>
        </Word>
        <Word id="word_3628334a-66d0-4cf3-9d99-4e3e62e12971">
          <Coords points="2173,2994 2221,2994 2270,2993 2289,2993 2289,3038 2271,3038 2221,3039 2172,3039"/>
          <TextEquiv>
            <Unicode>haer</Unicode>
          </TextEquiv>
        </Word>
        <Word id="word_3d1dcaf3-26f2-4e90-bf85-426933bd0539">
          <Coords points="2318,2993 2321,2993 2371,2993 2420,2991 2434,2991 2434,3036 2421,3036 2371,3038 2321,3038 2318,3038"/>
          <TextEquiv>
            <Unicode>Ed:s</Unicode>
          </TextEquiv>
        </Word>
        <Word id="word_7fa14d42-4ab6-4bb6-87d7-6fb7bb0a2d43">
          <Coords points="2464,2991 2471,2991 2520,2990 2570,2989 2620,2988 2667,2987 2667,3032 2621,3033 2571,3034 2521,3035 2471,3036 2464,3036"/>
          <TextEquiv>
            <Unicode>volgens</Unicode>
          </TextEquiv>
        </Word>
        <Word id="word_51226e48-f984-4dae-b914-13c9925283eb">
          <Coords points="2693,2987 2717,2984 2770,2982 2820,2980 2871,2980 2920,2979 2970,2977 3011,2971 3017,3016 2971,3022 2921,3024 2871,3025 2821,3025 2771,3027 2722,3029 2697,3031"/>
          <TextEquiv>
            <Unicode>Jaarlijckre</Unicode>
          </TextEquiv>
        </Word>
        <TextEquiv conf="0.8866050518252927">
          <Unicode>de gouverneurs weten, met versoeck wannetr haer Ed:s volgens Jaarlijckre</Unicode>
        </TextEquiv>
        <TextStyle xHeight="42"/>
      </TextLine>
      <TextLine id="line_1615a140-3490-4ed9-bcba-1f79df78e610">
        <Coords points="887,3072 2412,3071 2432,3087 2739,3087 2783,3091 2791,3099 2891,3103 2919,3081 3048,3081 3048,3156 2987,3156 2964,3167 2587,3167 2547,3187 1988,3191 1704,3191 1684,3186 1665,3167 981,3167 961,3187 887,3187"/>
        <Baseline points="924,3156 974,3158 1024,3157 1074,3156 1124,3154 1174,3151 1224,3149 1274,3147 1324,3147 1374,3147 1424,3148 1474,3146 1524,3146 1574,3146 1624,3146 1674,3146 1724,3146 1774,3146 1824,3146 1874,3146 1924,3146 1974,3147 2024,3148 2074,3147 2124,3149 2174,3149 2224,3148 2274,3147 2324,3146 2374,3145 2424,3144 2474,3143 2524,3142 2574,3141 2624,3140 2674,3140 2724,3139 2774,3137 2824,3134 2874,3134 2924,3134 2974,3135 3012,3138"/>
        <Word id="word_e2c8e970-7204-4412-830b-7ff1fea63aad">
          <Coords points="925,3121 975,3123 1023,3122 1073,3121 1123,3119 1172,3116 1183,3116 1185,3161 1175,3161 1124,3164 1074,3166 1024,3167 974,3168 924,3166"/>
          <TextEquiv>
            <Unicode>gewoonte</Unicode>
          </TextEquiv>
        </Word>
        <Word id="word_cf005bfe-c3cd-4396-85f3-02c48eca8208">
          <Coords points="1216,3114 1223,3114 1273,3112 1324,3112 1374,3112 1414,3113 1413,3158 1374,3157 1324,3157 1274,3157 1224,3159 1218,3159"/>
          <TextEquiv>
            <Unicode>souden</Unicode>
          </TextEquiv>
        </Word>
        <Word id="word_43a78e9c-bda1-481a-8cdc-ba7e051951d2">
          <Coords points="1443,3114 1471,3111 1524,3111 1574,3111 1609,3111 1609,3156 1574,3156 1524,3156 1475,3156 1447,3158"/>
          <TextEquiv>
            <Unicode>mogen</Unicode>
          </TextEquiv>
        </Word>
        <Word id="word_5e67b90a-ced4-4e8a-867c-eeac4a349bf9">
          <Coords points="1642,3111 1674,3111 1724,3111 1774,3111 1805,3111 1805,3156 1774,3156 1724,3156 1674,3156 1642,3156"/>
          <TextEquiv>
            <Unicode>comen</Unicode>
          </TextEquiv>
        </Word>
        <Word id="word_d181b37f-b2ae-4221-a26c-cee463d4648c">
          <Coords points="1837,3111 1874,3111 1924,3111 1975,3112 2025,3113 2073,3112 2125,3114 2164,3114 2164,3159 2124,3159 2074,3157 2024,3158 1974,3157 1924,3156 1874,3156 1837,3156"/>
          <TextEquiv>
            <Unicode>besoecken,</Unicode>
          </TextEquiv>
        </Word>
        <Word id="word_b22d4a5d-3ea3-4361-9500-2abf9fa90c5e">
          <Coords points="2195,3114 2223,3113 2273,3112 2294,3112 2294,3157 2274,3157 2224,3158 2197,3159"/>
          <TextEquiv>
            <Unicode>die</Unicode>
          </TextEquiv>
        </Word>
        <Word id="word_8af2555a-e413-4a50-9ded-4f5d5374029d">
          <Coords points="2326,3111 2373,3110 2423,3109 2424,3109 2425,3154 2424,3154 2374,3155 2327,3156"/>
          <TextEquiv>
            <Unicode>ons</Unicode>
          </TextEquiv>
        </Word>
        <Word id="word_2c033972-6922-4dfd-ab14-563716ca4375">
          <Coords points="2457,3108 2473,3108 2522,3107 2523,3152 2474,3153 2458,3153"/>
          <TextEquiv>
            <Unicode>op</Unicode>
          </TextEquiv>
        </Word>
        <Word id="word_179506d8-127f-4652-9c12-f3a709117ba6">
          <Coords points="2555,3106 2573,3106 2623,3105 2674,3105 2723,3104 2750,3103 2751,3148 2724,3149 2674,3150 2624,3150 2574,3151 2555,3151"/>
          <TextEquiv>
            <Unicode>morgen</Unicode>
          </TextEquiv>
        </Word>
        <Word id="word_6ddb0065-f854-4a3b-98fe-ea36ec4f5488">
          <Coords points="2781,3102 2822,3099 2874,3099 2924,3099 2975,3100 3015,3103 3011,3148 2974,3145 2924,3144 2874,3144 2825,3144 2784,3147"/>
          <TextEquiv>
            <Unicode>voorden</Unicode>
          </TextEquiv>
        </Word>
        <TextEquiv conf="0.933539867178168">
          <Unicode>gewoonte souden mogen comen besoecken, die ons op morgen voorden</Unicode>
        </TextEquiv>
        <TextStyle xHeight="37"/>
      </TextLine>
      <TextLine id="line_38c7a5e6-f21c-4405-aa66-719a006f1dc7">
        <Coords points="883,3186 961,3186 977,3170 1663,3169 1691,3189 1743,3207 1920,3207 1920,3282 1671,3285 1620,3313 883,3320"/>
        <Baseline points="920,3283 970,3280 1020,3278 1070,3278 1120,3276 1170,3276 1220,3274 1270,3273 1320,3272 1370,3271 1420,3270 1470,3269 1520,3267 1570,3267 1620,3266 1670,3266 1720,3267 1770,3266 1820,3265 1870,3266 1884,3264"/>
        <Word id="word_abb1ed61-6eb2-4df8-8fd3-34534900c630">
          <Coords points="918,3248 968,3245 1019,3243 1070,3243 1119,3241 1131,3241 1131,3286 1120,3286 1070,3288 1020,3288 971,3290 921,3293"/>
          <TextEquiv>
            <Unicode>middach</Unicode>
          </TextEquiv>
        </Word>
        <Word id="word_fe637e9e-c41e-419e-8219-959f4f115a38">
          <Coords points="1161,3241 1170,3241 1219,3239 1220,3239 1221,3284 1220,3284 1170,3286 1161,3286"/>
          <TextEquiv>
            <Unicode>te</Unicode>
          </TextEquiv>
        </Word>
        <Word id="word_08b0aa7c-2f7c-4018-8e5c-183b5ce0dcb0">
          <Coords points="1251,3238 1269,3238 1319,3237 1369,3236 1419,3235 1469,3234 1519,3232 1523,3232 1523,3277 1520,3277 1470,3279 1420,3280 1370,3281 1320,3282 1270,3283 1252,3283"/>
          <TextEquiv>
            <Unicode>bejegenen</Unicode>
          </TextEquiv>
        </Word>
        <Word id="word_68f78db6-672f-468c-9e8e-1c13959b2cef">
          <Coords points="1553,3232 1570,3232 1619,3231 1670,3231 1721,3232 1769,3231 1819,3230 1871,3231 1879,3229 1885,3274 1870,3276 1820,3275 1770,3276 1720,3277 1670,3276 1620,3276 1570,3277 1553,3277"/>
          <TextEquiv>
            <Unicode>bescheijden</Unicode>
          </TextEquiv>
        </Word>
        <TextEquiv conf="0.8606852827299234">
          <Unicode>middach te bejegenen bescheijden</Unicode>
        </TextEquiv>
        <TextStyle xHeight="43"/>
      </TextLine>
      <TextLine id="line_2c2feb33-9eac-42eb-a1b5-e64174085cb0">
        <Coords points="887,3320 2141,3316 2877,3324 2897,3344 2994,3351 2994,3425 2925,3425 2893,3455 2773,3454 2729,3426 2661,3447 2229,3447 2205,3430 1673,3430 1637,3451 1569,3455 1537,3426 887,3420"/>
        <Baseline points="924,3413 974,3413 1024,3410 1074,3409 1124,3408 1174,3407 1224,3407 1274,3406 1324,3406 1374,3407 1424,3406 1474,3405 1524,3406 1574,3406 1624,3405 1674,3404 1724,3404 1774,3406 1824,3406 1874,3405 1924,3405 1974,3404 2024,3403 2074,3402 2124,3402 2174,3403 2224,3404 2274,3406 2324,3407 2374,3407 2424,3408 2474,3407 2524,3406 2574,3407 2624,3405 2674,3405 2724,3406 2774,3406 2824,3406 2874,3406 2924,3405 2958,3407"/>
        <Word id="word_1c837e64-4529-4d3c-bec3-79b93d78ba29">
          <Coords points="924,3378 974,3378 980,3378 983,3422 974,3423 924,3423"/>
          <TextEquiv>
            <Unicode>op</Unicode>
          </TextEquiv>
        </Word>
        <Word id="word_fd24442e-b236-49b4-b5ef-84130ae21adb">
          <Coords points="1009,3376 1022,3375 1073,3374 1123,3373 1127,3373 1128,3418 1124,3418 1074,3419 1025,3420 1012,3421"/>
          <TextEquiv>
            <Unicode>dato</Unicode>
          </TextEquiv>
        </Word>
        <Word id="word_ecd30a05-698c-409c-8494-3ebdb23cde7b">
          <Coords points="1156,3372 1173,3372 1224,3372 1273,3371 1324,3371 1375,3372 1417,3371 1418,3416 1374,3417 1324,3416 1274,3416 1224,3417 1174,3417 1157,3417"/>
          <TextEquiv>
            <Unicode>versonden</Unicode>
          </TextEquiv>
        </Word>
        <Word id="word_8dd67065-7038-4a69-8bd8-4f9ad8981311">
          <Coords points="1446,3371 1473,3370 1525,3371 1574,3371 1621,3370 1622,3415 1574,3416 1524,3416 1474,3415 1447,3416"/>
          <TextEquiv>
            <Unicode>allick</Unicode>
          </TextEquiv>
        </Word>
        <Word id="word_c049a55c-b3cc-49e9-ac66-57f05368eda2">
          <Coords points="1650,3369 1673,3369 1724,3369 1775,3371 1796,3371 1796,3416 1774,3416 1724,3414 1674,3414 1651,3414"/>
          <TextEquiv>
            <Unicode>achte</Unicode>
          </TextEquiv>
        </Word>
        <Word id="word_6f364cb6-bda4-455e-bca4-cf8b198c9795">
          <Coords points="1824,3371 1873,3370 1924,3370 1969,3369 1970,3414 1924,3415 1874,3415 1825,3416"/>
          <TextEquiv>
            <Unicode>dagen</Unicode>
          </TextEquiv>
        </Word>
        <Word id="word_cc58103d-6ef6-491f-ae43-65974eda632e">
          <Coords points="1998,3369 2023,3368 2073,3367 2086,3367 2086,3412 2074,3412 2024,3413 1999,3413"/>
          <TextEquiv>
            <Unicode>wae</Unicode>
          </TextEquiv>
        </Word>
        <Word id="word_e7a4860e-2c5c-42a3-b1dc-5a85bec27e07">
          <Coords points="2115,3367 2124,3367 2175,3368 2203,3369 2202,3414 2174,3413 2124,3412 2115,3412"/>
          <TextEquiv>
            <Unicode>ons</Unicode>
          </TextEquiv>
        </Word>
        <Word id="word_815b0fd7-2947-43fe-b7d4-f39999a78ebd">
          <Coords points="2233,3369 2276,3371 2325,3372 2374,3372 2425,3373 2463,3372 2464,3417 2424,3418 2374,3417 2324,3417 2274,3416 2231,3414"/>
          <TextEquiv>
            <Unicode>vertreck</Unicode>
          </TextEquiv>
        </Word>
        <Word id="word_22958047-2787-4055-a498-f5d6f4181f52">
          <Coords points="2492,3372 2523,3371 2575,3372 2608,3371 2610,3416 2574,3417 2524,3416 2493,3417"/>
          <TextEquiv>
            <Unicode>uijt</Unicode>
          </TextEquiv>
        </Word>
        <Word id="word_8d3bb56b-ece8-4331-b2c3-2c3db0b9e24e">
          <Coords points="2639,3369 2675,3370 2725,3371 2774,3371 2824,3371 2874,3371 2923,3370 2960,3372 2957,3417 2924,3415 2874,3416 2824,3416 2774,3416 2724,3416 2674,3415 2638,3414"/>
          <TextEquiv>
            <Unicode>nangasachij</Unicode>
          </TextEquiv>
        </Word>
        <TextEquiv conf="0.9050860162120026">
          <Unicode>op dato versonden allick achte dagen wae ons vertreck uijt nangasachij</Unicode>
        </TextEquiv>
        <TextStyle xHeight="40"/>
      </TextLine>
      <TextLine id="c6ae1637-4aed-4df2-8844-052da771c547">
        <Coords points="898,3423 1532,3426 1567,3454 1643,3450 1667,3433 2210,3433 2226,3446 2669,3446 2726,3426 2741,3441 2781,3457 2958,3460 2958,3535 2897,3535 2869,3555 2833,3567 2709,3571 2681,3546 1775,3546 1727,3567 1683,3571 1503,3570 1487,3554 1287,3554 1259,3575 1208,3590 898,3590"/>
        <Baseline points="935,3534 985,3534 1035,3531 1085,3530 1135,3529 1185,3529 1235,3527 1285,3527 1335,3524 1385,3523 1435,3523 1485,3522 1535,3521 1585,3521 1635,3520 1685,3519 1735,3520 1785,3520 1835,3521 1885,3521 1935,3522 1985,3522 2035,3522 2085,3522 2135,3522 2185,3522 2235,3521 2285,3521 2335,3521 2385,3520 2435,3519 2485,3519 2535,3519 2585,3518 2635,3516 2685,3516 2735,3514 2785,3514 2835,3514 2885,3513 2922,3517"/>
        <Word id="word_ddcf4188-ed3e-4b65-a749-fb7fc7f2bf8f">
          <Coords points="935,3499 985,3499 1033,3496 1084,3495 1121,3494 1121,3539 1085,3540 1036,3541 985,3544 935,3544"/>
          <TextEquiv>
            <Unicode>aldaer</Unicode>
          </TextEquiv>
        </Word>
        <Word id="word_2176652c-e7ce-46c8-981f-e70c7c7cf1af">
          <Coords points="1153,3494 1185,3494 1234,3492 1245,3492 1245,3537 1235,3537 1185,3539 1152,3539"/>
          <TextEquiv>
            <Unicode>een</Unicode>
          </TextEquiv>
        </Word>
        <Word id="word_4febf099-9e4a-4c48-be63-eee7bc094f2a">
          <Coords points="1276,3492 1285,3492 1333,3489 1384,3488 1435,3488 1484,3487 1493,3487 1494,3532 1485,3532 1435,3533 1385,3533 1336,3534 1285,3537 1276,3537"/>
          <TextEquiv>
            <Unicode>chinese</Unicode>
          </TextEquiv>
        </Word>
        <Word id="word_93074908-eff0-4d54-b2cb-36044eee864f">
          <Coords points="1524,3486 1534,3486 1585,3486 1634,3485 1679,3484 1680,3529 1635,3530 1585,3531 1535,3531 1525,3531"/>
          <TextEquiv>
            <Unicode>Ionck</Unicode>
          </TextEquiv>
        </Word>
        <Word id="word_291d0945-4d52-4855-8efe-504bdf8fd0fb">
          <Coords points="1713,3484 1737,3485 1785,3485 1836,3486 1885,3486 1936,3487 1985,3487 2022,3487 2022,3532 1985,3532 1935,3532 1885,3531 1835,3531 1785,3530 1734,3530 1710,3528"/>
          <TextEquiv>
            <Unicode>aengecomen</Unicode>
          </TextEquiv>
        </Word>
        <Word id="word_9deed099-d109-493c-ac86-872eefb84500">
          <Coords points="2053,3487 2085,3487 2135,3487 2177,3487 2177,3532 2135,3532 2085,3532 2053,3532"/>
          <TextEquiv>
            <Unicode>was,</Unicode>
          </TextEquiv>
        </Word>
        <Word id="word_97d9564c-b27c-454a-a13a-7329a147fb0f">
          <Coords points="2207,3487 2234,3486 2285,3486 2301,3486 2301,3531 2285,3531 2235,3531 2208,3532"/>
          <TextEquiv>
            <Unicode>ten</Unicode>
          </TextEquiv>
        </Word>
        <Word id="word_63d8ee31-bac5-4af8-aed7-23e7b2e817ab">
          <Coords points="2332,3486 2335,3486 2384,3485 2434,3484 2485,3484 2535,3484 2584,3483 2634,3481 2674,3481 2674,3526 2635,3526 2585,3528 2535,3529 2485,3529 2435,3529 2385,3530 2335,3531 2332,3531"/>
          <TextEquiv>
            <Unicode>principalen</Unicode>
          </TextEquiv>
        </Word>
        <Word id="word_38bb6bbc-d9c9-461f-9333-fa0841a9dd21">
          <Coords points="2702,3481 2733,3479 2785,3479 2835,3479 2884,3478 2926,3482 2921,3527 2885,3523 2835,3524 2785,3524 2736,3524 2705,3526"/>
          <TextEquiv>
            <Unicode>geladen</Unicode>
          </TextEquiv>
        </Word>
        <TextEquiv conf="0.9116007017616531">
          <Unicode>aldaer een chinese Ionck aengecomen was, ten principalen geladen</Unicode>
        </TextEquiv>
        <TextStyle xHeight="42"/>
      </TextLine>
      <TextLine id="line_759cc719-f418-4d8c-ab54-839951d1cf87">
        <Coords points="886,3589 1216,3589 1288,3556 1488,3556 1504,3569 1712,3569 1736,3565 1780,3541 2679,3545 2708,3569 2937,3567 2937,3642 2864,3642 2832,3658 1556,3658 1492,3722 1084,3721 1072,3709 886,3701"/>
        <Baseline points="923,3654 973,3650 1023,3649 1073,3648 1123,3647 1173,3646 1223,3646 1273,3646 1323,3644 1373,3644 1423,3643 1473,3643 1523,3642 1573,3641 1623,3640 1673,3640 1723,3639 1773,3636 1823,3634 1873,3634 1923,3634 1973,3633 2023,3632 2073,3631 2123,3632 2173,3632 2223,3632 2273,3633 2323,3632 2373,3629 2423,3627 2473,3627 2523,3626 2573,3626 2623,3626 2673,3624 2723,3623 2773,3621 2823,3620 2873,3621 2901,3624"/>
        <Word id="word_dd4942c6-7006-4b28-9c77-21ad0ef6a78d">
          <Coords points="920,3619 970,3615 1022,3614 1024,3614 1025,3659 1023,3659 974,3660 924,3664"/>
          <TextEquiv>
            <Unicode>met</Unicode>
          </TextEquiv>
        </Word>
        <Word id="word_3297b002-a135-4d4e-8067-9ada78718522">
          <Coords points="1059,3613 1072,3613 1122,3612 1172,3611 1196,3611 1196,3656 1173,3656 1123,3657 1073,3658 1059,3658"/>
          <TextEquiv>
            <Unicode>250:</Unicode>
          </TextEquiv>
        </Word>
        <Word id="word_268382ba-b5f2-4e4f-b25f-eca7cc2c69c0">
          <Coords points="1230,3611 1264,3611 1264,3656 1230,3656"/>
          <TextEquiv>
            <Unicode>a</Unicode>
          </TextEquiv>
        </Word>
        <Word id="word_054b75fc-89b0-464a-af7f-339e623bec04">
          <Coords points="1295,3611 1320,3609 1373,3609 1422,3608 1434,3608 1434,3653 1423,3653 1373,3654 1324,3654 1299,3656"/>
          <TextEquiv>
            <Unicode>300:</Unicode>
          </TextEquiv>
        </Word>
        <Word id="word_20d773e3-175f-49fa-bac9-a1750ab8370a">
          <Coords points="1469,3608 1473,3608 1522,3607 1570,3606 1571,3651 1523,3652 1473,3653 1469,3653"/>
          <TextEquiv>
            <Unicode>d=o</Unicode>
          </TextEquiv>
        </Word>
        <Word id="word_a3bfedda-810a-4bd9-a40b-93bc4895cc42">
          <Coords points="1604,3605 1622,3605 1673,3605 1722,3604 1771,3601 1774,3601 1776,3646 1774,3646 1723,3649 1673,3650 1623,3650 1605,3650"/>
          <TextEquiv>
            <Unicode>rouwe</Unicode>
          </TextEquiv>
        </Word>
        <Word id="word_c9babde4-d342-4203-8b9a-d6bd57de8bf6">
          <Coords points="1808,3600 1822,3599 1873,3599 1923,3599 1972,3598 2014,3597 2015,3642 1973,3643 1923,3644 1873,3644 1823,3644 1810,3645"/>
          <TextEquiv>
            <Unicode>sijde,</Unicode>
          </TextEquiv>
        </Word>
        <Word id="word_b89ff525-a6cc-404f-8a4b-bddb123ba49d">
          <Coords points="2048,3596 2072,3596 2124,3597 2173,3597 2223,3597 2254,3598 2253,3643 2223,3642 2173,3642 2123,3642 2073,3641 2049,3641"/>
          <TextEquiv>
            <Unicode>sonder</Unicode>
          </TextEquiv>
        </Word>
        <Word id="word_a616cf1b-568c-4629-bc9c-af041e577a07">
          <Coords points="2286,3598 2322,3597 2371,3594 2422,3592 2424,3592 2424,3637 2423,3637 2374,3639 2323,3642 2288,3643"/>
          <TextEquiv>
            <Unicode>Gesl</Unicode>
          </TextEquiv>
        </Word>
        <Word id="word_96090388-b670-4259-8ea4-6ba7f415ab82">
          <Coords points="2458,3592 2473,3592 2522,3591 2573,3591 2594,3591 2594,3636 2573,3636 2523,3636 2473,3637 2458,3637"/>
          <TextEquiv>
            <Unicode>ofte</Unicode>
          </TextEquiv>
        </Word>
        <Word id="word_10d6fba8-1511-4b04-98cd-582ad4410b85">
          <Coords points="2627,3591 2671,3589 2722,3588 2772,3586 2822,3585 2874,3586 2905,3589 2900,3634 2873,3631 2823,3630 2773,3631 2723,3633 2673,3634 2629,3636"/>
          <TextEquiv>
            <Unicode>weijnich</Unicode>
          </TextEquiv>
        </Word>
        <TextEquiv conf="0.9099987288164725">
          <Unicode>met 250: a 300: d=o rouwe sijde, sonder Gesl ofte weijnich</Unicode>
        </TextEquiv>
        <TextStyle xHeight="42"/>
      </TextLine>
      <TextLine id="line_8b5be9e5-f6c2-412d-aad8-1569c62750b0">
        <Coords points="886,3716 1076,3711 1084,3719 1124,3723 1487,3724 1555,3661 2693,3661 3002,3654 3002,3729 2897,3729 2889,3737 2781,3740 2743,3771 2170,3772 2150,3788 2006,3788 1946,3807 1555,3807 1311,3802 1267,3798 1260,3791 886,3791"/>
        <Baseline points="923,3765 973,3766 1023,3765 1073,3766 1123,3765 1173,3765 1223,3765 1273,3766 1323,3765 1373,3765 1423,3764 1473,3763 1523,3763 1573,3764 1623,3763 1673,3763 1723,3763 1773,3763 1823,3763 1873,3761 1923,3759 1973,3758 2023,3758 2073,3757 2123,3755 2173,3754 2223,3753 2273,3753 2323,3752 2373,3749 2423,3745 2473,3744 2523,3743 2573,3741 2623,3739 2673,3736 2723,3734 2773,3732 2823,3729 2873,3725 2923,3719 2966,3711"/>
        <Word id="word_203d0d74-3f8a-4058-9340-efc4ce68f7c9">
          <Coords points="924,3730 974,3731 1022,3730 1074,3731 1114,3730 1115,3775 1073,3776 1023,3775 973,3776 923,3775"/>
          <TextEquiv>
            <Unicode>andere</Unicode>
          </TextEquiv>
        </Word>
        <Word id="word_1c8b28cb-5319-497a-84c2-1c5e25112c52">
          <Coords points="1147,3730 1174,3730 1223,3730 1274,3731 1322,3730 1373,3730 1422,3729 1472,3728 1523,3728 1574,3729 1622,3728 1626,3728 1626,3773 1623,3773 1573,3774 1523,3773 1473,3773 1423,3774 1373,3775 1323,3775 1273,3776 1223,3775 1173,3775 1146,3775"/>
          <TextEquiv>
            <Unicode>coopmanschappen</Unicode>
          </TextEquiv>
        </Word>
        <Word id="word_c8cac0b6-a4d0-4a52-9621-cc8cb1421474">
          <Coords points="1658,3728 1673,3728 1723,3728 1773,3728 1786,3728 1786,3773 1773,3773 1723,3773 1673,3773 1658,3773"/>
          <TextEquiv>
            <Unicode>mede</Unicode>
          </TextEquiv>
        </Word>
        <Word id="word_3bfaf7b8-1d12-4b69-9564-1abd47738d2f">
          <Coords points="1818,3728 1823,3728 1872,3726 1922,3724 1972,3723 2023,3723 2072,3722 2072,3722 2074,3767 2073,3767 2023,3768 1973,3768 1923,3769 1873,3771 1823,3773 1818,3773"/>
          <TextEquiv>
            <Unicode>gebracht</Unicode>
          </TextEquiv>
        </Word>
        <Word id="word_6d9be288-ba6e-4003-b7e2-d8ff9cc7ceed">
          <Coords points="2104,3721 2122,3720 2168,3719 2169,3764 2123,3765 2106,3766"/>
          <TextEquiv>
            <Unicode>te</Unicode>
          </TextEquiv>
        </Word>
        <Word id="word_e2c12d54-0d2b-4176-a047-23c769b9f7ef">
          <Coords points="2200,3718 2222,3718 2273,3718 2322,3717 2371,3714 2420,3710 2424,3710 2425,3755 2424,3755 2374,3759 2323,3762 2273,3763 2223,3763 2201,3763"/>
          <TextEquiv>
            <Unicode>hebben,</Unicode>
          </TextEquiv>
        </Word>
        <Word id="word_e559b45d-a375-40f5-90ba-e96352e766ed">
          <Coords points="2456,3709 2472,3709 2522,3708 2572,3706 2615,3704 2616,3749 2573,3751 2523,3753 2473,3754 2457,3754"/>
          <TextEquiv>
            <Unicode>sulcx</Unicode>
          </TextEquiv>
        </Word>
        <Word id="word_1d8a6ce6-79d7-41b7-9241-f03524ae60cd">
          <Coords points="2645,3703 2670,3701 2722,3699 2742,3698 2744,3743 2723,3744 2674,3746 2649,3748"/>
          <TextEquiv>
            <Unicode>mes</Unicode>
          </TextEquiv>
        </Word>
        <Word id="word_fc7f5e40-00b1-40c9-8a7d-ba95e1460647">
          <Coords points="2773,3697 2821,3694 2870,3690 2919,3684 2960,3677 2968,3721 2924,3729 2874,3735 2824,3739 2776,3742"/>
          <TextEquiv>
            <Unicode>expres</Unicode>
          </TextEquiv>
        </Word>
        <TextEquiv conf="0.9611433946162176">
          <Unicode>andere coopmanschappen mede gebracht te hebben, sulcx mes expres</Unicode>
        </TextEquiv>
        <TextStyle xHeight="33"/>
      </TextLine>
      <TextLine id="d32f86d6-88de-4855-864e-24e42dfa8a17">
        <Coords points="886,3790 1260,3790 1268,3798 1312,3802 1552,3807 1948,3807 2007,3787 2151,3787 2171,3771 2746,3770 2763,3758 2951,3758 2971,3778 3052,3776 3052,3851 2991,3851 2963,3866 2855,3866 2784,3933 2763,3926 2748,3940 2651,3932 2607,3897 2375,3893 2139,3893 2095,3929 2023,3953 1884,3952 1856,3924 1064,3925 1052,3937 886,3937"/>
        <Baseline points="923,3896 973,3895 1023,3894 1073,3894 1123,3894 1173,3892 1223,3891 1273,3890 1323,3889 1373,3887 1423,3886 1473,3885 1523,3883 1573,3882 1623,3882 1673,3882 1723,3881 1773,3881 1823,3880 1873,3880 1923,3879 1973,3878 2023,3878 2073,3877 2123,3875 2173,3874 2223,3873 2273,3871 2323,3869 2373,3867 2423,3864 2473,3862 2523,3859 2573,3856 2623,3855 2673,3852 2723,3849 2773,3845 2823,3844 2873,3841 2923,3838 2973,3836 3016,3833"/>
        <Word id="word_ceae7d42-9e10-4af8-b548-4ead54e5c13e">
          <Coords points="922,3861 972,3860 1022,3859 1073,3859 1123,3859 1172,3857 1199,3856 1200,3901 1173,3902 1123,3904 1073,3904 1023,3904 973,3905 923,3906"/>
          <TextEquiv>
            <Unicode>schrijven</Unicode>
          </TextEquiv>
        </Word>
        <Word id="word_3b836445-9a55-4132-adfb-1300d16ff157">
          <Coords points="1230,3856 1272,3855 1322,3854 1372,3852 1422,3851 1472,3850 1476,3850 1478,3895 1473,3895 1423,3896 1373,3897 1323,3899 1273,3900 1231,3901"/>
          <TextEquiv>
            <Unicode>overland</Unicode>
          </TextEquiv>
        </Word>
        <Word id="word_eae0dfed-2a69-4cd5-a0ec-6bcab14c5ba2">
          <Coords points="1507,3849 1522,3848 1572,3847 1623,3847 1673,3847 1722,3846 1773,3846 1822,3845 1847,3845 1847,3890 1823,3890 1773,3891 1723,3891 1673,3892 1623,3892 1573,3892 1523,3893 1508,3894"/>
          <TextEquiv>
            <Unicode>geadviseert</Unicode>
          </TextEquiv>
        </Word>
        <Word id="word_e10171a8-368a-4b3a-9c76-7623fc211594">
          <Coords points="1877,3845 1922,3844 1972,3843 2001,3843 2001,3888 1973,3888 1923,3889 1878,3890"/>
          <TextEquiv>
            <Unicode>was,</Unicode>
          </TextEquiv>
        </Word>
        <Word id="word_7c338fc3-3df2-4a0b-9b2d-b0f1798949f6">
          <Coords points="2031,3843 2072,3842 2122,3840 2172,3839 2222,3838 2272,3836 2322,3834 2338,3833 2340,3878 2323,3879 2273,3881 2223,3883 2173,3884 2123,3885 2073,3887 2032,3888"/>
          <TextEquiv>
            <Unicode>dierhalven</Unicode>
          </TextEquiv>
        </Word>
        <Word id="word_80a211ba-8741-4fa1-b28e-96a14bb02128">
          <Coords points="2369,3832 2372,3832 2421,3829 2430,3829 2432,3874 2424,3874 2373,3877 2371,3877"/>
          <TextEquiv>
            <Unicode>de</Unicode>
          </TextEquiv>
        </Word>
        <Word id="word_c0e8e082-daf0-40f1-8ffe-dfef81bb55f9">
          <Coords points="2461,3827 2472,3827 2521,3824 2571,3821 2616,3820 2616,3865 2574,3866 2524,3869 2473,3872 2463,3872"/>
          <TextEquiv>
            <Unicode>zijde</Unicode>
          </TextEquiv>
        </Word>
        <Word id="word_ebce7e2e-5a27-46b4-9c89-aea3cd0be711">
          <Coords points="2644,3820 2670,3817 2721,3814 2767,3810 2771,3855 2724,3859 2674,3862 2648,3864"/>
          <TextEquiv>
            <Unicode>rede</Unicode>
          </TextEquiv>
        </Word>
        <Word id="word_9bc2b7d8-8f86-4dc6-8ca7-039d7c7a58aa">
          <Coords points="2802,3808 2825,3809 2871,3806 2891,3805 2893,3850 2874,3851 2822,3854 2800,3853"/>
          <TextEquiv>
            <Unicode>30:</Unicode>
          </TextEquiv>
        </Word>
        <Word id="word_11375a0f-2a38-4fc7-be35-016d9223ebd4">
          <Coords points="2922,3803 2972,3801 3013,3798 3017,3843 2973,3846 2924,3848"/>
          <TextEquiv>
            <Unicode>ten</Unicode>
          </TextEquiv>
        </Word>
        <TextEquiv conf="0.9155598682339414">
          <Unicode>schrijven overland geadviseert was, dierhalven de zijde rede 30: ten</Unicode>
        </TextEquiv>
        <TextStyle xHeight="43"/>
      </TextLine>
      <TextLine id="a893f819-1499-4800-83e0-4d407cfe0b7e">
        <Coords points="892,3943 1042,3939 1066,3926 1857,3926 1885,3953 2009,3954 2077,3939 2137,3894 2608,3898 2636,3926 2656,3934 2748,3939 2800,3894 3033,3893 3033,3968 3013,3959 2988,3984 2852,3984 2840,3975 2445,3984 2413,3988 2369,4028 2301,4028 2289,4019 1202,4020 1186,4036 982,4036 942,4075 892,4079"/>
        <Baseline points="929,4017 979,4019 1029,4018 1079,4016 1129,4014 1179,4012 1229,4010 1279,4008 1329,4007 1379,4006 1429,4005 1479,4003 1529,4001 1579,4000 1629,3999 1679,3998 1729,3996 1779,3993 1829,3991 1879,3991 1929,3989 1979,3988 2029,3989 2079,3989 2129,3989 2179,3988 2229,3986 2279,3985 2329,3983 2379,3981 2429,3978 2479,3976 2529,3973 2579,3971 2629,3969 2679,3965 2729,3962 2779,3958 2829,3955 2879,3953 2929,3951 2979,3950 2997,3950"/>
        <Word id="word_d99a2694-efdf-4d6e-8e98-53ab749454f8">
          <Coords points="930,3982 980,3984 1028,3983 1078,3981 1128,3979 1141,3979 1142,4023 1129,4024 1079,4026 1029,4028 979,4029 929,4027"/>
          <TextEquiv>
            <Unicode>hondert</Unicode>
          </TextEquiv>
        </Word>
        <Word id="word_b05fcaff-bf95-4aca-83dd-ad0eb0a6bf7d">
          <Coords points="1171,3977 1178,3977 1228,3975 1278,3973 1328,3972 1378,3971 1385,3971 1385,4016 1379,4016 1329,4017 1279,4018 1229,4020 1179,4022 1173,4022"/>
          <TextEquiv>
            <Unicode>gedaalt</Unicode>
          </TextEquiv>
        </Word>
        <Word id="word_64d089e1-6bb8-4535-bf16-db8849a6e624">
          <Coords points="1415,3970 1428,3970 1475,3968 1477,4013 1429,4015 1416,4015"/>
          <TextEquiv>
            <Unicode>so</Unicode>
          </TextEquiv>
        </Word>
        <Word id="word_2237c366-b8f3-42f7-b43e-8b5cca3233f5">
          <Coords points="1506,3967 1528,3966 1578,3965 1628,3964 1658,3963 1659,4008 1629,4009 1579,4010 1529,4011 1507,4012"/>
          <TextEquiv>
            <Unicode>waren</Unicode>
          </TextEquiv>
        </Word>
        <Word id="word_644f09fd-20d6-4c59-b59b-e1b3b97b331f">
          <Coords points="1688,3963 1727,3961 1777,3958 1779,3958 1781,4003 1780,4003 1729,4006 1690,4008"/>
          <TextEquiv>
            <Unicode>ooc</Unicode>
          </TextEquiv>
        </Word>
        <Word id="word_deb18b5c-399c-41be-b806-4c94259d5af6">
          <Coords points="1810,3957 1828,3956 1872,3956 1872,4001 1829,4001 1811,4002"/>
          <TextEquiv>
            <Unicode>de</Unicode>
          </TextEquiv>
        </Word>
        <Word id="word_5a522c20-9cb4-4f50-b742-ca33fd20f349">
          <Coords points="1900,3956 1926,3954 1978,3953 2030,3954 2079,3954 2129,3954 2178,3953 2228,3951 2278,3950 2328,3948 2357,3947 2359,3992 2329,3993 2279,3995 2229,3996 2179,3998 2129,3999 2079,3999 2029,3999 1979,3998 1930,3999 1903,4001"/>
          <TextEquiv>
            <Unicode>Coopmanschappen</Unicode>
          </TextEquiv>
        </Word>
        <Word id="word_0e4475b4-caaa-4702-a5cb-273b046dc647">
          <Coords points="2387,3946 2427,3943 2478,3941 2478,3941 2481,3986 2479,3986 2430,3988 2390,3991"/>
          <TextEquiv>
            <Unicode>bij</Unicode>
          </TextEquiv>
        </Word>
        <Word id="word_dd249edf-cf58-4ff9-a64e-0c29b2135826">
          <Coords points="2509,3939 2527,3938 2570,3936 2572,3981 2530,3983 2511,3984"/>
          <TextEquiv>
            <Unicode>de</Unicode>
          </TextEquiv>
        </Word>
        <Word id="word_0594b455-b378-47db-ba6a-89e5eed0ac8d">
          <Coords points="2601,3935 2628,3934 2676,3930 2727,3927 2776,3923 2782,3923 2785,3968 2780,3968 2730,3972 2680,3975 2629,3979 2602,3980"/>
          <TextEquiv>
            <Unicode>Comp:e</Unicode>
          </TextEquiv>
        </Word>
        <Word id="word_46a9eb8d-a4aa-4f6d-ba98-97b92fe8eff5">
          <Coords points="2812,3921 2827,3920 2878,3918 2928,3916 2978,3915 2997,3915 2997,3960 2979,3960 2929,3961 2879,3963 2830,3965 2815,3966"/>
          <TextEquiv>
            <Unicode>Iongst</Unicode>
          </TextEquiv>
        </Word>
        <TextEquiv conf="0.9204275822329572">
          <Unicode>hondert gedaalt so waren ooc de Coopmanschappen bij de Comp:e Iongst</Unicode>
        </TextEquiv>
        <TextStyle xHeight="34"/>
      </TextLine>
      <TextLine id="line_10388c56-648f-43a2-8f69-e47887b65d6b">
        <Coords points="894,4077 940,4077 980,4038 1180,4038 1204,4018 2287,4017 2299,4026 2375,4026 2415,3987 2714,3974 2838,3974 2854,3989 2874,3989 2894,4006 3023,4004 3023,4079 2998,4079 2990,4087 2890,4087 2882,4095 2582,4095 2510,4166 1495,4165 1463,4174 894,4174"/>
        <Baseline points="931,4146 981,4144 1031,4141 1081,4139 1131,4137 1181,4135 1231,4133 1281,4130 1331,4126 1381,4125 1431,4123 1481,4121 1531,4118 1581,4116 1631,4115 1681,4116 1731,4116 1781,4115 1831,4113 1881,4112 1931,4112 1981,4110 2031,4108 2081,4107 2131,4105 2181,4104 2231,4101 2281,4099 2331,4096 2381,4094 2431,4092 2481,4090 2531,4086 2581,4083 2631,4080 2681,4077 2731,4075 2781,4073 2831,4070 2881,4068 2931,4065 2981,4063 2987,4061"/>
        <Word id="word_ae7098b5-3b27-4d42-a305-fcff9f503b88">
          <Coords points="930,4111 980,4109 1029,4106 1080,4104 1085,4104 1087,4149 1081,4149 1032,4151 981,4154 931,4156"/>
          <TextEquiv>
            <Unicode>aende</Unicode>
          </TextEquiv>
        </Word>
        <Word id="word_7e52cbff-af89-4f23-b10a-1859f2c3b370">
          <Coords points="1117,4103 1130,4102 1180,4100 1230,4098 1272,4096 1274,4140 1231,4143 1181,4145 1131,4147 1118,4148"/>
          <TextEquiv>
            <Unicode>marct</Unicode>
          </TextEquiv>
        </Word>
        <Word id="word_2922b1be-ba07-459c-8e85-f57d697dd0c8">
          <Coords points="1301,4094 1328,4091 1380,4090 1430,4088 1480,4086 1529,4083 1553,4082 1554,4127 1532,4128 1481,4131 1431,4133 1381,4135 1332,4136 1306,4139"/>
          <TextEquiv>
            <Unicode>gebracht</Unicode>
          </TextEquiv>
        </Word>
        <Word id="word_7eab2a29-9f49-4a4b-835d-cb1035572fcd">
          <Coords points="1585,4081 1630,4080 1648,4080 1647,4125 1631,4125 1585,4126"/>
          <TextEquiv>
            <Unicode>er</Unicode>
          </TextEquiv>
        </Word>
        <Word id="word_dd2997e1-0292-4b65-8de7-2c0baed9f518">
          <Coords points="1679,4081 1682,4081 1731,4081 1780,4080 1830,4078 1880,4077 1931,4077 1958,4076 1960,4121 1931,4122 1881,4122 1831,4123 1781,4125 1731,4126 1681,4126 1679,4126"/>
          <TextEquiv>
            <Unicode>vercocht,</Unicode>
          </TextEquiv>
        </Word>
        <Word id="word_4a537e93-5bb6-4d33-bb79-8532f5d676bf">
          <Coords points="1989,4075 2030,4073 2080,4072 2130,4070 2180,4069 2229,4066 2280,4064 2329,4061 2380,4059 2394,4058 2396,4103 2381,4104 2332,4106 2281,4109 2232,4111 2181,4114 2131,4115 2081,4117 2031,4118 1991,4120"/>
          <TextEquiv>
            <Unicode>gemeralijcken</Unicode>
          </TextEquiv>
        </Word>
        <Word id="word_cf63240a-ca8d-46fe-98fc-643c32dee932">
          <Coords points="2425,4057 2430,4057 2480,4055 2486,4054 2490,4099 2481,4100 2431,4102 2427,4102"/>
          <TextEquiv>
            <Unicode>5:</Unicode>
          </TextEquiv>
        </Word>
        <Word id="word_48802bb8-6089-4e74-b762-0e18f702458e">
          <Coords points="2517,4052 2528,4051 2579,4048 2629,4045 2679,4042 2730,4040 2768,4038 2770,4083 2731,4085 2682,4087 2632,4090 2582,4093 2532,4096 2521,4097"/>
          <TextEquiv>
            <Unicode>prcento</Unicode>
          </TextEquiv>
        </Word>
        <Word id="word_340ae267-b52a-4e7a-8b17-67ef1778f6ad">
          <Coords points="2798,4037 2828,4035 2880,4033 2929,4030 2976,4028 2980,4028 2990,4070 2981,4073 2932,4075 2881,4078 2832,4080 2801,4082"/>
          <TextEquiv>
            <Unicode>affge</Unicode>
          </TextEquiv>
        </Word>
        <TextEquiv conf="0.9165218954105457">
          <Unicode>aende marct gebracht er vercocht, gemeralijcken 5: prcento affge</Unicode>
        </TextEquiv>
        <TextStyle xHeight="47"/>
      </TextLine>
    </TextRegion>
    <TextRegion id="region_1f5786ae-6154-4119-b8e3-69168d34d856_1" custom="structure {type:paragraph;}">
      <Coords points="810,2563 804,2563 800,2567 770,2567 767,2570 756,2570 753,2573 746,2573 746,2577 740,2583 740,2587 743,2590 743,2594 746,2597 746,2600 760,2600 763,2604 770,2604 773,2607 780,2607 783,2604 807,2604 804,2604 797,2597 797,2594 794,2590 794,2583 797,2580 797,2577"/>
    </TextRegion>
    <TextRegion id="region_53a12618-8148-4b63-b806-c9aeabfe7cf3_4" custom="structure {type:catch-word;}">
      <Coords points="2371,4269 2374,4272 2374,4282 2377,4285 2377,4289 2381,4292 2381,4296 2388,4302 2391,4302 2394,4306 2404,4306 2408,4309 2455,4309 2458,4306 2475,4306 2479,4302 2489,4302 2492,4299 2499,4299 2502,4296 2506,4296 2509,4292 2519,4292 2523,4289 2536,4289 2539,4285 2587,4285 2590,4282 2607,4282 2610,4279 2641,4279 2644,4275 2681,4275 2685,4272 2698,4272 2702,4269 2712,4269 2715,4265 2722,4265 2725,4262 2729,4262 2735,4255 2735,4252 2739,4248 2739,4231 2732,4225 2732,4221 2725,4215 2725,4211 2695,4181 2691,4181 2688,4177 2685,4177 2681,4174 2675,4174 2671,4171 2658,4171 2654,4167 2560,4167 2556,4171 2512,4171 2509,4167 2472,4167 2469,4164 2462,4164 2458,4167 2435,4167 2431,4171 2421,4171 2418,4174 2415,4174 2411,4177 2404,4177 2401,4181 2398,4181 2388,4191 2388,4194 2384,4198 2384,4201 2381,4204 2381,4211 2377,4215 2377,4218 2374,4221 2374,4231 2371,4235"/>
      <TextLine id="line_34c0b4ec-591e-4386-904b-16b4e606e781">
        <Coords points="2359,4178 2624,4178 2644,4191 2769,4191 2769,4266 2596,4266 2517,4335 2453,4359 2432,4342 2359,4343"/>
        <Baseline points="2396,4251 2446,4255 2496,4254 2546,4253 2596,4250 2646,4248 2696,4246 2733,4248"/>
        <Word id="word_59478053-94ec-4c1a-8f01-5746c53471e3">
          <Coords points="2399,4216 2449,4220 2495,4219 2545,4218 2594,4215 2645,4213 2695,4211 2735,4213 2732,4258 2696,4256 2646,4258 2597,4260 2546,4263 2496,4264 2445,4265 2395,4261"/>
          <TextEquiv>
            <Unicode>slagen</Unicode>
          </TextEquiv>
        </Word>
        <TextEquiv conf="0.9925973689125087">
          <Unicode>slagen</Unicode>
        </TextEquiv>
        <TextStyle xHeight="37"/>
      </TextLine>
    </TextRegion>
    <TextRegion id="region_79d8564e-77c9-4a67-8a99-1a85d8ddf0cb">
      <Coords points="2749,4246 2781,4246 2781,4252 2749,4252"/>
      <TextLine id="a9ab2ebb-0b60-44e7-8327-b1ccb785c0bd">
        <Coords points="2716,4192 2815,4192 2815,4267 2716,4267"/>
        <Baseline points="2753,4249 2779,4249"/>
        <Word id="word_767ada29-3634-447d-b948-a0b5c38a2090">
          <Coords points="2753,4214 2779,4214 2779,4259 2753,4259"/>
          <TextEquiv>
            <Unicode>-</Unicode>
          </TextEquiv>
        </Word>
        <TextEquiv conf="0.9244992136955261">
          <Unicode>-</Unicode>
        </TextEquiv>
        <TextStyle xHeight="28"/>
      </TextLine>
    </TextRegion>
  </Page>
</PcGts>
