3567 4801
2773 505 2961 563 945

603 508 881 572 april
935 507 1044 555 Ao
1095 501 1316 551 1646

952 688 1061 741 uijt
1088 688 1168 734 228
1194 682 1354 733 packen
1380 680 1620 726 dweersche
1647 680 1913 726 sorteringe
1940 681 2101 729 cleden
2126 684 2286 734 222293
2312 688 2366 734 lb
2393 687 2792 734 geriffineerden,
2818 683 3032 734 salpeter

979 783 1134 839 68000
1163 780 1225 827 lb
1254 775 1376 823 rijs
1406 773 1528 821 ende
1558 773 1711 820 20400
1740 773 1801 819 lb
1832 773 2014 820 Nillij
2044 775 2349 821 monterende
2378 776 2591 825 t'samen
2622 780 2653 825 f
2681 768 3017 826 86820„10„14

957 883 1066 935 daer
1093 881 1173 928 met
1199 877 1360 925 become
1387 876 1574 922 missive
1600 875 1761 922 vanden
1787 875 2108 923 oppercoopman
2134 878 2241 924 S.:r
2268 876 2455 923 martius
2481 873 2695 922 d'Vroede
2719 864 2986 918 gedateert

960 999 1014 1048 9.
1036 996 1064 1042 e
1087 989 1215 1039 meert
1239 985 1417 1033 daerbij
1441 983 1568 1029 onder
1593 981 1769 1029 anderen
1795 979 1996 1026 vernemen
2021 979 2098 1025 hoe
2122 980 2274 1027 aldaer
2299 983 2727 1031 Waerschijnelijcke
2752 974 2979 1029 geruchten

963 1106 1122 1159 liepen
1147 1102 1227 1150 sen
1252 1098 1463 1146 Coninckt
1486 1094 1726 1143 gouvernij
1752 1093 1831 1139 Van
1856 1092 2015 1139 Oricxa
2040 1091 2120 1137 den
2146 1090 2277 1136 prins
2304 1090 2435 1136 soude
2461 1091 2619 1138 hebben
2645 1087 2909 1138 afgenomen,

963 1222 1072 1272 ende
1098 1218 1181 1266 den
1205 1214 1343 1261 Nabab
1369 1209 1586 1258 matschan
1611 1207 1883 1253 afgesonden
1910 1206 2073 1252 heeft,
2099 1206 2181 1252 den
2208 1205 2533 1252 oppercoopman
2559 1204 2614 1250 Sr
2638 1197 2803 1251 Thomas
2830 1195 2993 1242 Cuijck

960 1333 1112 1384 hadde
1141 1332 1172 1377 2
1202 1325 1414 1376 Couwels
1445 1321 1749 1370 daerinnede
1778 1319 2051 1367 Compagnie
2081 1319 2143 1366 de
2171 1317 2354 1366 tollen
2384 1316 2475 1362 soo
2505 1313 2658 1361 opden
2687 1312 2840 1360 Wegh—

963 1454 1054 1505 van
1083 1445 1289 1497 pixelij
1317 1442 1406 1489 tot
1434 1439 1640 1487 Pattana
1669 1436 1758 1483 Als
1786 1434 1875 1481 van
1904 1431 2022 1478 daer
2051 1431 2139 1476 tot
2167 1428 2344 1476 onglij
2373 1428 2462 1474 soo
2490 1427 2579 1474 wel
2608 1426 2667 1472 in
2696 1423 2755 1470 't
2784 1419 2902 1467 gaen
2930 1416 3043 1464 als

954 1566 1152 1619 afcomen
1178 1562 1292 1611 sijn
1319 1555 1628 1607 gelargeert,
1655 1549 1880 1599 becomen,
1908 1548 2077 1594 doende
2104 1547 2188 1594 den
2215 1543 2384 1592 prince
2412 1535 2693 1587 daernevens
2720 1532 2804 1578 een
2832 1530 2944 1577 paer

936 1683 1168 1743 vereeren

781 1824 874 1882 Oij
901 1818 989 1865 d.o
1015 1806 1278 1861 vertreckt
1304 1802 1366 1851 p:
1393 1800 1423 1846 r
1452 1795 1626 1843 thonij
1654 1790 1771 1840 naer
1799 1789 1858 1835 h.
1886 1786 2032 1835 Thome
2060 1783 2148 1831 den
2176 1775 2524 1827 onderCoopman
2553 1773 2698 1820 Arent
2726 1768 2814 1817 Van
2843 1767 2930 1812 hol

957 1905 1045 1953 tot
1072 1899 1277 1948 procure
1304 1897 1392 1943 van
1421 1892 1971 1943 dweerschesorteringe
2000 1891 2087 1937 van
2114 1890 2291 1937 Cleden

775 2050 894 2108 Aij7
915 2040 1035 2090 d.o.
1059 2029 1347 2082 verschyndt
1374 2030 1546 2077 alhier
1573 2026 1803 2075 teerhede
1829 2025 1916 2072 een
1944 2023 2200 2070 scheepken
2229 2022 2315 2068 van
2341 2021 2656 2068 Tannasserij
2684 2014 2907 2066 beladen

952 2145 1035 2192 met
1062 2140 1173 2187 ustr
1198 2130 1476 2183 Oliphanten
1502 2124 1669 2174 sijnde
1695 2121 1779 2168 een
1806 2121 1862 2167 d.
1888 2121 1917 2166 o
1944 2120 1999 2166 op
2027 2120 2110 2165 den
2137 2118 2248 2165 wegh
2275 2118 2524 2165 gestorven
2550 2120 2661 2167 Item
2689 2119 2772 2167 500
2797 2117 3047 2163 parrarijs

963 2245 997 2291 5
1030 2239 1197 2291 bhaer
1229 2232 1466 2284 suycker
1496 2229 1566 2276 en
1598 2229 1633 2275 3
1664 2225 1833 2273 bhaer
1865 2218 1969 2270 was

751 2402 810 2452 Aj
833 2393 921 2444 8d.
942 2388 975 2434 o
1002 2382 1112 2434 niet
1139 2374 1445 2426 sonderlingh
1471 2370 1527 2417 s'
1554 2365 1886 2414 voorgevallen
1914 2365 2080 2410 sijnde
2107 2364 2163 2410 't
2190 2361 2357 2409 bovens
2383 2356 2688 2406 tamasserijs
2715 2350 2974 2401 scheepken

948 2487 1041 2539 van
1070 2486 1100 2531 2
1129 2482 1220 2531 str
1249 2472 1548 2526 oliphanten
1577 2469 1697 2516 ende
1725 2466 1936 2514 alleden
1965 2465 2086 2513 rijs
2115 2468 2145 2513 E
2174 2467 2384 2516 ontlost
2413 2465 2682 2514 geworden,
2709 2463 2772 2511 en
2800 2452 3040 2507 desselfs

949 2584 1148 2637 Nachoda
1173 2574 1460 2628 voornemens
1487 2572 1574 2618 met
1600 2571 1658 2618 't
1687 2567 1913 2616 resteren
1942 2567 2027 2613 soo
2055 2567 2169 2613 drae
2196 2563 2454 2612 mogelijck
2480 2565 2594 2613 naer
2620 2556 2935 2610 Masulipatam
2961 2560 2992 2606 —

943 2695 1007 2746 te
1034 2674 1340 2738 vertrecken

728 2871 782 2917 An
802 2862 859 2912 9.
879 2850 962 2906 d.o
986 2840 1245 2892 verschyndt
1271 2836 1427 2885 alhier
1452 2835 1530 2881 ter
1556 2833 1687 2880 rhede
1712 2834 1764 2879 't
1789 2833 1971 2879 Moorsch
1995 2832 2126 2879 schip
2152 2832 2230 2877 van
2255 2833 2283 2878 S
2307 2834 2359 2880 r.
2384 2832 2619 2880 Mangelijs
2643 2833 2722 2881 van
2748 2835 2955 2881 Arraxcan

950 2957 1090 3013 synde
1115 2949 1310 3000 beladen
1335 2946 1419 2993 met
1446 2945 1501 2991 13
1525 2941 1612 2989 stx
1638 2939 1913 2987 oliphanten
1940 2939 2051 2986 ende
2077 2938 2407 2986 weijnichhijs
2434 2937 2626 2984 Comende
2653 2936 2736 2981 den
2763 2936 2818 2981 en
2845 2935 3020 2984 genaek

961 3071 1044 3122 toe
1067 3068 1097 3115 5
1121 3062 1202 3110 den
1226 3055 1439 3105 Conincke
1463 3052 1545 3101 Van
1571 3049 1756 3097 arracan
1782 3048 1809 3094 2
1834 3049 1941 3095 Item
1967 3049 2046 3094 een
2072 3047 2152 3094 den
2178 3045 2495 3092 Mundtmeester
2521 3044 2627 3091 ende
2653 3044 2733 3089 den
2759 3041 2918 3089 lesten
2944 3040 3025 3086 een

956 3178 1105 3234 Mooge
1131 3172 1193 3222 In
1220 3167 1425 3215 arracan
1454 3166 1571 3212 daer
1599 3163 1688 3210 met
1715 3160 1892 3208 become
1920 3158 2125 3205 missive
2154 3158 2329 3204 vanden
2358 3159 2738 3208 owvercoopmans
2766 3160 2855 3208 h„r
2882 3158 3003 3206 Ahen

1003 3283 1173 3333 vanden
1200 3281 1314 3327 Helm
1341 3278 1597 3325 gedateert
1622 3278 1681 3325 28
1709 3274 1963 3324 februarij
1991 3273 2190 3320 daerbij
2217 3274 2358 3322 onder
2387 3277 2584 3325 anderen
2613 3277 2924 3327 g'adviseert

956 3398 1070 3445 wert
1095 3394 1182 3442 loe
1210 3394 1267 3439 op
1295 3394 1323 3439 4
1351 3388 1578 3438 augustus
1605 3389 1775 3434 aldaer
1803 3388 1888 3434 van
1916 3388 2114 3433 Batavia
2142 3387 2256 3433 over
2283 3388 2482 3435 malacca
2509 3390 2595 3438 wel
2621 3392 2736 3438 quam
2764 3392 2830 3442 te

924 3507 1230 3571 Paresseren
1259 3504 1320 3551 '1
1350 3502 1501 3548 Jacht
1531 3500 1803 3546 oudewater
1833 3501 1924 3546 met
1953 3499 2045 3546 een
2074 3498 2468 3546 Cargasoentgen
2497 3501 2589 3549 Van
2619 3505 2649 3550 ƒ
2679 3498 2981 3552 19158„1„10

943 3620 1201 3680 bestaende
1228 3616 1286 3664 In
1312 3612 1427 3660 1000
1455 3612 1511 3657 E.
1540 3612 1568 3657 a
1596 3610 1822 3656 dobbelde
1850 3610 2105 3656 stuijvers
2132 3610 2219 3655 400
2246 3610 2275 3656 g
2302 3608 2359 3654 bn
2387 3606 2557 3653 specie
2584 3606 2642 3652 72
2669 3604 2816 3651 marcq

934 3733 1032 3782 syn
1060 3724 1257 3776 silver
1287 3716 1451 3768 37900
1482 3713 1547 3760 lb
1580 3711 1710 3758 Cust
1741 3712 1871 3758 ende
1903 3713 2064 3759 12100
2096 3711 2162 3758 lb
2194 3706 2420 3756 holland
2452 3704 2518 3752 ts
2547 3703 2679 3752 yser
2710 3701 2840 3747 5080
2871 3695 2970 3745 p=s

942 3836 1057 3889 ghof
1085 3823 1390 3881 porsteleijn
1417 3820 1501 3866 200
1526 3817 1584 3864 lb
1610 3812 1805 3860 groffel
1832 3809 2027 3856 Nagelen
2053 3806 2137 3853 200
2165 3806 2220 3851 lb
2248 3806 2414 3851 rloten
2441 3800 2719 3851 mutschaten
2745 3799 2830 3848 29¾
2852 3797 3026 3848 Cattij

936 3934 1080 3989 banda
1107 3928 1249 3978 macis
1274 3923 1389 3971 Item
1413 3916 1585 3967 eenige
1613 3915 1838 3962 provisie
1866 3916 2147 3963 mitsgaders
2175 3916 2372 3963 buijten
2399 3911 2597 3961 facture
2622 3907 2680 3954 64
2708 3906 2765 3952 lb
2790 3899 2963 3950 foelij

948 4039 1037 4088 122
1062 4033 1123 4082 lb
1149 4026 1298 4077 noten
1325 4026 1413 4075 122
1440 4025 1500 4071 lb
1528 4023 1761 4070 geroffel
1789 4020 1993 4067 nagelen
2021 4019 2052 4065 1
2080 4020 2312 4066 vaercken
2341 4014 2632 4066 spaenschen
2660 4011 2776 4058 wijn
2805 4009 2975 4057 Compt

947 4140 1028 4187 t:'
1051 4130 1188 4182 samen
1211 4125 1269 4175 d'
1294 4121 1592 4169 schenckagie
1617 4122 1646 4169 ƒ
1671 4125 1860 4174 332„12„
1885 4128 1967 4173 met
1994 4124 2128 4173 ordre
2154 4122 2236 4169 soo
2261 4120 2343 4167 den
2369 4119 2558 4165 Coninck
2584 4117 2638 4163 't
2665 4101 2963 4162 aengehaelde

0 648 267 697 moesture

0 836 96 882 dra

0 933 111 979 eleyd

0 2677 90 2726 enst

151 2773 222 2819 ge

154 2677 231 2723 taen
