3642 4883
977 558 1368 612 novembr.
1405 562 1610 615 1645

1389 748 1618 798 luijdende
1643 751 1745 798 naer
1769 754 1996 800 tramslaet
2020 754 2096 800 van
2121 754 2197 800 des
2222 753 2499 800 Ientiefsche
2524 756 2624 801 Inde
2649 756 3002 813 lederlandtsche
3026 769 3153 816 taele
3177 772 3253 818 van
3278 773 3429 821 Woorde

1397 852 1450 899 t'
1476 849 1633 896 woorde
1658 847 1738 894 als
1763 847 1925 896 Voeght

1788 1048 2201 1102 Translaet
2245 1046 2385 1093 van
2429 1044 2568 1091 een
2614 1043 2753 1088 oie
2797 1039 3257 1089 geshreven—

1790 1164 1905 1211 aen
1943 1160 2438 1209 Cearhapaneyck
2471 1158 2589 1208 van
2624 1156 2899 1207 sinsier

1402 1397 1520 1446 Den
1558 1387 1947 1445 Gouverneur
1985 1385 2103 1431 der
2136 1381 2529 1432 hollanders
2567 1382 2840 1429 Wenscht
2878 1381 3385 1430 wardapaneijck

1376 1501 1478 1550 veel
1503 1501 1628 1547 goets
1650 1501 1752 1547 ende
1776 1497 1901 1545 schet
1925 1496 2050 1543 sijne
2074 1495 2249 1541 groete,
2273 1494 2348 1540 hem
2373 1495 2522 1542 doende
2547 1497 2746 1542 verstaen
2769 1496 2845 1542 dat
2870 1497 2944 1542 wij
2969 1497 3069 1544 geen
3093 1499 3242 1544 Vremee
3267 1498 3293 1544 —

1376 1609 1653 1657 nieuwlingen
1678 1609 1754 1655 Van
1778 1608 1955 1655 buijten
1980 1608 2107 1654 sijn,
2131 1607 2233 1653 maer
2258 1608 2333 1653 als
2359 1607 2636 1653 coopluijden
2661 1607 2712 1653 en
2735 1606 2939 1653 verunden
2963 1609 3039 1654 van
3064 1605 3215 1655 sijnen
3239 1594 3392 1649 huijse

1373 1723 1578 1770 eertijts
1604 1721 1681 1768 ten
1706 1721 1835 1767 tijde
1859 1719 1938 1765 van
1963 1720 1989 1765 u
2014 1719 2271 1766 bestevader
2296 1716 2656 1764 kistapaneijcke
2681 1715 2835 1761 hebben
2861 1715 2989 1761 onder
3015 1716 3118 1763 sijn
3142 1716 3273 1764 Couel

1368 1845 1425 1894 in
1452 1840 1776 1890 tripexaloure
1802 1837 1912 1884 ende
1938 1833 2235 1882 Tegenepatan
2262 1832 2425 1878 langen
2451 1833 2533 1878 tyt
2559 1832 2668 1879 vrij
2693 1830 2911 1879 geseten,
2937 1828 3046 1875 ende
3072 1822 3343 1873 gehandelt,

1370 1969 1574 2019 daernaer
1599 1964 1752 2013 hebben
1777 1964 1829 2010 in
1853 1965 1956 2011 onse
1979 1962 2159 2010 plaetse
2182 1960 2260 2007 (om
2286 1958 2362 2005 dat
2387 1957 2463 2003 wel
2489 1957 2667 2003 diende)
2692 1957 2922 2005 gesteldt,
2943 1958 3073 2006 achou
3098 1948 3383 2002 tapachittij

1366 2094 1443 2142 soo
1467 2090 1570 2137 ende
1593 2087 1772 2134 gelijck
1795 2085 1873 2131 off
1897 2081 1973 2129 Wij
1999 2080 2125 2126 selfs
2150 2079 2328 2125 Waeren,
2352 2078 2454 2123 ende
2478 2077 2555 2123 hij
2578 2075 2808 2122 gestorven
2832 2076 3035 2122 wesende,
3060 2076 3162 2122 ende
3186 2075 3392 2122 Chinanna

1376 2215 1429 2264 in
1452 2212 1551 2258 sijn
1576 2207 1723 2257 plaets
1746 2199 2043 2252 gebuccedeert
2067 2197 2240 2243 sijnde,
2264 2198 2387 2243 heeft
2412 2198 2461 2243 te
2486 2197 2584 2243 geen
2609 2195 2757 2242 goeden
2781 2194 2904 2240 diens
2928 2192 2954 2238 t
2977 2191 3151 2237 bewesen
3175 2191 3273 2237 noch
3296 2189 3351 2236 te

1361 2339 1510 2386 geloof
1532 2333 1832 2384 gemeriteert,
1857 2331 1956 2378 stem
1980 2330 2080 2376 door
2104 2328 2154 2374 't
2179 2326 2428 2374 aengetrouw
2451 2328 2501 2373 de
2526 2326 2774 2374 maechschap
2797 2322 2873 2369 met
2898 2322 2972 2367 top
2997 2320 3121 2367 acula
3144 2317 3444 2365 kistapaneije

1358 2463 1408 2509 in
1430 2461 1629 2509 gouverno
1652 2459 1727 2505 van
1751 2458 1825 2504 uwe
1850 2457 1997 2503 staedt
2022 2456 2218 2502 geraeckt
2243 2454 2416 2501 sijnde,
2439 2455 2563 2501 heeft
2587 2454 2686 2500 alle
2709 2452 2907 2499 menschen
2931 2447 3300 2497 getravalijeert,

1349 2590 1553 2642 sodanigh
1577 2588 1654 2634 dat
1678 2584 1805 2632 ijder
1831 2581 1932 2629 sijn
1957 2580 2033 2626 vij
2057 2579 2134 2625 met
2158 2579 2210 2625 se
2235 2579 2437 2625 geworden
2461 2577 2563 2624 ende
2588 2577 2664 2622 soo
2689 2570 2892 2621 Verrehen
2917 2567 3170 2615 Verhooght,
3193 2563 3272 2611 dat

1353 2710 1504 2756 tegens
1528 2706 1629 2754 sijn
1653 2703 1805 2751 eijgen
1829 2699 2005 2747 meester
2030 2697 2281 2744 veraderije
2305 2696 2433 2743 heeft
2456 2696 2707 2743 gepreecht,
2732 2695 2833 2741 ende
2857 2693 2983 2740 alsoo
3007 2688 3134 2738 heeft
3156 2684 3209 2732 om
3232 2675 3411 2727 redenen

1345 2822 1647 2876 voorschreven
1669 2820 1748 2867 UE.
1770 2819 1897 2866 landt
1922 2819 2072 2864 moeten
2096 2817 2322 2863 verlijten
2346 2815 2422 2861 als
2447 2812 2673 2860 wearineer
2697 2813 2747 2858 de
2772 2813 2848 2860 bij
2871 2812 2923 2859 in
2945 2803 3222 2855 Pejerepatam

1357 2935 1445 2983 met
1473 2933 1588 2979 Caul
1616 2932 1704 2978 van
1729 2931 1963 2978 Topacula
1991 2929 2367 2976 kistapaneijck
2394 2930 2481 2976 ons
2509 2928 2655 2975 weder
2682 2929 2740 2975 in
2768 2928 2856 2974 die
2882 2927 3115 2975 plaetsen
3143 2925 3230 2971 als
3258 2924 3349 2973 Van

1349 3049 1482 3097 oudts
1508 3047 1667 3093 hebben
1692 3043 1983 3091 nedergeseth
2008 3041 2115 3088 ende
2141 3043 2352 3090 Topacula
2378 3045 2458 3090 dat
2483 3046 2615 3093 lanst
2642 3048 2880 3095 verlaten,
2903 3043 3011 3095 sijn
3036 3039 3117 3087 met
3141 3033 3276 3083 Conel

1327 3165 1409 3217 van
1434 3163 1512 3210 UE.
1536 3157 1719 3208 broeder
1744 3153 2185 3202 Wencketapeneijcke
2211 3153 2316 3201 daer
2340 3157 2522 3205 blijven
2547 3160 2781 3207 handelen,
2806 3158 2987 3208 comende
3013 3157 3117 3203 naer
3143 3155 3326 3202 Verloop

1334 3280 1412 3331 van
1437 3277 1613 3324 eenigen
1637 3275 1739 3322 tijt
1763 3276 1839 3322 het
1863 3276 2065 3322 gouverno
2090 3277 2165 3322 aen
2191 3274 2542 3322 Connerechittij
2567 3275 2643 3320 den
2667 3274 2843 3321 welcken
2869 3276 2970 3323 niet
2994 3276 3221 3325 aensiende

1335 3398 1410 3446 wij
1434 3396 1533 3442 daer
1556 3394 1630 3441 met
1654 3392 1777 3439 Couel
1800 3391 1874 3437 van
1899 3391 1997 3436 UE:.
2020 3390 2119 3435 sijn
2143 3390 2241 3435 Heer
2264 3387 2485 3434 handelden
2509 3387 2656 3434 nochte
2680 3388 2754 3435 van
2778 3389 2900 3435 oudts
2925 3390 3024 3436 daer
3046 3390 3218 3437 geseten
3241 3387 3413 3435 Waeren,

1339 3517 1438 3564 ende
1461 3515 1537 3564 ten
1561 3511 1832 3559 principaele
1856 3511 1930 3556 bij
1954 3510 2054 3556 alle
2078 3509 2202 3555 onder
2225 3508 2300 3553 ous
2325 3508 2646 3558 haegegehoort,
2670 3514 2768 3559 ende
2793 3514 2867 3559 met
2891 3512 2990 3559 onse
3014 3510 3089 3556 mie
3113 3509 3237 3555 desen
3261 3509 3414 3558 Waeren

1324 3639 1612 3691 onderhouden,
1636 3638 1732 3684 ende
1756 3637 1876 3683 voort
1900 3636 2140 3682 getrocken,
2164 3636 2212 3682 d'
2236 3636 2332 3681 onse
2356 3636 2476 3683 alle,
2500 3638 2836 3685 Verhundernisse
2860 3638 2908 3684 in
2931 3636 3076 3683 handel
3100 3637 3148 3682 en
3172 3637 3318 3685 anders

1327 3764 1411 3812 dat
1437 3761 1521 3809 hem
1548 3757 1795 3806 mogelijck
1823 3756 1932 3802 Was,
1960 3754 2234 3801 aengedaen,
2261 3754 2454 3800 'twelcq
2481 3756 2564 3802 mij
2590 3757 2645 3804 te
2673 3756 2838 3804 vooren
2864 3756 2947 3802 aen
2974 3756 3057 3801 uE:
3084 3756 3276 3803 broeder

1326 3881 1725 3935 wencketapeneijke
1748 3879 1874 3926 hebbe
1897 3878 1948 3924 te
1973 3876 2172 3923 verstaen
2196 3876 2396 3923 gegeven,
2419 3879 2495 3924 die
2519 3880 2594 3925 ten
2618 3877 2867 3924 andtwoorde
2892 3876 2991 3922 goof
3015 3874 3091 3920 het
3114 3870 3289 3918 alsdoen

1325 4014 1430 4064 geen
1455 4012 1534 4059 tyt
1558 4009 1637 4056 was
1662 4006 1715 4053 te
1740 4004 2000 4050 remedieren
2025 4003 2129 4049 maer
2155 4004 2208 4050 in
2233 4004 2414 4050 weynich
2440 4004 2544 4050 tyts
2570 4005 2700 4051 soude
2726 4005 2856 4052 sulcx
2880 3998 3141 4048 geschieden

1312 4146 1397 4198 met
1423 4142 1534 4189 meer
1561 4140 1726 4187 andere
1752 4135 1972 4184 beloften
1999 4133 2109 4180 ende
2136 4132 2383 4179 teijckens
2410 4133 2492 4179 van
2519 4133 2656 4178 lifde
2683 4131 2766 4178 die
2793 4129 2875 4175 ons
2903 4127 3012 4174 liet
3039 4125 3204 4172 Weeten
