3703 4828
1371 579 1697 626 vercocht,
1732 578 1878 626 ende
1914 577 2023 623 wat
2059 575 2205 622 sijn
2238 576 2313 623 E:
2349 574 2603 621 meerder
2638 570 2748 617 aen
2782 567 2929 615 mijn
2964 564 3074 611 p=r
3108 553 3400 607 geseijde

1359 676 1534 724 schip
1567 672 1946 720 geadviseert
1980 671 2188 717 heeft,
2221 670 2325 716 sal
2359 668 2429 714 jn
2463 667 2670 714 desen,
2702 662 2842 711 niet
2876 658 3255 707 repeteeren,
3288 652 3497 703 dewyle

1358 775 1430 822 de
1464 777 1642 824 Copia
1678 775 1927 822 missive
1962 776 2069 823 int
2104 774 2531 822 nevensgaende
2565 764 2815 818 packet,
2850 762 3241 809 ingeslooten
3276 758 3490 807 gaedt,

1335 881 1488 929 maer
1526 881 1829 927 eenlijck
1867 882 2019 928 daer
2056 881 2133 927 op
2168 877 2474 926 seggen/.

1269 1056 1374 1106 Dat
1407 1054 1512 1099 Int
1545 1052 1893 1099 revideeren
1927 1053 2100 1098 vande
2134 1052 2516 1098 Taijouansz:
2548 1050 2793 1098 factura
2827 1051 2896 1096 de
2931 1051 3139 1097 faulte
3173 1052 3278 1098 die
3311 1053 3452 1101 sijn

1327 1171 1367 1218 E
1401 1156 1663 1214 aenwyst
1700 1155 1812 1201 bij
1849 1154 1961 1200 ons
1997 1153 2147 1199 mede
2184 1153 2295 1198 wel
2333 1151 2482 1198 uijt
2518 1149 2816 1197 gevonden
2852 1148 2965 1194 is,
3002 1148 3262 1194 edochom
3298 1144 3411 1193 met

1358 1257 1470 1306 het
1506 1252 1803 1300 generael
1839 1248 2359 1296 t'accordeeren,
2396 1248 2507 1293 soo
2544 1245 2729 1293 hebbe
2765 1243 3025 1290 conform
3062 1232 3359 1287 geseijde

1350 1351 1613 1404 factura
1651 1352 1763 1397 ons
1799 1350 2099 1396 Comptoir
2136 1350 2436 1400 belasten
2472 1351 2734 1400 laeten,
2769 1347 2920 1396 niet
2957 1339 3257 1391 connende
3292 1337 3485 1389 weten

1352 1458 1455 1507 off
1488 1456 1590 1503 het
1623 1454 1724 1499 een
1757 1450 1960 1499 abuijs
1992 1448 2094 1494 int
2127 1448 2464 1499 reeckenen,
2497 1454 2598 1499 off
2632 1454 2699 1500 't
2733 1453 2834 1499 int
2867 1449 3170 1498 schrijven
3203 1448 3338 1493 sij,
3372 1447 3475 1493 dat

1357 1553 1575 1601 d'eene
1610 1553 1863 1601 copiens
1900 1552 2044 1598 veel
2079 1551 2333 1598 sijnder
2369 1554 2478 1600 als
2513 1556 2803 1603 d'andere
2837 1556 3091 1604 geweest
3127 1554 3344 1601 hebben
3378 1551 3489 1599 hoe

1323 1662 1426 1709 wel
1459 1661 1528 1706 de
1562 1661 1936 1708 differentie
1969 1663 2071 1709 soo
2104 1663 2309 1709 groodt
2342 1664 2613 1713 qualijck
2647 1668 2817 1716 wesen
2849 1669 2953 1716 can
2986 1667 3055 1714 :)
3088 1663 3326 1711 gelijck
3360 1654 3463 1708 p=r

1345 1766 1585 1812 Bergen
1624 1766 1704 1813 op
1744 1768 1904 1815 Zoom
1944 1769 2064 1815 aen
2103 1769 2263 1816 sijn
2303 1771 2345 1818 E
2378 1773 2543 1820 daer
2582 1774 2742 1820 over
2781 1770 3181 1821 geschreven
3220 1764 3463 1814 hebbe,

1350 1868 1418 1913 om
1451 1869 1586 1916 daer
1619 1871 1687 1918 op
1720 1873 1788 1919 te
1821 1874 2057 1923 letten,
2090 1877 2225 1924 ende
2258 1876 2561 1921 contrarij
2595 1876 3067 1924 ondervindende,
3100 1880 3201 1926 aen
3235 1881 3268 1926 u
3302 1881 3470 1929 Ed=ts

1354 1971 1491 2019 daer
1525 1973 1663 2019 over
1697 1974 1766 2020 te
1800 1975 2145 2028 schrijven,
2175 1984 2314 2031 ende
2349 1986 2487 2033 daer
2520 1987 2932 2033 geremedieert
2965 1985 3035 2032 te
3069 1985 3310 2032 werden,
3344 1988 3485 2039 doch

1347 2073 1420 2123 't
1456 2078 1710 2124 schijnt
1746 2079 1892 2126 sijn
1927 2082 1965 2128 E
2000 2084 2109 2129 int
2145 2085 2399 2134 boucken
2434 2089 2761 2136 derselver
2797 2092 3232 2141 veranderingh
3267 2096 3485 2146 gedaen

1345 2182 1560 2231 heeft,
1595 2184 1739 2230 daer
1773 2185 1846 2231 in
1879 2186 1988 2232 van
2022 2187 2131 2233 ons
2165 2188 2308 2234 niet
2343 2188 2665 2239 gevolght,
2700 2195 2845 2243 maer
2876 2199 2949 2245 't
2985 2199 3235 2248 voorige
3267 2200 3484 2248 jnesse

1349 2284 1592 2333 gelaten
1626 2284 1731 2330 is,
1764 2285 1834 2330 't
1868 2285 2042 2332 welck
2075 2287 2111 2333 u
2144 2288 2318 2335 Ed=ts
2351 2291 2456 2338 sal
2490 2294 2697 2341 dienen
2730 2296 2836 2345 tot
2869 2300 3112 2348 advijs.
3146 2301 3181 2346 /

1154 2475 1268 2523 Bij
1302 2464 1494 2516 mijne
1531 2463 1797 2513 laetste
1834 2469 2023 2520 hebbe
2060 2475 2175 2523 aen
2212 2479 2250 2524 u
2286 2479 2477 2528 Ed=ts
2514 2484 2590 2530 om
2627 2484 2930 2535 provisie
2968 2490 3119 2536 voor
3156 2492 3233 2540 't
3268 2494 3464 2542 Jacht

1356 2569 1825 2617 valckenburch
1862 2573 2292 2626 geschreven,
2329 2583 2486 2631 doch
2524 2586 2836 2638 bevinden
2874 2593 2954 2641 nu
2991 2597 3342 2644 onnoodich
3378 2590 3458 2641 te

1334 2665 1483 2716 zijn
1518 2672 1704 2719 ijets
1739 2675 2071 2725 herwaerts
2107 2680 2402 2731 gesonden
2438 2687 2623 2736 werdt
2659 2693 2916 2740 dewijle
2952 2695 3100 2745 d'E:
3137 2699 3469 2750 geleijnsz

1329 2783 1471 2836 mijn
1505 2783 1923 2831 aenschrijft,
1957 2786 2062 2836 dat
2097 2791 2236 2836 daer
2271 2791 2376 2838 toe
2409 2793 2620 2840 arack,
2653 2797 2828 2845 vlees
2862 2801 3071 2848 speck,
3105 2803 3279 2850 boter
3312 2805 3454 2856 ende

1345 2892 1497 2938 olij
1533 2891 1648 2937 aen
1684 2892 1873 2941 d'een
1910 2896 2099 2943 zijde
2136 2899 2400 2947 geleijt
2436 2903 2663 2950 heeft,
2700 2906 3001 2958 daermede
3038 2913 3454 2961 genonghsaem

1334 2996 1756 3048 geprovideert
1790 2999 1896 3045 sal
1930 3001 2106 3047 zijn,
2140 3003 2211 3049 om
2245 3005 2316 3051 in
2350 3006 2700 3053 aenstaende
2735 3008 3016 3059 octob:r:
3050 3014 3331 3063 (:gelijk
3362 3011 3471 3064 met

1348 3114 1384 3160 u
1417 3109 1593 3162 Ed=ts
1626 3105 1906 3152 licentie
1940 3107 2289 3156 voornemens
2323 3111 2464 3159 sijn
2498 3115 2569 3162 :)
2602 3117 2742 3163 naer
2776 3118 3021 3166 Batavia
3055 3119 3125 3165 te
3159 3119 3475 3170 navigeren

1348 3218 1520 3268 edoch
1554 3218 1758 3263 jndien
1791 3219 1826 3264 u
1859 3220 2029 3266 Ed=ts
2063 3221 2368 3268 contrarie
2401 3223 2707 3269 gelieffde
2740 3223 3147 3271 t'ordineren,
3180 3226 3283 3274 sal
3315 3226 3420 3274 met

1348 3322 1662 3372 seijldouck
1692 3323 1817 3370 ende
1847 3324 2065 3371 lijcken
2095 3327 2220 3372 daer
2251 3328 2376 3375 toe,
2406 3331 2438 3377 2
2467 3333 2655 3382 ijsere
2685 3338 2810 3384 ende
2840 3338 2871 3383 6
2902 3338 3275 3384 wieltrossen,
3306 3338 3432 3386 sijn

1344 3429 1735 3477 seijlgaren,
1769 3432 2089 3479 Huisingh,
2123 3434 2444 3486 marlingh,
2478 3442 2621 3490 peck
2656 3445 2799 3492 ende
2833 3447 2975 3492 teer
3011 3447 3117 3492 met
3153 3447 3224 3493 de
3259 3446 3473 3494 naeste

1328 3538 1641 3588 scheepen
1679 3535 1954 3583 versien
1992 3536 2226 3583 dienen
2263 3535 2345 3582 op

1129 3699 1255 3747 Aan
1295 3700 1665 3750 gelijcken
1705 3705 1953 3753 hebben
1993 3709 2034 3755 u
2075 3710 2282 3760 Ed=ts
2316 3715 2445 3763 bij
2485 3718 2650 3768 mijn
2691 3724 3020 3774 Jonghste
3060 3730 3389 3779 schryven

1313 3805 1880 3856 geremarqueert,
1920 3811 2042 3860 hoe
2082 3815 2204 3863 den
2243 3818 2528 3866 nieuwen
2568 3822 2730 3867 vice
2769 3822 3174 3869 Reijpassen
3215 3821 3417 3868 aende

1324 3909 1548 3959 moorsz
1584 3911 1882 3960 scheepen
1918 3916 2142 3965 (:naer
2177 3921 2364 3969 Mocha
2399 3924 2585 3970 aende
2622 3925 2845 3973 persis
2882 3929 3067 3976 golss
3104 3928 3475 3976 tenderende

1314 4016 1709 4067 geweijgert
1747 4017 1984 4066 heeft,
2022 4022 2258 4070 sonder
2297 4024 2376 4071 te
2415 4026 2651 4076 weeten
2690 4031 2769 4077 om
2807 4031 2925 4077 wat
2965 4031 3240 4079 reeden,
3278 4033 3482 4080 welck

1330 4129 1696 4183 naderhant
1737 4132 2020 4184 tendele
2060 4140 2383 4189 verstaen
2424 4144 2787 4191 hebbende,
2828 4146 3031 4193 soude
3068 4148 3434 4195 eenelijck

1330 4236 1625 4288 geschiet
1662 4236 1847 4284 sijn,
1882 4240 1995 4288 dat
2030 4244 2473 4294 d'alphandigo
2509 4249 2621 4296 van
2657 4252 2805 4299 dien
2841 4254 3063 4300 altijt
3099 4255 3247 4304 voor
3283 4258 3401 4310 een

1338 4347 1658 4398 seeckere
1697 4349 1897 4396 somma
1935 4352 2055 4400 aen
2095 4355 2334 4403 eenige
2371 4358 2691 4406 heijdens
2730 4361 2968 4407 aldaer
3008 4362 3326 4409 verpacht
3364 4362 3451 4408 is

3040 4473 3432 4526 geweest

2504 987 2613 1043 on
