3608 4917
2850 370 3025 422 682

712 490 978 541 Edele,
1022 496 1465 549 Erntfeste,
1508 505 1907 555 Manhaffie

778 571 971 620 wijse,
1001 573 1351 625 voorsienige
1381 581 1446 628 en
1475 584 1760 632 Genereuse
1790 582 1982 631 heeren

739 674 823 727 Ons
846 685 1035 734 voorich
1060 690 1301 744 schrijven
1327 700 1408 746 aen
1434 702 1569 751 UEs:n
1594 707 1863 759 vertrouwen
1888 715 2022 761 alles
2048 716 2130 764 wel
2154 718 2210 764 te
2235 718 2370 764 recht
2396 719 2504 765 sall
2529 721 2717 767 gecomen
2742 720 2851 767 zijn
2876 719 2984 765 ende

893 759 1016 806 alsoo
1039 762 1138 811 niet
1160 767 1307 818 vinden
1329 774 1427 822 noch
1450 777 1573 827 weten
1596 782 1669 828 tot
1693 784 1742 830 op
1765 785 1887 833 heden
1911 788 2057 835 eenige
2080 791 2202 838 reden
2226 793 2299 840 van
2322 796 2613 844 veranderingh
2638 799 2783 846 daerom
2807 800 2880 845 soo
2903 798 3062 846 willen

892 832 1034 880 alhier
1055 836 1103 882 te
1125 838 1267 889 corter
1288 845 1407 894 wesen
1428 850 1476 896 en
1498 851 1570 899 ons
1592 855 1663 900 aen
1686 856 1756 903 het
1779 859 1873 906 oude
1896 861 2106 909 gedragen,
2129 864 2200 909 dit
2223 865 2411 913 volgende
2433 869 2528 915 sall
2550 871 2643 918 zijn
2666 873 2783 919 van't
2805 871 2900 918 gene

895 902 1105 958 naderhant
1127 914 1407 970 voorgevallen
1428 926 1476 973 is
1498 928 1546 974 en
1568 929 1639 977 tot
1661 933 1709 978 op
1730 934 1824 981 dese
1847 936 1941 983 tijt
1963 938 2079 985 eerst
2102 940 2243 989 heefft
2265 944 2405 990 cunnen
2428 945 2707 994 overgesonden
2730 950 2873 1000 werden

738 1012 792 1057 Na
818 1011 873 1057 't
899 1012 1115 1063 vertreck
1140 1019 1222 1066 van
1248 1021 1598 1077 aechtekercke,
1624 1033 1706 1080 het
1731 1036 1920 1085 jonghst
1946 1040 2242 1091 vertrockene
2268 1047 2403 1093 jacht
2429 1049 2617 1095 voorden
2644 1050 2752 1098 halm
2778 1054 2886 1100 daer
2912 1055 3020 1101 mede

895 1085 1013 1134 onsen
1035 1090 1200 1139 persoon
1223 1095 1318 1142 sich
1340 1098 1388 1144 na
1410 1099 1598 1153 Taijouan
1621 1109 1763 1156 heefft
1785 1112 2020 1161 vervoeght,
2042 1117 2184 1165 hebben
2206 1120 2253 1166 't
2277 1121 2582 1170 overblijffsel
2605 1125 2675 1171 der
2698 1126 3052 1175 coopmanschappen

899 1155 1016 1206 aende
1036 1162 1060 1208 1
1082 1164 1154 1212 man
1173 1169 1359 1220 geholpen
1380 1176 1428 1224 de
1448 1180 1702 1233 packhuijsen
1724 1189 1976 1239 gesuijvert,
1999 1194 2092 1241 noch
2114 1196 2275 1243 partije
2297 1198 2458 1246 Campher
2481 1201 2573 1246 ende
2595 1202 2779 1249 weijnich
2802 1203 3061 1250 lackwercken

892 1235 1153 1289 aengenomen,
1176 1245 1247 1291 met
1270 1247 1319 1293 de
1340 1250 1436 1299 gelt
1458 1255 1624 1306 kenners
1645 1262 1695 1310 en
1716 1266 1952 1316 ontfangers
1975 1272 2258 1322 affgerekent,
2281 1278 2328 1323 de
2351 1278 2517 1325 boecken
2539 1281 2728 1327 gesloten
2751 1282 2798 1327 en
2822 1281 3010 1327 bevonden

883 1310 1111 1368 1006405:
1135 1324 1187 1370 3:
1210 1326 1262 1373 9.
1285 1329 1388 1376 opde
1411 1332 1639 1386 goederen,
1662 1342 1714 1389 't
1738 1345 1940 1394 jonghste
1964 1350 2216 1399 somergetij
2240 1353 2442 1400 becomen,
2466 1353 2693 1404 gevordert
2717 1358 2768 1403 en
2793 1356 2997 1403 gewonnen

890 1396 941 1444 te
962 1400 1107 1451 hebben
1129 1407 1226 1455 waer
1248 1411 1344 1459 voor
1367 1415 1440 1463 God
1462 1419 1701 1470 almaghtich
1724 1426 1796 1472 ten
1819 1428 2034 1476 hooghsten
2057 1431 2248 1478 gedanckt
2272 1433 2371 1482 hij.

623 1510 734 1565 Hier
758 1506 814 1553 na
840 1506 921 1552 soo
948 1507 1083 1557 hebbe
1109 1513 1191 1559 mij
1217 1515 1300 1563 van
1324 1520 1461 1571 alles
1486 1527 1702 1581 beginnen
1728 1537 2025 1589 t'ontslaen,
2050 1544 2132 1589 van
2158 1544 2267 1590 alle
2293 1545 2456 1595 dingen
2481 1551 2563 1598 soo
2589 1553 3024 1609 coopmanschappen,

900 1576 1156 1631 rariteijten
1176 1588 1247 1636 tot
1268 1592 1316 1639 de
1338 1595 1616 1651 schenckagie,
1637 1607 1869 1658 contanten,
1891 1614 2146 1665 uijtstaende
2168 1621 2376 1669 schulden,
2399 1624 2653 1671 obligatien,
2675 1627 2860 1673 papieren
2882 1622 2956 1671 des

897 1647 1106 1699 Contoirs,
1126 1656 1174 1703 en
1195 1660 1265 1709 wat
1286 1665 1356 1713 het
1378 1669 1540 1721 vorders
1561 1678 1677 1726 wesen
1698 1682 1836 1730 moghte
1858 1685 2088 1735 behoorl.jk
2110 1690 2339 1739 overdraght
2362 1694 2500 1741 gedaen
2522 1696 2592 1744 aen
2614 1700 2751 1748 mijnen
2774 1701 2981 1748 verlosser

895 1733 948 1778 en
975 1733 1136 1782 Nasaet
1161 1737 1243 1786 den
1268 1742 1296 1788 E
1321 1744 1616 1803 Commissaris
1640 1759 1855 1808 Reijnier
1880 1764 2014 1811 van't
2040 1767 2147 1814 zum,
2174 1769 2334 1814 welcke
2360 1769 2414 1814 te
2440 1769 2574 1817 zamen
2600 1772 2787 1819 belopen
2813 1771 2977 1819 hebben

904 1802 982 1849 ter
1004 1805 1132 1855 zomma
1156 1811 1233 1858 van
1306 1816 1560 1876 609716:19:
1583 1832 1635 1879 3.
1659 1835 1836 1887 gelijck
1860 1842 1987 1890 bijde
2012 1845 2264 1895 duijdeli.k
2289 1849 2440 1896 lijste
2465 1850 2566 1898 daer
2591 1854 2667 1900 van
2692 1855 2717 1900 t
2742 1855 2893 1900 zijnde
2919 1855 2997 1903 ten

897 1885 1096 1936 genoegen
1119 1892 1194 1941 can
1218 1897 1416 1950 nagesien
1438 1907 1611 1961 werden.

684 1987 793 2033 Dese
820 1987 985 2033 dinger
1011 1989 1176 2041 gedaen
1202 1997 1367 2048 zijnde
1393 2004 1531 2054 hebbe
1556 2010 1639 2060 mij
1666 2016 1721 2062 na
1747 2017 2021 2067 behoorl.jk
2048 2021 2239 2069 genomen
2266 2025 2540 2074 attscheijt
2566 2030 2703 2078 vande
2730 2029 3030 2078 Gouverneurs

901 2067 951 2114 en
974 2066 1049 2115 dat
1072 2070 1146 2117 den
1170 2072 1196 2118 E
1219 2074 1343 2123 van't
1365 2079 1440 2126 zum
1463 2082 1539 2131 met
1561 2088 1830 2140 genoeghsame
1854 2095 2196 2146 schriffteli.jk
2220 2101 2466 2148 instructie
2489 2105 2660 2150 versien
2684 2105 2831 2151 hadde,
2855 2102 3002 2151 booven

894 2142 942 2188 de
964 2143 1273 2200 dagelijcksche
1294 2156 1531 2210 mondelinge
1553 2166 1719 2215 t'samen
1741 2171 2000 2222 sprekingen,
2024 2177 2119 2223 die,
2142 2179 2213 2224 tot
2236 2180 2472 2226 wedersijds
2495 2181 2707 2228 genoegen,
2731 2182 2825 2228 oock
2848 2181 2922 2228 all

903 2216 1050 2266 menigh
1073 2222 1245 2274 vuldich
1267 2231 1365 2280 sijn
1389 2236 1585 2288 geweest,
1607 2244 1683 2292 van
1705 2248 1803 2296 lant
1826 2252 1876 2298 t'
1899 2254 2045 2301 schepe
2069 2255 2241 2303 begeven
2264 2259 2313 2304 en
2337 2259 2410 2304 met
2433 2258 2556 2304 eenen
2579 2257 2629 2303 op
2653 2253 2848 2301 laetsten
2871 2250 3045 2298 Novemb.

896 2297 947 2343 na
971 2298 1123 2346 gedane
1146 2302 1449 2359 monsteringe,
1472 2316 1549 2364 soo
1572 2320 1698 2369 vande
1723 2325 1874 2373 aldaer
1898 2328 2199 2380 verblijvende
2224 2335 2400 2381 vrunden
2424 2337 2500 2383 als
2525 2333 2776 2383 bonghofis,
2799 2315 2977 2377 oorloff

895 2375 1064 2423 genomen
1086 2379 1134 2425 en
1157 2380 1323 2431 gesocht
1346 2386 1467 2435 reijs
1488 2392 1537 2439 te
1559 2395 1774 2447 vorderen,
1795 2403 1892 2450 waer
1913 2405 1986 2451 tot
2009 2406 2057 2452 in
2080 2408 2293 2456 Taijouan,
2316 2411 2412 2456 daer
2435 2412 2506 2457 als
2529 2411 2624 2457 noch
2648 2409 2814 2457 volgens
2836 2408 2932 2454 uEd.
2954 2407 2979 2453 n

901 2451 1042 2503 ordre,
1062 2460 1316 2514 verblijven,
1338 2470 1546 2521 geruckich
1568 2477 1615 2523 op
1637 2478 1707 2525 10.
1729 2481 1914 2531 verleden
1936 2487 2075 2534 maends
2097 2490 2328 2538 aengecomen
2351 2493 2466 2538 sijn.
2489 2493 2535 2539 op
2558 2493 2788 2539 zoodaniger
2811 2493 2926 2538 wijse
2948 2491 3022 2538 dan

878 2531 977 2579 zijn
999 2535 1096 2582 uijt
1119 2538 1146 2584 s
1166 2542 1288 2591 Japan
1311 2547 1576 2600 gescheijden
1598 2555 1672 2602 (nu
1695 2558 1792 2607 sall
1815 2563 1912 2610 niet
1935 2565 2200 2615 ondienstich
2223 2571 2320 2618 zijn
2342 2572 2416 2618 het
2439 2573 2536 2619 eene
2559 2574 2607 2619 en
2631 2574 2704 2619 het
2728 2573 2872 2619 andere
2896 2568 3043 2618 wegens

889 2611 939 2660 de
957 2617 1255 2671 gelegentheijt
1276 2626 1369 2674 dier
1390 2630 1551 2679 plaetse
1572 2635 1710 2686 voorte
1731 2642 1891 2691 dragen,
1913 2646 2005 2692 na't
2027 2648 2210 2695 gevoelen
2232 2651 2278 2696 en
2300 2651 2505 2699 kennisse,
2528 2654 2596 2699 soo
2619 2654 2710 2699 veel
2732 2652 2779 2698 de
2801 2652 2916 2697 zelve
2937 2653 3006 2700 dan

901 2692 1029 2744 wesen
1050 2701 1177 2750 magh,
1200 2706 1300 2753 door
1324 2708 1400 2756 ons
1424 2712 1500 2759 van
1524 2714 1625 2763 dien
1648 2719 1824 2768 becomen

686 2801 1052 2849 Tegenwoordich
1080 2803 1137 2850 is
1164 2806 1390 2853 geseijde
1417 2809 1587 2859 plaets
1614 2814 1812 2865 bewaert
1838 2821 1895 2869 en
1923 2824 2120 2874 versien
2148 2829 2233 2875 met
2261 2830 2346 2875 den
2373 2831 2402 2876 E
2430 2831 2655 2877 Reijnier
2683 2828 2824 2876 van't
2851 2827 2938 2875 hun

895 2876 994 2928 door
1016 2884 1114 2934 sijn
1137 2890 1404 2943 langedurige
1426 2900 1620 2948 diensten
1643 2904 1693 2950 in
1716 2905 1813 2952 Siam
1836 2908 2175 2959 nootsaeckelijk
2199 2914 2296 2960 haer
2319 2915 2392 2960 Ed.
2415 2915 2465 2961 en
2488 2917 2561 2963 wel
2585 2918 2754 2964 bekent,
2778 2917 2826 2963 en
2850 2917 2899 2962 na
2921 2914 2995 2961 ons

902 2956 1059 3007 oordeel
1079 2963 1147 3011 dat
1168 2967 1236 3014 bij
1257 2970 1347 3018 dese
1367 2974 1657 3027 gelegentheijt
1678 2983 1878 3032 schuldich
1900 2987 1990 3033 sijn
2011 2988 2056 3033 te
2078 2988 2211 3034 geven,
2233 2989 2301 3035 tot
2322 2990 2567 3038 waerneminge
2588 2994 2633 3039 in
2655 2994 2766 3040 allen
2787 2993 2922 3039 deelen
2943 2993 3011 3039 van

894 3036 963 3083 die
985 3039 1145 3089 plaetse
1165 3045 1349 3098 bequaem,
1370 3054 1417 3101 en
1438 3057 1508 3103 wel
1528 3059 1689 3109 ervaren
1710 3064 1756 3110 om
1778 3065 1870 3112 sich
1892 3067 2028 3114 (onder
2050 3069 2323 3117 uijtlandsche
2346 3072 2550 3118 volckeren
2573 3072 2618 3117 te
2641 3070 2777 3117 cunnen
2799 3070 2983 3118 behelpen

878 3114 945 3160 zoo
967 3116 1035 3162 dat
1056 3118 1124 3164 aen
1144 3119 1213 3168 die
1234 3123 1347 3173 cant,
1367 3129 1458 3177 voor
1479 3133 1546 3179 soo
1568 3135 1658 3182 veel
1679 3137 1747 3183 ons
1768 3139 1902 3187 bekent
1924 3142 1991 3189 is,
2013 3144 2059 3190 de
2080 3145 2191 3192 Comp.
2214 3147 2237 3192 e
2258 3148 2348 3193 haer
2369 3149 2459 3194 voor
2481 3149 2548 3194 wel
2570 3148 2771 3194 versorght
2792 3149 2845 3197 en

876 3195 1170 3244 verseeckert
1196 3197 1304 3244 magh
1329 3200 1491 3249 houden

684 3297 739 3346 Op
761 3293 845 3343 ons
869 3290 1085 3337 vertreck
1110 3293 1192 3339 off
1217 3295 1324 3343 even
1350 3298 1458 3347 voor
1483 3303 1564 3349 het
1589 3304 1724 3353 selve
1749 3308 1831 3356 soo
1855 3310 1990 3357 heeft
2016 3312 2043 3357 t
2069 3312 2150 3359 zul
2175 3315 2256 3362 den
2282 3317 2415 3364 prijs
2442 3319 2522 3365 der
2548 3320 2951 3370 coopmanschappen

895 3363 973 3409 een
995 3366 1196 3418 weijnich
1218 3373 1370 3424 anders
1393 3380 1444 3426 en
1468 3381 1668 3429 slechter
1692 3385 1942 3435 voorgedaen
1965 3390 2041 3437 als
2065 3392 2141 3439 wel
2165 3394 2266 3441 in't
2289 3397 2464 3442 geetste
2488 3398 2539 3444 en
2562 3398 2713 3444 midden
2738 3399 2812 3444 des
2836 3390 3013 3443 handels

892 3434 994 3483 waer
1016 3440 1117 3489 over
1139 3446 1215 3495 ons
1237 3452 1337 3500 dagh
1361 3455 1559 3503 register
1583 3458 1658 3504 tot
1682 3460 1856 3509 meerder
1879 3465 2078 3514 kennisse
2101 3470 2176 3516 can
2200 3470 2250 3515 en
2274 3471 2398 3517 dient
2422 3472 2620 3518 nagesien
2644 3473 2695 3520 te
2718 3476 2891 3522 werden,
2915 3476 2991 3522 dit

890 3509 964 3558 doe
985 3515 1082 3564 daer
1103 3520 1176 3568 bij
1198 3523 1271 3571 dat
1293 3527 1366 3575 mij
1388 3531 1578 3582 geleuglt
1601 3537 1650 3584 en
1672 3540 1721 3586 in
1744 3541 1862 3587 goede
1886 3542 2194 3592 gedachtenisse
2218 3547 2266 3592 is
2289 3548 2383 3595 hulp
2407 3550 2503 3596 dese
2525 3552 2739 3598 voorjaren
2762 3553 2858 3599 oock
2880 3552 2976 3598 well

895 3586 1061 3639 gebeurt
1082 3595 1178 3647 sij,
1198 3603 1411 3658 ingevolge
1432 3614 1504 3661 dat
1526 3617 1574 3663 om
1596 3618 1668 3664 die
1690 3620 1808 3667 zaecx
1831 3623 1973 3671 halven
1994 3627 2089 3673 niet
2111 3628 2371 3680 voordalinge
2392 3636 2439 3681 in
2463 3636 2580 3682 prijs
2603 3637 2650 3683 al
2673 3634 2884 3682 teschroom
2907 3631 3059 3679 achtig

887 3676 935 3721 en
958 3675 1225 3731 behoefffden
1245 3688 1415 3740 tesijn,
1437 3696 1534 3743 maer
1556 3698 1629 3746 dit
1652 3701 1702 3748 is
1724 3704 1822 3753 daer
1844 3709 1965 3758 tegen
1987 3714 2061 3761 dat
2083 3717 2156 3763 mij
2179 3719 2275 3766 doet
2298 3721 2490 3771 gevoelen

2526 3726 2670 3776 geen
2704 3725 2811 3771 off
2845 3725 2987 3771 seer

887 3758 1039 3806 luttel
1062 3762 1288 3817 rijsinge,
1311 3773 1636 3828 bijsonderl.jk
1660 3783 1761 3832 inde
1784 3788 1910 3836 sijde
1934 3792 2133 3840 stotten,
2158 3795 2208 3841 't
2233 3796 2383 3843 naeste
2407 3798 2508 3845 jaer
2531 3800 2582 3846 te
2606 3798 2806 3845 verhopen
2831 3798 2982 3849 hebben

882 3832 934 3881 te
955 3838 1080 3890 weten
1101 3847 1176 3894 dat
1199 3849 1274 3898 ick
1296 3854 1420 3903 hebbe
1443 3859 1591 3907 bijden
1613 3864 1786 3915 anderen
1808 3872 2028 3922 versamelt
2052 3877 2102 3924 't
2125 3880 2271 3927 getall
2295 3882 2344 3929 en
2369 3883 2515 3929 menigh
2539 3883 2588 3929 te
2612 3884 2734 3930 aller
2759 3884 3057 3932 aengebrachte

885 3921 1098 3980 goederen,
1120 3936 1192 3983 soo
1214 3939 1311 3987 door
1331 3944 1427 3992 onse
1449 3948 1592 3995 statie
1613 3951 1685 3998 als
1707 3953 1850 4003 doorde
1872 3959 2061 4006 Chinesen
2084 3962 2132 4008 de
2154 3963 2319 4009 laetste
2342 3964 2414 4011 ses
2436 3966 2483 4011 en
2507 3966 2626 4013 seven
2648 3968 2789 4013 jaren,
2811 3966 2859 4012 de
2883 3962 3003 4011 prijs

880 4010 950 4057 der
970 4012 1106 4059 zelver
1128 4015 1220 4062 oock
1240 4019 1355 4068 laten
1374 4025 1645 4077 uijttrecken,
1667 4033 1712 4079 en
1734 4034 1870 4083 belien
1891 4038 1983 4085 door
2003 4041 2071 4087 een
2093 4042 2206 4091 alles
2228 4046 2430 4093 gerekent,
2453 4048 2521 4094 soo
2542 4048 2588 4094 de
2610 4049 2746 4094 meeste
2767 4050 2835 4098 als
2856 4052 2902 4097 de
2924 4049 3041 4096 minte

854 4086 969 4139 jaren
988 4096 1056 4144 van
1078 4099 1259 4150 toevoer,
1279 4107 1348 4155 dat
1368 4111 1415 4157 de
1435 4113 1615 4162 menichte
1637 4118 1705 4164 der
1726 4119 1907 4169 goederen
1927 4125 2040 4173 desen
2062 4128 2152 4175 jare
2174 4130 2286 4179 aende
2308 4134 2442 4181 marckt
2464 4136 2644 4183 gebracht
2666 4138 2778 4184 ruijm
2800 4140 3047 4188 uijterengen

844 4183 916 4229 Zoo
937 4185 1032 4232 veel
1054 4187 1125 4235 als
1147 4190 1476 4249 dejaerlijcksch
1498 4205 1756 4255 vertieringe
1778 4211 1896 4258 wesen
1919 4214 1990 4261 can
2012 4216 2060 4262 na
2082 4217 2317 4264 uijtwijsen
2339 4220 2410 4266 van
2433 4217 2737 4266 boovengemelte
2760 4217 2905 4264 reeck.
2923 4222 2948 4269 ,

876 4269 951 4315 dit
975 4271 1100 4317 compt
1124 4273 1225 4323 niet
1248 4279 1349 4328 door
1372 4285 1473 4334 onse
1496 4290 1597 4337 maer
1620 4293 1695 4339 der
1719 4295 1920 4345 Chinesen
1942 4301 2117 4350 grooten
2141 4305 2341 4356 toevoer,
2364 4312 2440 4359 die
2464 4315 2539 4360 dit
2563 4316 2663 4361 jaer
2687 4316 2787 4361 over
2811 4315 2861 4360 de
2886 4315 3012 4363 1700.

865 4354 1019 4404 kister
1044 4360 1147 4408 geet
1172 4363 1252 4412 aen
1275 4369 1660 4426 coopmanschappen
1684 4381 1840 4430 hebben
1863 4386 2173 4441 aengebraght,
2196 4397 2299 4443 swel
2325 4397 2377 4442 is
2402 4398 2506 4446 waer
2530 4403 2607 4449 dat
2632 4404 2709 4450 ten
2735 4403 2969 4454 hooghsten

2581 4528 2993 4584 bedenckelijk
