3567 4801
2689 513 2866 572 856

780 721 1011 784 Gode
1066 712 1402 764 fridde
1457 702 1737 756 smidt
1789 694 1960 746 van
2003 683 2350 735 Bresle
2403 684 2517 734 in
2573 670 2853 729 jndia

909 819 1265 887 Gecomen
1314 811 1467 861 met
1517 802 1772 855 schip
1821 794 2076 844 maria
2127 787 2584 839 d'medecis
2633 779 2838 831 adij

862 848 893 895 -

827 967 1014 1020 15„e
1057 952 1290 1010 meert
1332 944 1427 994 ao
1472 932 1657 988 1641
1699 922 1887 975 voor
1930 912 2162 965 onder
2205 907 2532 960 barbier
2575 909 2946 965 hebbende

827 1090 935 1143 nu
984 1070 1349 1134 eenigen
1400 1062 1608 1114 tijt
1657 1047 2126 1107 herwaerts
2175 1039 2489 1092 sijnen
2539 1027 2855 1082 dienst

831 1203 981 1257 jnt
1028 1180 1525 1245 nederlants
1565 1178 1923 1228 Compt„r
1966 1170 2368 1229 pijpelij
2416 1165 2567 1214 tot
2606 1151 2863 1213 goedt

833 1304 1564 1394 Contentemendt
1619 1295 1788 1347 van
1843 1287 2069 1337 zijn
2120 1268 2849 1337 opperhooftden

773 1448 1422 1525 waergenomen
1478 1429 1776 1490 eende
1833 1416 2071 1472 sich
2128 1397 2661 1460 deurgaens
2719 1387 2900 1439 wel

860 1566 1634 1676 Gecomporteert,
1688 1556 1910 1607 wert
1964 1550 2077 1600 op
2128 1532 2352 1591 zijn
2401 1518 2794 1576 Billick

789 1724 1199 1812 versoeck
1247 1706 1502 1767 midts
1548 1694 1653 1749 jn
1701 1677 2006 1736 corten
2056 1664 2360 1722 lijnen
2410 1661 2613 1709 tijt
2662 1649 2918 1703 staet

823 1890 923 1940 t'
971 1863 1409 1934 expireren
1455 1850 1603 1905 Bij
1648 1830 1894 1891 desen
1940 1823 2039 1872 d'
2086 1816 2282 1866 novo
2329 1810 2525 1859 voor
2561 1796 2817 1853 drije

813 2006 1142 2066 achter
1195 1997 1360 2049 een
1413 1974 1851 2039 volgende
1896 1959 2233 2016 jaeren
2285 1936 2835 2001 aengenomen

832 2131 1053 2191 ende
1105 2115 1269 2171 die
1323 2091 1866 2157 qualiteijt
1916 2085 2083 2138 van
2137 2069 2626 2129 Chirugijn

823 2244 1152 2303 nevens
1204 2236 1370 2286 een
1423 2215 2078 2280 tracktemendt
2132 2208 2296 2258 van
2347 2188 2949 2251 achtentwin„

814 2380 1085 2441 „tien
1135 2351 1516 2423 guldens
1568 2343 1731 2393 ter
1784 2334 2109 2386 maendt
2162 2312 2757 2378 toegevoucht

855 2508 1088 2568 jnne
1145 2483 1491 2550 gaende
1546 2470 1664 2525 15
1716 2446 2007 2508 meert
2064 2441 2295 2492 1646
2352 2424 2928 2485 aenstaende

1083 2752 1354 2820 Hans
1419 2726 2028 2790 Pietersen
2094 2714 2298 2771 van
2363 2690 2840 2755 Rostick

896 2921 1014 2975 In
1067 2888 1361 2960 jndia
1418 2861 1825 2930 gecomen
1878 2852 2058 2905 met
2115 2837 2523 2895 tfluijt
2580 2815 2872 2877 schip

784 3034 1325 3125 heemstede
1377 3013 1563 3074 den
1620 2998 1741 3053 14
1797 2981 2097 3035 maijo
2154 2974 2275 3023 ao
2333 2961 2572 3019 1643
2629 2935 2872 3003 voor

836 3155 1178 3212 Boss„r
1230 3149 1292 3196 a
1345 3136 1462 3188 En
1517 3126 1689 3176 ter
1743 3106 2030 3167 maent
2085 3081 2541 3149 hebbende
2597 3072 2712 3121 nu
2768 3066 2939 3115 van

849 3277 1165 3342 16=en
1224 3255 1541 3315 meert
1604 3244 1793 3298 tot
1854 3227 2044 3284 den
2103 3207 2359 3270 18en
2419 3159 2923 3246 Augustus

976 3261 999 3306 nt

825 3394 1226 3460 passado
1281 3390 1339 3437 t
1395 3376 1624 3432 ampt
1678 3359 1850 3416 van
1906 3321 2474 3400 Botteliers
2529 3309 2818 3362 maedt

847 3510 1294 3572 becleedt,
1342 3500 1543 3553 ende
1588 3484 1838 3542 nader
1880 3470 2086 3528 hant
2130 3459 2334 3512 mits
2382 3452 2532 3503 den
2578 3443 2928 3496 vorigen

830 3641 1270 3710 Bottelier
1318 3635 1415 3683 op
1460 3623 1609 3678 een
1656 3610 1900 3666 ander
1945 3594 2191 3654 schip
2238 3568 2823 3638 g'ordonneert

844 3778 1108 3839 wert,
1157 3757 1424 3820 tampt
1475 3750 1634 3800 van
1686 3721 2107 3792 Bottel„r
2159 3718 2318 3765 tot
2368 3710 2581 3761 goet
2633 3701 2964 3753 genoug

853 3906 1083 3961 ende
1138 3854 1878 3950 Contentemendt
1930 3846 2107 3899 van
2161 3830 2392 3887 sijn
2447 3817 2848 3872 meerder

795 4039 1054 4098 roder
1104 4012 1518 4080 genomen,
1568 3999 1827 4054 werdt
1876 3994 2034 4043 ten
2081 3982 2292 4038 dien
2338 3966 2813 4025 anresiete

848 4167 977 4224 op
1037 4144 1291 4204 sijn
1351 4121 1855 4184 vertoogh
1913 4119 2169 4179 ende
2231 4090 2987 4166 Bequaemheijt

2547 4384 2692 4434 als
2738 4377 2931 4427 oocq

127 1629 161 1674 ijn
