3560 4937
990 266 1200 323 Julio
1240 265 1365 310 ao.
1406 260 1574 309 1646

1067 445 1354 494 'Savonts
1389 446 1532 491 laet
1568 444 1747 491 compt
1782 444 1890 490 den
1925 445 2212 495 schriver
2247 450 2499 502 Bangijn
2533 459 2641 504 ter
2676 460 2856 510 logie
2890 467 2998 517 uyt
3033 472 3141 521 den
3176 475 3319 525 name

1219 566 1325 617 van
1360 571 1499 617 syne
1534 571 1674 618 h„re
1709 571 2025 618 ongadingh
2059 572 2164 619 ons
2197 573 2515 622 aenseggen
2548 578 2653 626 dat
2688 581 2899 632 binnen
2932 589 3075 639 drie
3107 597 3282 649 avier

1226 682 1780 735 dagenleverantie
1816 688 1927 733 van
1963 688 2111 737 syde
2148 692 2369 738 stonde
2405 692 2811 740 t'erlangen,
2848 695 3033 744 alsoo
3069 700 3290 754 eerder

1217 802 1350 850 niet
1382 799 1712 847 Jngesamelt
1745 798 1910 844 conde
1943 798 2174 848 werden,
2207 804 2602 853 dienvolgende
2635 808 2735 853 soo
2767 809 2932 856 lange
2965 812 3328 868 patienteren

1218 922 1507 970 moesten,
1539 917 1652 969 wij
1687 915 1869 963 gaven
1904 919 2230 970 denselven
2265 926 2374 972 tot
2410 925 2735 972 antwoorde
2771 925 2880 971 dat
2916 927 3096 982 synen
3132 937 3314 988 heere

1223 1038 1410 1087 seggen
1439 1039 1625 1087 soude,
1654 1037 1840 1085 indien
1871 1037 1963 1082 als
1994 1037 2086 1082 dan
2117 1037 2179 1083 de
2209 1038 2333 1084 syde
2363 1039 2486 1086 niet
2517 1041 2579 1086 en
2609 1042 2888 1096 bequamen,
2916 1053 2980 1099 by
3009 1055 3103 1106 den
3132 1062 3353 1115 Coningh

1222 1158 1380 1212 onse
1419 1157 1729 1203 dolernce
1767 1155 1923 1201 doen
1960 1156 2194 1204 wilden
2232 1158 2542 1208 wantonse
2580 1163 2853 1214 Schepen
2890 1171 3045 1219 (die
3083 1174 3318 1226 expres

1211 1270 1615 1321 daeromlanger
1648 1270 1749 1315 als
1782 1270 2217 1323 gemeenthadden
2251 1277 2653 1327 oferhielden)
2683 1280 2820 1327 niet
2853 1281 3055 1331 blyven
3087 1287 3289 1344 leggen

1212 1390 1424 1436 costs,
1458 1390 1565 1435 soo
1599 1389 1671 1434 de
1706 1390 1883 1438 Reyse
1918 1394 1989 1440 op
2023 1395 2201 1442 Japan
2235 1397 2447 1447 sullen
2482 1402 2764 1452 gewinnen
2799 1406 2941 1452 ende
2976 1407 3082 1453 wes
3117 1409 3260 1461 meer

2076 1467 2129 1518 :

1212 1504 1328 1550 ter
1365 1502 1635 1552 materie
1671 1508 2056 1561 vereyschen

942 1635 1112 1687 adyj
1151 1626 1279 1677 5:'
1320 1619 1446 1669 d:o
1487 1617 1823 1666 Smorgens
1861 1620 2155 1668 gaentot
2197 1620 2323 1666 den
2364 1621 2700 1669 Japander
2739 1625 3241 1674 Risemondonne

1194 1747 1260 1795 20
1291 1744 1482 1793 packen
1514 1743 1673 1789 sijde
1705 1740 1928 1789 besien,
1959 1740 2055 1787 die
2085 1739 2183 1785 hij
2212 1738 2341 1785 door
2372 1737 2500 1786 onse
2531 1739 2691 1785 ordre
2722 1738 2850 1785 voor
2881 1737 2945 1782 de
2977 1732 3168 1782 Comp:e
3198 1727 3265 1776 de

1205 1859 1520 1915 Chinesen
1559 1859 1638 1906 op
1677 1858 1992 1907 gisteren
2028 1851 2228 1902 hadde
2267 1849 2660 1895 onderkocht
2699 1845 3014 1894 waeromme
3052 1838 3330 1890 deselve

1192 1987 1226 2033 (
1255 1980 1489 2033 alsoose
1521 1973 1952 2025 eerstgedongen
1985 1970 2217 2018 hadden)
2250 1970 2316 2015 te
2349 1968 2515 2014 synen
2547 1969 2714 2016 tgroo
2746 1971 2812 2017 te
2845 1970 3077 2019 moeyten
3108 1973 3312 2020 hadden

1211 2091 1396 2138 comen
1432 2090 1693 2137 maeken,
1729 2090 1915 2137 edogh
1952 2089 2026 2135 te
2063 2088 2397 2135 vergeeffs
2433 2088 2657 2138 wanthy
2692 2094 2842 2141 haer
2878 2095 2990 2143 tot
3027 2097 3329 2144 antwoord

1189 2209 1328 2257 gaff
1360 2212 1428 2257 't
1460 2210 1564 2257 hem
1598 2210 1700 2255 soo
1733 2209 1835 2254 vry
1867 2207 2072 2254 stondt
2105 2206 2208 2252 als
2242 2205 2412 2251 haer,
2445 2204 2547 2250 ene
2580 2203 2683 2250 dat
2716 2205 2921 2254 sulcke
2954 2209 3327 2257 Coopluijden

1178 2328 1304 2379 als
1344 2325 1550 2372 haer,
1590 2328 1672 2373 te
1712 2326 1958 2374 lynent
1999 2326 2245 2371 quamen
2285 2325 2408 2371 met
2449 2326 2735 2375 stocken
2776 2328 3146 2379 betaelden
3185 2336 3267 2382 op

1200 2446 1428 2495 welcke
1465 2443 1655 2491 antw:
1693 2443 1770 2488 de
1807 2442 2111 2489 Chinesen
2148 2441 2263 2487 met
2300 2442 2490 2488 lange
2528 2443 2794 2491 gewacht
2832 2446 2984 2494 maer
3021 2447 3326 2498 datelijk

1208 2569 1351 2615 wegh
1387 2568 1600 2614 gegaen
1635 2567 1849 2614 waren,
1881 2563 2169 2612 uytvrese
2204 2565 2311 2610 van
2345 2564 2630 2611 Ongaton,
2666 2566 2772 2612 die
2808 2567 3022 2616 wisten
3057 2569 3342 2617 kisemons

1197 2684 1401 2734 vrundt
1436 2689 1572 2734 ende
1605 2687 2049 2734 harengrootsts
2083 2687 2288 2734 vijand
2321 2687 2458 2733 was,
2492 2686 2527 2732 i
2560 2683 3072 2733 vandaerscheyden
3105 2688 3315 2742 gingen

1197 2797 1422 2848 wijders
1454 2802 1550 2848 tot
1582 2803 1710 2849 alle
1741 2805 2158 2853 principaelste
2189 2808 2318 2853 syde
2350 2806 2477 2854 ende
2509 2805 2702 2854 Stoffe
2733 2801 2958 2851 Cooplnk
2989 2803 3086 2850 aen
3117 2805 3341 2853 deselve

1194 2916 1472 2964 anmneren
1506 2918 1611 2966 soo
1644 2922 1784 2969 veel
1817 2924 1922 2970 ter
1956 2925 2129 2971 marct
2163 2925 2406 2974 brengen
2440 2926 2648 2975 souden
2682 2926 2786 2971 als
2820 2926 3098 2975 mogelijk
3132 2931 3312 2978 wesen

1190 3044 1460 3091 mochte,
1497 3043 1691 3090 alsoo
1729 3045 1922 3092 oinen
1960 3047 1999 3093 2
2038 3048 2077 3094 a
2114 3050 2192 3097 24
2230 3053 2423 3101 dagen
2461 3056 2808 3110 tenlanghs
2845 3061 3196 3109 tsinpsoon

1180 3171 1488 3220 stonden
1530 3168 1619 3215 te
1663 3167 2102 3218 vertrecken

840 3306 978 3365 adyj
1009 3307 1075 3353 6.
1106 3306 1140 3352 e
1172 3305 1270 3351 d:o
1302 3303 1661 3349 sonderlinge
1693 3305 1824 3353 niet
1856 3308 2280 3358 voergevallen,
2311 3311 2411 3357 dan
2442 3312 2541 3361 des
2572 3317 2963 3367 nanijddaeghs
2996 3318 3159 3366 sondt
3191 3319 3292 3367 den

1182 3424 1411 3477 Capado
1449 3424 1790 3471 Ongadingh
1828 3426 1867 3472 2
1903 3427 2131 3474 mindre
2166 3426 2435 3477 Capados
2470 3432 2586 3480 ter
2623 3436 2813 3483 logie
2850 3438 3002 3484 door
3040 3439 3153 3486 wus
3191 3437 3306 3486 ons

1169 3545 1402 3593 groeten
1434 3548 1566 3595 ende
1599 3547 1963 3595 seggenliet,
1992 3545 2062 3593 de
2094 3542 2359 3590 Chinesen
2391 3542 2722 3599 vertrocken
2754 3555 2887 3603 ende
2919 3559 3019 3606 syn
3052 3559 3349 3608 besoigens

1170 3667 1581 3715 dierhalven
1622 3667 1745 3715 met
1785 3671 1950 3717 haer
1991 3668 2237 3716 gedaen
2277 3668 2524 3719 waren,
2564 3675 2810 3723 sullen
2851 3677 3139 3727 deselve
3177 3681 3262 3728 de

1144 3788 1377 3837 Kockbo
1415 3790 1804 3840 uytloopen,
1842 3796 1958 3843 tot
1997 3797 2153 3843 dato
2190 3799 2423 3848 hadden
2461 3803 3278 3856 omvoorgementioneerden

1139 3907 1332 3955 hoecq
1370 3907 1870 3968 leggenwachten
1908 3923 2023 3970 als
2061 3925 2292 3974 geseyt
2331 3929 2408 3975 na
2446 3931 2600 3981 nogh
2638 3937 2869 3990 eenige
2904 3938 3099 3990 byde.
3137 3934 3291 3982 voor

2864 4102 3052 4150 4000
3098 4103 3146 4149 P
3189 4100 3242 4147 .

2569 266 2738 318 101
