3567 4801
2702 514 2893 586 972

643 500 1002 560 augustus
1044 493 1232 545 1646

922 652 999 700 den
1023 647 1202 696 tleijck
1227 645 1303 691 van
1328 643 1480 689 madure
1506 643 1658 688 vanden
1682 640 1860 688 Conincq
1886 641 1987 687 ende
2012 641 2164 687 andere
2189 639 2367 688 neycken
2392 638 2468 684 die
2493 636 2696 683 dagelicx
2721 627 2849 680 veele

927 747 1098 799 preusen
1121 744 1196 791 van
1218 738 1487 788 diffidentie
1511 737 1657 784 tegens
1680 736 1755 782 hem
1778 736 1948 782 gegeven
1973 736 2070 781 sich
2094 731 2362 781 gesepareert
2385 725 2532 775 hadde,
2554 720 2653 769 ende
2676 714 2824 764 sonder
2846 709 2921 758 tot

916 846 1063 896 verder
1085 833 1452 891 onderhandelinge
1476 833 1525 878 te
1550 831 1696 878 willen
1719 830 1915 876 verstaen
1939 830 2037 877 uijt
2060 823 2328 878 Tansjousser
2352 810 2645 867 gescheijden,
2667 796 2864 854 daerover

920 952 1001 1004 den
1023 937 1208 995 Coninck
1232 928 1543 980 geresolveert
1568 927 1673 972 was,
1696 924 1828 972 selfs
1852 921 1906 968 in
1931 917 2113 966 persoon
2137 915 2216 961 den
2239 906 2526 960 Madureschen
2552 900 2707 951 Neijck
2731 891 2837 945 naer
2860 889 2914 935 te

918 1041 1114 1095 trecken,
1135 1033 1236 1085 omme
1258 1029 1309 1077 te
1331 1015 1699 1073 gevoughlijckerd
1723 1013 1894 1060 gereven
1918 1007 2163 1057 geschillen
2187 1005 2285 1051 ende
2308 998 2504 1049 onlusten
2527 992 2651 1043 weder
2674 990 2724 1036 t'
2747 977 3016 1034 assopieren,

920 1136 1035 1188 ende
1060 1121 1372 1180 bevredigen,
1397 1113 1626 1165 houdende
1651 1101 2019 1156 middelerwijle
2047 1085 2497 1147 d'Golcondaetsche
2524 1076 2723 1129 mooren,
2750 1069 2920 1120 sonder

906 1233 1099 1288 eenigen
1124 1214 1428 1276 tegenstandt
1453 1209 1510 1257 d'
1536 1206 1592 1253 om
1618 1203 1729 1251 ende
1757 1202 1840 1248 bij
1866 1194 2059 1246 gelegen
2085 1185 2252 1238 landen
2276 1180 2361 1229 tot
2387 1174 2526 1224 Boven
2553 1171 2636 1220 S.t
2662 1168 2800 1215 Thome
2826 1165 2883 1213 en
2905 1158 2938 1207 —

913 1335 1155 1399 possessie,
1177 1332 1226 1378 en
1247 1323 1345 1375 over
1367 1314 1535 1367 d'selve
1558 1309 1655 1358 naer
1677 1307 1750 1354 wel
1772 1299 1965 1352 gevallen
1987 1287 2251 1343 dommineren,
2273 1282 2394 1332 sulcx
2416 1279 2489 1327 aen
2511 1275 2561 1322 d'
2582 1266 2704 1319 ander
2725 1255 2847 1309 sijde

916 1449 998 1497 die
1020 1441 1105 1491 van
1129 1428 1401 1484 visiapour,
1426 1421 1536 1472 doch
1560 1418 1616 1464 Is
1642 1418 1697 1465 d'
1722 1414 1778 1460 E.
1803 1403 2047 1457 Compagnie
2073 1398 2181 1448 noch
2208 1394 2289 1442 wij
2315 1388 2424 1438 in't
2449 1371 2693 1432 vervolgen
2718 1366 2801 1415 der
2827 1360 2990 1409 selver

921 1544 1086 1603 nodige
1111 1535 1301 1588 procure
1325 1528 1409 1579 tot
1434 1523 1543 1571 dato
1569 1516 1731 1567 verder
1756 1511 1865 1560 niet
1891 1500 2161 1555 geobsteert
2186 1488 2430 1545 gewerden,
2453 1482 2510 1530 en
2535 1477 2618 1525 den
2643 1471 2833 1521 toevoer
2858 1467 2942 1515 van

917 1636 1467 1713 diveerschelijnwaeten
1492 1634 1522 1680 t
1546 1628 1631 1677 god
1656 1623 1740 1671 lof
1766 1616 1877 1667 vrij
1902 1604 2096 1659 meerder
2121 1598 2233 1648 (als
2257 1593 2342 1642 ons
2366 1586 2451 1636 Int
2477 1579 2615 1630 eerst
2640 1573 2725 1623 wel
2749 1558 3053 1616 g'emagneerd

910 1763 1127 1830 geweest,
1150 1749 1367 1806 eenlijck
1390 1744 1447 1792 't
1472 1737 1581 1788 gene
1605 1730 1714 1780 niut
1738 1713 2088 1773 becommerlijck
2113 1708 2196 1757 so,
2220 1703 2302 1751 dat
2326 1698 2383 1746 d'
2406 1672 2810 1740 Coopmanschappen
2836 1666 2944 1716 noch
2962 1660 2998 1709 —

913 1888 968 1939 in
990 1878 1066 1930 soo
1090 1865 1264 1921 soberen
1288 1852 1462 1908 demande
1486 1835 1810 1896 Insonderheijt
1833 1830 1909 1878 aen
1931 1825 2033 1874 dees
2055 1820 2182 1869 kamet
2205 1812 2381 1864 blijven
2403 1807 2455 1856 d'
2476 1794 2653 1850 Winsten
2673 1775 2877 1839 daerdoor
2896 1768 2950 1817 te

900 1996 1014 2053 smal
1038 1988 1180 2039 Comen
1205 1982 1263 2031 te
1286 1968 1456 2024 delen,
1481 1963 1594 2012 ende
1619 1958 1705 2006 ten
1730 1941 2009 2001 meerendedl
2034 1939 2147 1985 sich
2172 1936 2230 1984 in
2256 1925 2479 1980 oncosten
2503 1920 2590 1970 als
2614 1915 2673 1963 't
2698 1904 2893 1958 verlies
2912 1900 2950 1951 —

913 2110 974 2161 op
998 2102 1060 2152 't
1085 2091 1290 2146 gemunst
1315 2084 1433 2135 ende
1460 2073 1721 2128 ongemundt
1747 2063 1922 2116 silver
1949 2060 2008 2107 te
2035 2052 2353 2105 consumeren;
2379 2036 2670 2097 waerjegens
2696 2021 2872 2079 echter

2785 2134 2896 2180 -

915 2218 1028 2272 niet
1051 2212 1109 2260 en
1134 2206 1191 2255 Is
1215 2202 1273 2249 te
1298 2195 1409 2246 doen
1434 2190 1546 2239 maer
1571 2185 1655 2234 des
1682 2179 1819 2228 tijts
1844 2170 2202 2223 Veranderinge,
2227 2165 2311 2214 met
2334 2147 2584 2209 patrentie
2608 2141 2785 2190 moeten

920 2318 1196 2375 Jnwachten,
1222 2313 1307 2363 god
1331 2306 1444 2356 geve
1469 2301 1554 2350 ten
1580 2291 1747 2345 goeden
1773 2282 2078 2335 succeseren,
2104 2279 2216 2326 ende
2243 2276 2326 2324 den
2352 2262 2657 2320 aftreckeden
2682 2253 2882 2307 oopmans

915 2420 1220 2483 respeceren
1248 2411 1371 2463 mach

729 2576 789 2624 Nb
813 2571 845 2618 3
872 2564 959 2615 tot
984 2561 1016 2608 6
1042 2557 1101 2604 d.
1127 2553 1158 2600 o
1184 2547 1300 2597 niet
1326 2536 1698 2590 remarcquabels
1724 2522 2067 2579 voorgevallen

795 2700 860 2749 An
883 2691 921 2739 7
949 2685 1014 2733 d.
1042 2681 1076 2728 o
1103 2669 1356 2723 verstaen
1385 2665 1511 2712 voor
1541 2650 1885 2709 maerespatam
1915 2653 1946 2698 T
1978 2648 2134 2698 Jacht
2164 2646 2196 2691 e
2225 2641 2383 2691 Valcq
2413 2634 2539 2686 uijt
2569 2627 2725 2676 mocha
2755 2622 2819 2671 Is

944 2755 1296 2816 aengelanght,
1323 2749 1413 2799 wat
1440 2744 1559 2793 voor
1586 2741 1646 2787 d'
1672 2731 1937 2785 Egelschen
1964 2720 2286 2776 medebrengen
2315 2719 2461 2765 blift
2489 2717 2578 2764 ons
2604 2710 2724 2762 noch
2751 2700 2987 2754 onbewust

751 2929 811 2984 An
828 2920 860 2969 8
883 2915 938 2963 d.
961 2911 989 2958 o
1013 2897 1299 2955 verschijndt
1325 2894 1480 2942 alhier
1505 2891 1584 2938 ter
1609 2890 1739 2936 rhede
1765 2886 2023 2935 naergengen
2049 2881 2256 2931 uijtsien
2280 2878 2334 2926 en
2359 2869 2619 2923 Verrietich
2643 2861 2826 2913 wachten

913 3013 967 3059 't
993 3007 1129 3058 Jacht
1155 3002 1292 3051 lillo
1316 2997 1400 3046 van
1426 2990 1615 3040 Batavia
1642 2988 1805 3035 sijnde
1831 2987 1913 3033 van
1938 2983 2102 3032 daerop
2129 2983 2183 3028 6.
2210 2981 2238 3028 e
2263 2974 2399 3024 Julij
2425 2970 2480 3017 In
2506 2957 2751 3014 Compagnie
2775 2953 2858 3000 van

908 3115 969 3165 't
994 3108 1140 3158 fluyt
1167 3104 1312 3153 schip
1338 3092 1626 3147 Heemstede,
1654 3090 1769 3137 ende
1797 3086 1998 3135 'sJacht
2025 3084 2112 3131 lis
2139 3079 2227 3128 met
2253 3073 2341 3123 een
2368 3064 2627 3117 Cargasoen
2652 3053 2856 3106 bestaen

904 3220 969 3271 En
995 3206 1274 3262 dweersche
1303 3190 1764 3251 Coopmanschappen
1793 3183 1978 3234 goadt,
2008 3180 2101 3227 als
2131 3172 2376 3225 provisie
2405 3162 2621 3216 t'samen
2650 3156 2743 3206 ter

906 3317 1176 3377 Monturde
1207 3312 1313 3361 van
1342 3316 1376 3362 ƒ
1408 3304 1778 3362 182185„8„5„
1810 3288 2213 3347 gecombineert
2245 3273 2615 3331 herwaerdtse
2646 3256 2986 3316 vertrocken

912 3425 1187 3484 becomende
1216 3421 1279 3469 p.
1306 3411 1520 3464 gemelte
1550 3407 1703 3455 sacht
1732 3404 1854 3451 alle
1883 3399 2096 3449 missive
2126 3394 2308 3444 vanden
2335 3388 2399 3438 E.
2428 3386 2460 3432 .
2486 3384 2550 3433 H.
2578 3380 2611 3427 r
2639 3365 2913 3423 directeur

912 3531 1146 3587 generael
1172 3523 1291 3574 ende
1318 3516 1465 3567 raden
1492 3510 1581 3560 van
1609 3506 1755 3554 India
1781 3496 2046 3551 gedateert
2074 3494 2133 3542 5.
2160 3495 2221 3540 en
2247 3486 2395 3538 Julij
2422 3478 2598 3530 nevens
2624 3458 2801 3521 andere

2859 3454 2882 3501 -

909 3630 1251 3696 doccumenten,
1277 3621 1448 3673 daerby
1473 3614 1616 3664 onder
1644 3609 1842 3658 anderen
1868 3605 1955 3654 ons
1982 3603 2038 3648 d'
2067 3593 2405 3648 Naervolgende
2432 3588 2602 3638 rlovos
2625 3571 3026 3633 gedeelachticht

913 3746 1094 3804 werden
1122 3728 1448 3791 eerstelijck
1476 3720 1655 3771 hoedat
1681 3715 1861 3765 aldaer
1887 3710 1979 3760 Van
2008 3707 2127 3754 dees
2155 3699 2304 3750 Custe
2333 3694 2452 3742 (god
2481 3692 2540 3737 hy
2570 3689 2717 3736 loff)
2746 3679 2983 3733 behouden

914 3842 1218 3904 aengelandt
1247 3835 1429 3886 waeren
1458 3833 1489 3878 1
1518 3826 1670 3877 Jacht
1699 3824 1791 3870 lis
1821 3820 1942 3868 16e.
1970 3815 2092 3864 meij
2121 3810 2213 3859 als
2238 3804 2303 3853 't
2333 3785 2665 3848 fluijtschip
2694 3772 2966 3828 Maeslande

911 3955 1037 4004 over
1066 3938 1412 3999 Masulipatam
1442 3935 1537 3983 den
1567 3933 1599 3978 7
1626 3925 1786 3978 Junij
1817 3924 1880 3970 en
1909 3921 1973 3968 't
2003 3916 2161 3965 fluyt
2191 3907 2348 3960 schip
2378 3895 2660 3950 Heemstede
2685 3891 2753 3941 op
2780 3884 2847 3935 19
2877 3877 2941 3927 do

906 4069 994 4116 soo
1021 4063 1111 4112 was
1139 4056 1257 4107 mede
1286 4054 1463 4100 aldaer
1490 4050 1609 4098 naer
1637 4045 1784 4094 langh
1813 4041 2107 4091 verwachten
2134 4037 2195 4085 en
2222 4026 2429 4081 uytsien
2455 4013 2780 4070 g'arriveert
2809 4012 2868 4057 10
2895 4001 3073 4055 Januag

893 4167 1121 4236 passado
1151 4165 1185 4211 t
1215 4161 1376 4211 Jacht
1405 4158 1471 4206 'T
1503 4155 1599 4202 sas
1630 4151 1726 4199 Van
1757 4148 1917 4194 Gent,
1948 4144 2108 4192 synde
2140 4142 2204 4189 's
2234 4134 2459 4186 laetste
2490 4131 2650 4180 schip
2681 4124 2841 4175 Vande

907 4267 1237 4324 voorgaerige
1266 4256 1686 4312 vaderlandtsche
1716 4249 2015 4301 Equipagie,
2043 4246 2105 4292 d.
2132 4244 2165 4291 o
2193 4236 2344 4288 Jacht
2373 4235 2524 4282 heeft
2552 4223 2912 4280 pharnambucke

0 1222 196 1270 Mooren

0 1517 221 1566 porteren

0 1615 164 1663 del

8 2703 38 2749 a9

0 3834 167 3885 catse
