3567 4801
0 448 95 494 16

2811 487 3016 569 988

923 1190 1046 1241 Int
1086 1189 1247 1238 Jaer
1287 1193 1488 1242 veija
1528 1198 1608 1245 de
1648 1200 1850 1248 maent
1889 1204 2172 1256 jesthum
2210 1212 2372 1261 naer
2408 1216 2491 1263 de
2531 1218 2774 1270 Vollen
2804 1224 2974 1272 maan

967 1293 1305 1340 serangerij
1338 1293 1373 1340 @
1405 1296 1574 1342 sendt
1608 1297 1742 1345 aend
1776 1299 1944 1345 Cap=n
1978 1299 2146 1345 moor.
2180 1300 2281 1347 der
2315 1302 2652 1352 hollanders
2685 1307 2754 1354 op
2786 1310 3138 1366 palliacato

958 1389 1140 1438 desen
1174 1391 1427 1443 brieff,
1461 1397 1570 1444 den
1606 1396 1823 1444 brieff
1858 1397 1966 1445 van
2001 1395 2038 1441 u
2074 1393 2254 1440 hebbe
2289 1395 2614 1444 ontfangen
2649 1400 2793 1446 ende
2829 1401 3121 1452 verstaen

1588 1446 1880 1495 godepchan

953 1484 1069 1534 dat
1106 1484 1183 1531 t'
1220 1486 1410 1533 leger
1447 1488 1562 1536 van
1599 1493 1751 1540 aoun
1785 1492 1940 1541 off-
1977 1487 2281 1537 Golconda
2319 1487 2434 1534 soo
2470 1491 2660 1537 dicht
2697 1491 2812 1538 bij
2848 1487 3125 1534 gecomen

938 1581 1083 1632 was,
1119 1576 1263 1625 ende
1299 1575 1443 1621 ghij
1479 1575 1551 1621 d'
1587 1575 1767 1621 stadt
1802 1574 2019 1622 tegens
2053 1576 2198 1622 haer
2234 1576 2666 1623 gedefendeert
2702 1576 2919 1624 haddet

954 1677 1067 1725 soo
1102 1673 1215 1722 dat
1251 1669 1364 1716 sij
1399 1666 1512 1712 die
1549 1666 1699 1713 niet
1734 1667 1958 1714 hebben
1995 1667 2218 1713 cunnen
2256 1667 2516 1715 winnen,
2552 1668 2739 1715 hebbe
2775 1664 2888 1711 ick
2924 1659 3075 1709 mede

954 1769 1289 1828 vernomen,
1325 1768 1474 1814 waer
1511 1768 1659 1813 mede
1695 1766 1992 1812 openbaer
2028 1765 2102 1811 is
2139 1765 2435 1812 geworden
2472 1765 2584 1811 uwe
2620 1765 3027 1811 getrouwich.
3063 1765 3104 1813 t

961 1873 1099 1925 ende
1132 1870 1436 1917 verstant,
1470 1869 1673 1915 altijt
1706 1868 1875 1915 goede
1909 1869 2180 1917 diensten
2213 1873 2281 1919 t'
2314 1875 2618 1921 onswaerts
2652 1874 3031 1925 bewijsende,

956 1971 1093 2018 daer
1126 1972 1263 2017 voor
1296 1973 1398 2018 ten
1431 1973 1736 2019 hooghsten
1770 1973 2177 2019 vergenought,
2211 1972 2346 2017 ende
2380 1971 2585 2018 blijde
2617 1974 2754 2021 ben,
2786 1977 2924 2026 daer
2956 1982 3025 2029 en

955 2069 1095 2120 sijn
1130 2069 1269 2115 geen
1304 2070 1547 2117 grooter
1582 2070 1826 2116 vrunden
1860 2070 1965 2116 van
2000 2069 2209 2116 mijnen
2243 2068 2452 2114 huijse
2487 2069 2591 2114 als
2626 2068 2800 2115 ghij,
2834 2062 3113 2112 daeromme

969 2167 1076 2219 int
1109 2161 1320 2210 geheel
1354 2159 1600 2206 volgens
1633 2161 1668 2206 u
1703 2161 1983 2208 begeeren
2017 2164 2191 2211 sende
2226 2166 2262 2213 u
2296 2169 2400 2214 een
2435 2168 2645 2215 brieff
2679 2171 2819 2217 daer
2852 2172 3033 2218 alles

950 2271 1080 2323 tot
1119 2266 1164 2314 u
1204 2258 1714 2309 Contentement
1754 2263 1839 2308 jn
1881 2263 2304 2309 geschreven
2345 2265 2599 2312 staat,
2636 2260 2936 2313 gelijck

944 2361 1355 2421 ramabhadrea
1393 2361 1430 2406 u
1466 2358 1730 2406 breeder
1766 2359 2102 2405 schrijven
2140 2358 2289 2405 sal,
2326 2358 2438 2403 die
2476 2358 2625 2403 Cunt
2662 2355 2925 2403 hooren,

952 2453 1111 2501 ende
1150 2447 1470 2497 voortaan
1509 2447 1670 2494 moet
1708 2450 1789 2498 d'
1825 2451 2108 2498 plaatse
2147 2453 2585 2499 palliacatta
2625 2452 2744 2498 wel
2780 2449 2864 2497 jn
2903 2448 3066 2496 acht

942 2542 1196 2595 nemen,
1236 2542 1404 2588 ende
1446 2542 1613 2589 voor
1654 2541 1782 2587 mij
1817 2540 2199 2589 bewaeren,
2240 2545 2365 2591 wat
2407 2546 2534 2594 hij
2572 2549 2617 2595 u
2658 2548 2993 2595 passeert

947 2630 1126 2680 laat
1170 2626 1304 2673 mij
1348 2622 1618 2670 weeten

1312 2871 1698 2921 Translaat
1741 2876 1870 2922 van
1912 2878 2042 2926 een
2084 2881 2298 2931 pacht
2340 2886 2600 2935 Brieff
2639 2889 3028 2938 raackende

1343 2952 1413 2999 d'
1447 2951 1585 2997 stat
1619 2951 2033 3003 palliaccatta
2066 2959 2204 3005 door
2238 2959 2342 3005 den
2375 2957 2617 3003 Coninck
2651 2958 2755 3004 van
2788 2958 3102 3004 Carnatica

1328 3026 1395 3072 jn
1426 3023 1562 3070 dato
1594 3024 1762 3072 24=en
1794 3027 1962 3075 meije
1994 3030 2061 3078 ao
2094 3033 2227 3079 1646
2259 3032 2395 3079 voor
2427 3032 2494 3078 d'
2526 3030 2594 3076 E.
2627 3028 2827 3075 comp=e
2860 3026 3061 3073 aenden

1337 3101 1724 3153 gouverneur
1763 3102 1995 3152 arnold
2033 3107 2304 3154 heussen
2342 3106 2690 3155 verleent,
2728 3097 3078 3150 luijdende

1336 3183 1496 3233 jnde
1534 3180 2048 3228 nederlantsche
2087 3179 2403 3227 spraacke
2443 3182 2561 3228 als
2601 3183 2837 3229 volcht
2875 3185 2920 3234 ^

881 3319 990 3365 Int
1027 3319 1173 3366 Jaer
1209 3321 1466 3371 veijad'
1501 3328 1684 3376 maent
1720 3331 1977 3380 jesthum
2010 3335 2122 3381 den
2158 3337 2304 3385 7en
2340 3338 2487 3385 dach
2523 3341 2670 3389 naer
2705 3344 2779 3389 de
2814 3344 3037 3392 nieuwe

942 3411 1131 3458 maan,
1168 3413 1545 3465 serangerij
1583 3420 1622 3466 @
1657 3423 1846 3469 geeft
1884 3423 1996 3469 aen
2034 3422 2260 3469 Arnold
2297 3418 2561 3466 heussen
2598 3415 3050 3463 Hollantschen

945 3498 1128 3547 Capn
1164 3500 1238 3546 jn
1274 3501 1675 3550 palliacatta
1711 3504 1857 3550 dese
1894 3504 2040 3550 acte
2075 3505 2186 3551 van
2220 3504 2404 3551 pacht
2440 3503 2550 3548 tot
2587 3500 2732 3548 sijn
2768 3494 3024 3545 geloove

880 3595 1047 3652 ende
1086 3585 1692 3639 verseeckeringh,
1732 3585 1894 3632 onse
1933 3584 2176 3631 plaats
2216 3583 2297 3629 en
2337 3580 2539 3628 stadt
2579 3576 3023 3628 palliacatta

922 3677 1185 3737 gelijck
1222 3673 1370 3722 voor
1407 3672 1592 3718 desen
1629 3673 1740 3718 die
1777 3673 1888 3719 aen
1925 3671 2184 3719 maleije
2221 3669 2444 3716 hebben
2480 3667 2814 3714 verpacht,
2851 3667 2962 3712 met

901 3772 1109 3835 sijne
1147 3760 1474 3814 Coepans,
1513 3756 1677 3804 ende
1718 3755 1881 3801 alle
1920 3755 2205 3802 thollen
2244 3755 2368 3802 als
2408 3752 3019 3801 gerechticheden,

930 3865 1090 3916 ofte
1129 3856 1562 3909 Cattemuddij
1601 3854 1758 3901 daer
1797 3852 1915 3898 toe
1954 3849 2347 3896 behoorende
2386 3849 2622 3895 tsamen
2660 3850 3057 3901 bedragende

927 3966 1071 4015 8000
1106 3961 1394 4010 pardauws
1429 3961 1501 4007 in
1536 3956 1751 4005 groote
1784 3951 1858 4000 fa
1893 3947 2145 3997 sjaers,
2180 3946 2359 3993 geven
2394 3946 2502 3993 die
2537 3947 2716 3995 alsoo
2752 3949 3048 4000 voortaen

929 4060 1046 4111 aen
1082 4057 1121 4104 u
1157 4055 1234 4101 jn
1272 4053 1462 4100 pacht
1499 4053 1575 4100 op
1613 4053 1916 4099 condusie
1953 4054 2067 4100 dat
2104 4052 2257 4099 alle
2294 4051 2484 4097 tgene
2521 4052 2672 4101 ghij
2710 4054 2787 4099 nu
2823 4055 3014 4103 corts

916 4157 1071 4209 (als
1106 4151 1372 4202 wanneer
1409 4151 1673 4197 maleije
1710 4151 1748 4196 u
1784 4149 1936 4196 voor
1973 4148 2086 4194 mij
2124 4146 2576 4194 valschelijck
2613 4146 3067 4198 beschuldighd

1377 776 1762 828 Traislaes
1803 783 1932 829 van
1974 784 2101 833 een
2144 788 2271 835 ole
2314 790 2740 839 geschreven
2781 795 2910 841 bij
2951 796 3079 843 den

1396 878 1715 924 Coninck
1760 877 1898 923 van
1941 875 2308 924 Carnatua
2352 880 2626 929 aenden
2671 882 3130 934 gouverneur

1395 981 1680 1031 Sarnoed
1718 975 2004 1026 heussen
2045 975 2126 1021 In
2165 974 2330 1021 dato
2369 976 2491 1023 Pmo
2530 978 2735 1025 Junij
2775 977 2856 1023 ao
2896 975 3059 1023 1646

2120 573 2463 640 met

2724 4320 2951 4380 ende

170 457 268 507 16
