3560 4958
1436 1165 1583 1214 Den
1628 1165 2065 1220 Moorschen
2112 1177 2594 1229 Gouverneur
2642 1183 3223 1239 Miersadellij

1473 1349 1656 1405 heeft
1691 1347 1765 1394 op
1800 1347 1910 1393 ons
1945 1348 2091 1397 seer
2126 1353 2416 1405 Ernstich
2452 1360 2742 1406 versocht
2777 1362 2850 1408 om
2884 1361 2922 1408 3
2957 1360 3176 1413 packen

1519 1487 1984 1545 salempourijs,
2018 1499 2127 1546 met
2161 1501 2269 1550 dit
2301 1505 2482 1552 schip
2518 1507 2661 1555 naer
2696 1510 2983 1558 batavia.
3017 1515 3089 1560 te
3123 1513 3303 1561 mogen
3337 1515 3374 1561 —

1543 1626 1877 1680 versenden,
1909 1635 2043 1682 daer
2075 1637 2177 1684 toe
2209 1639 2343 1687 in't
2375 1640 2576 1687 Eerste
2606 1638 2744 1687 niet
2775 1643 2942 1690 Conde
2975 1646 3315 1700 resolveren

1548 1753 1700 1809 ende
1730 1764 1960 1817 Gaerne
1996 1773 2221 1824 souden
2258 1780 2482 1827 hebben
2519 1780 2968 1828 Geexcuseert,
3004 1780 3155 1827 doch
3191 1779 3379 1826 alsoo

1538 1891 1642 1939 bij
1675 1896 1813 1945 sujn
1846 1901 2123 1952 versoucq
2155 1908 2294 1956 hart
2327 1913 2808 1966 persisteerden,
2842 1921 2911 1967 en
2944 1919 3013 1965 wu
3047 1917 3322 1964 conside„

1530 2016 1845 2073 „reerden,
1877 2030 2019 2081 door
2052 2038 2158 2086 dit
2191 2042 2575 2094 refuseeren,
2609 2048 2784 2094 alles
2817 2046 2889 2092 te
2922 2047 3167 2094 Gelijcq
3201 2048 3273 2097 in

1540 2153 1850 2206 confusie
1886 2164 2118 2220 mochte
2156 2175 2426 2228 raecken
2464 2183 2696 2232 hebben
2734 2187 2851 2232 hem
2888 2188 3120 2238 sulcxe
3158 2192 3275 2240 toe

1535 2301 1857 2353 gestaen,
1897 2309 2059 2357 ende
2098 2313 2661 2369 Gelicentieert,
2701 2321 2983 2368 Gemelte
3023 2320 3064 2366 3
3104 2318 3346 2371 packen

1526 2434 1645 2484 als
1681 2442 1798 2492 een
1836 2448 2032 2498 Cleen
2069 2454 2186 2500 do:
2225 2454 2342 2499 met
2380 2453 2615 2502 eenigh
2652 2457 2925 2506 Gemaect
2961 2460 3158 2506 Goet,

1534 2568 1690 2616 naer
1728 2572 1924 2621 boort
1961 2577 2079 2625 van
2116 2581 2430 2641 Gedachte
2466 2598 2662 2648 schip
2698 2597 2817 2645 (om
2856 2596 2934 2642 bu
2972 2593 3287 2644 behouden

1542 2698 1757 2751 varen
1797 2708 1926 2756 aen
1968 2712 2183 2764 eenen
2222 2722 2437 2774 Gogie
2477 2730 2777 2780 Salomon
2818 2735 2905 2781 op
2946 2723 3245 2778 Batavia
3287 2723 3330 2768 —

1516 2839 1670 2888 (aen
1709 2843 1863 2892 wien
1901 2848 2324 2901 meergemelte
2361 2857 2592 2905 packen
2629 2860 3129 2909 Geconsigneert
3167 2859 3361 2910 sijn)

1545 2989 1621 3039 t'
1659 2993 2037 3043 Intrageren
2074 2999 2264 3049 soude
2299 3003 2640 3050 schicken;
2675 3000 2753 3048 In
2791 2997 3130 3045 vertrouwe
3167 2992 3282 3042 hij

1522 3126 1850 3174 gouvern:r
1885 3129 2032 3178 door
2068 3134 2214 3181 dese
2250 3136 2469 3183 Gedane
2505 3135 2906 3183 Cortoisije,
2941 3134 3051 3181 van
3087 3132 3236 3179 sijn

1519 3265 1963 3314 voorgenomen
2002 3270 2163 3316 ende
2203 3271 2405 3320 noijt
2444 3276 2725 3323 Gewesen
2766 3273 3208 3322 praetensien
3243 3269 3288 3318 —

1523 3406 1928 3460 desisteren
1967 3416 2131 3461 sal,
2169 3419 2292 3467 dat
2331 3423 2453 3471 den
2492 3426 2655 3474 tijt
2691 3425 3058 3474 openbaren
3098 3419 3260 3470 moet

1514 3554 1658 3605 ende
1687 3550 1833 3600 wert
1868 3549 1903 3594 u
1938 3549 2044 3595 Ed:
2078 3550 2149 3597 't
2183 3552 2429 3601 gevolch
2465 3556 2710 3605 vandien
2745 3559 2851 3608 p:r
2886 3563 2956 3608 d'
2988 3561 3308 3611 Engelsche

1496 3705 1708 3754 fluijt
1744 3709 1814 3754 d'
1849 3708 2133 3754 zeeblom,
2168 3709 2204 3755 (
2239 3708 2346 3755 die
2380 3707 2487 3754 int
2521 3708 2770 3756 laetste
2805 3709 2911 3755 van
2946 3709 3088 3757 deel
3123 3709 3316 3756 wed=e

1496 3827 1804 3885 novemb:r
1843 3837 2114 3884 Gelijcq
2150 3841 2381 3888 vooren
2420 3842 2728 3891 gesecht)
2764 3844 2881 3891 van
2919 3843 3074 3889 hier
3111 3839 3267 3889 over

1511 3972 2035 4024 Madrespatnam,
2075 3974 2237 4021 naer
2277 3974 2518 4020 bantam
2559 3975 2760 4023 staet
2797 3977 2881 4023 te
2920 3975 3364 4022 vertrecken)

1481 4096 2049 4148 gecommuniceert:
2087 4096 2353 4144 blijven
2389 4098 2465 4144 in
2503 4099 2692 4147 hoope
2729 4100 2882 4146 uEd:
2917 4098 3033 4147 ons
3070 4098 3375 4145 Gedoenti

1526 4203 1677 4249 niet
1715 4203 2018 4250 qualijcq
2054 4204 2321 4253 duijden
2358 4209 2511 4257 sult

2853 4420 3191 4480 dnaer

691 275 866 335 Julio
898 272 1002 319 ao.
1036 272 1177 321 1646

1340 795 1517 842 Dagh
1559 798 1911 846 Register
1955 797 2218 848 wegens
2262 803 2352 851 't
2394 808 2878 857 gepasseerde

1919 580 2165 628 pie

1903 455 2343 511 Tonckei

2887 460 3128 509 164
