3642 4876
2791 182 2971 234 703

933 398 1121 460 Batavia
1143 391 1200 441 te
1224 387 1466 435 versenden
1490 391 1757 444 dierhalven
1782 400 1890 448 oock
1915 404 1969 451 te
1994 407 2235 460 versorgen
2259 416 2395 465 dient
2418 422 2527 474 daar
2551 431 2686 482 tegen
2709 438 2976 490 behoorlijk

943 508 1182 559 barcquen
1211 508 1272 554 op
1301 509 1540 560 voorraed
1569 516 1720 565 hebt,
1748 521 2076 574 ommevolgens
2105 529 2167 577 d'
2195 533 2225 578 E
2255 533 2286 579 d
2314 535 2375 582 h.
2404 537 2434 582 r
2463 537 2763 592 Gouverneur
2791 548 2885 598 van

938 631 1193 685 Taijonaus
1220 632 1360 679 ordre
1388 634 1501 682 ofte
1528 638 1697 687 danwel
1723 643 1780 690 op
1807 645 1864 691 d'
1891 647 2004 693 onse
2031 649 2117 696 soo
2143 652 2312 702 selffs
2339 658 2535 706 mnochte
2562 661 2703 709 comen
2730 665 2898 715 desyde
2926 670 3038 717 daer

948 757 1066 803 mede
1095 756 1155 801 te
1182 754 1362 800 cunnen
1390 755 1687 810 affbrengen
1714 767 1833 815 maer
1862 770 1950 817 off
1980 772 2158 820 geviel
2186 776 2276 823 het
2304 779 2541 831 Batavias
2569 786 2748 838 Schip,
2776 794 2866 843 ons
2893 800 3021 854 even

946 876 1114 926 buyten
1141 878 1253 923 des:
1279 879 1445 928 Revier
1472 883 1583 931 voor
1609 887 1693 935 ons
1719 890 1940 942 vertrecq
1967 897 2050 945 van
2077 900 2105 945 t
2132 900 2326 949 paerlen
2353 904 2574 956 Eylandt,
2600 912 2684 960 als
2710 916 2767 964 nu
2792 921 2876 968 van
2903 923 3014 971 hier

947 1003 1087 1051 boven
1113 1006 1197 1053 met
1224 1009 1280 1055 de
1306 1010 1529 1063 barcquen
1554 1019 1803 1074 affgegaen
1831 1029 1997 1078 sullen
2023 1033 2189 1080 wesen,
2217 1035 2356 1080 quame
2382 1036 2438 1081 t'
2465 1036 2741 1087 ontmoeten,
2769 1042 2879 1087 sult
2905 1039 3017 1087 niet

2514 1122 2660 1170 N

950 1137 1122 1183 eerder
1149 1139 1434 1191 ijmandenna
1461 1146 1661 1200 beneden
1688 1157 1747 1204 te
1773 1160 1946 1212 senden
1972 1168 2058 1215 dan
2085 1171 2172 1217 int
2198 1173 2341 1219 begin
2369 1174 2454 1221 van
2483 1173 2710 1221 decemb:e
2738 1172 2852 1218 want
2880 1173 2967 1219 ons

942 1272 1033 1319 als
1061 1272 1151 1318 dan
1179 1270 1269 1316 soo
1299 1270 1417 1315 seer
1446 1269 1744 1319 omherwarts
1773 1275 1982 1324 tekomen
2010 1281 2070 1328 in
2099 1283 2336 1333 Taijouan
2366 1288 2486 1336 niet
2514 1291 2811 1339 verhaesten
2840 1292 3019 1341 sullen

898 1407 982 1454 end
1007 1398 1256 1451 ingevalle
1284 1398 1339 1443 't
1366 1398 1504 1444 later
1531 1400 1587 1446 en
1613 1401 1752 1449 naons
1778 1405 1999 1456 vertrecq
2025 1412 2109 1459 van
2135 1415 2329 1466 buijten
2355 1422 2465 1467 quam
2492 1421 2547 1466 op
2575 1421 2687 1470 dese
2712 1425 2850 1472 Custe
2877 1426 3042 1472 tarri„

916 1532 1114 1581 „veres,
1140 1529 1338 1576 sultul.
1366 1528 1395 1574 s
1423 1528 1480 1573 in
1507 1529 1648 1579 allen
1675 1534 1817 1583 delen
1843 1539 1957 1588 nade
1984 1543 2210 1597 daermede
2237 1553 2546 1602 overcomende
2574 1557 2715 1602 ordre
2742 1557 3039 1607 reguleren,

934 1661 1217 1709 soodanigh
1248 1661 1342 1707 als
1372 1661 1530 1707 dunct
1560 1662 1654 1708 den
1685 1663 1873 1710 besten
1904 1664 2093 1712 dienst
2123 1669 2281 1720 vande
2310 1676 2467 1723 Comp.
2498 1678 2530 1724 e
2560 1679 2624 1725 in
2654 1680 2748 1726 dit
2779 1679 2998 1728 geweste

935 1784 1177 1834 omtrent
1208 1786 1346 1832 dese
1379 1786 1550 1833 natie
1583 1787 1652 1833 na
1685 1789 1923 1837 debeste
1956 1792 2228 1841 kennisse
2262 1796 2330 1842 en
2364 1797 2602 1845 bekomen
2636 1801 3010 1855 Experientie

928 1916 994 1965 te
1025 1916 1402 1966 vereijschen:
1434 1921 1748 1969 mitsgaders
1779 1923 1843 1969 de
1873 1925 2220 1977 schenckagie
2249 1927 2376 1974 (soo
2408 1927 2503 1973 der
2533 1929 2723 1975 eenige
2753 1930 3038 1983 medecompt

941 2043 1225 2091 insulcker
1255 2044 1443 2094 voegen
1473 2049 1599 2097 ende
1630 2053 1787 2102 forma
1817 2058 1911 2104 als
1942 2060 2036 2106 off
2066 2061 2256 2113 selffs
2285 2070 2660 2118 inphoonwaren
2690 2069 2754 2116 en
2784 2068 2878 2114 bij
2908 2067 3005 2114 ons

929 2175 1178 2223 gewoonis
1208 2178 1270 2223 te
1299 2176 1640 2225 geschieden,
1670 2181 2009 2235 overleveren
2039 2190 2132 2238 aen
2162 2193 2348 2240 welcke
2377 2196 2593 2245 deselve
2624 2200 2748 2246 door
2778 2201 2901 2247 hare
2932 2200 3026 2248 Ed:

925 2308 997 2359 op
1029 2311 1278 2360 Batavia
1313 2312 1770 2367 g'addresseert
1806 2322 2017 2368 comen,
2052 2323 2193 2368 ende
2228 2323 2370 2372 omme
2402 2327 2546 2373 hare
2580 2328 2862 2375 gedachte
2897 2330 3041 2377 Ed:e

935 2447 1020 2494 van
1048 2449 1078 2495 u
1105 2451 1388 2499 verrichten
1416 2453 1672 2500 cuntschap
1700 2455 1757 2500 te
1784 2454 1927 2501 geven
1955 2455 2068 2501 sult
2096 2456 2181 2501 van
2209 2456 2352 2502 alles
2380 2457 2692 2503 behoorlijke
2719 2458 3003 2505 dagelijxe—

933 2578 1314 2624 aentekeninge
1346 2579 1538 2627 houden
1567 2583 1695 2630 ende
1727 2583 2012 2628 beneffens
2043 2582 2299 2628 nadvisen
2330 2583 2393 2628 na
2425 2582 2648 2628 Batavia
2679 2582 2902 2629 senden,
2933 2582 3065 2631 ende

926 2715 987 2762 op
1017 2713 1107 2760 dat
1136 2713 1287 2760 alles
1316 2713 1406 2758 met
1435 2711 1587 2758 goede
1616 2712 1766 2758 ordre
1795 2712 2005 2759 toegae:
2035 2712 2335 2759 mitsgaders
2365 2713 2425 2758 t'
2454 2713 2605 2759 eenen
2635 2706 3055 2758 t'anderstrecke

926 2850 1022 2898 ten
1053 2848 1340 2896 voordeele
1371 2849 1531 2895 vande
1562 2846 1722 2894 Comp.
1752 2845 1787 2891 e
1817 2847 1944 2895 ende
1976 2848 2262 2895 proffijte
2294 2850 2454 2898 onser
2484 2851 2613 2898 h=rn
2642 2850 2999 2903 principalen

934 2980 1084 3027 blyve
1112 2983 1232 3029 ul:t
1261 2982 1291 3027 (
1321 2981 1410 3027 die
1439 2979 1499 3025 't
1528 2978 1707 3024 eerste
1736 2979 1914 3025 gesagh
1944 2979 2033 3024 tot
2062 2979 2152 3025 ons
2180 2979 2359 3024 Retour
2389 2978 2715 3029 deffeneren)
2744 2982 2804 3028 de
2833 2976 2983 3026 goede

923 3124 1023 3173 toe
1053 3120 1318 3168 versight
1351 3119 1482 3167 ende
1514 3117 1678 3163 sorge
1711 3118 1842 3166 over
1874 3121 2072 3170 Comp.s
2103 3124 2366 3171 middelen
2398 3118 2628 3169 (welcke
2659 3114 2824 3162 desen
2856 3107 2990 3160 Jare

924 3247 1011 3299 vry
1037 3255 1237 3301 grooter
1264 3257 1349 3303 als
1377 3258 1689 3308 annopassado
1717 3264 1887 3311 waren)
1914 3265 1973 3312 op
1998 3264 2255 3313 thooghste
2282 3259 2509 3308 bevolen:
2536 3250 2820 3303 mitsgaders
2848 3249 2992 3296 gere„

894 3388 1308 3444 „commandeert,
1340 3399 1435 3444 tot
1466 3399 1753 3448 maintenue
1785 3403 1848 3449 en
1880 3404 2293 3454 onderhoudinge
2325 3407 2420 3453 van
2451 3403 2611 3452 goede
2641 3397 2834 3447 ordre,
2865 3395 3068 3443 vrede-

913 3535 1009 3584 end
1038 3531 1231 3579 eenigh
1262 3534 1294 3580 t
1325 3535 1420 3581 met
1452 3536 1801 3588 denanderen,
1832 3543 1927 3589 tot
1959 3544 2180 3590 welcker
2212 3540 2561 3590 confirmatie
2591 3538 2655 3584 't
2684 3536 2972 3586 voorleden
3003 3542 3035 3587 —

899 3680 1090 3728 Jarige
1121 3678 1376 3728 placcaet
1407 3675 1534 3721 sult
1566 3675 1725 3720 laten
1756 3676 2042 3727 aenslaen,
2071 3680 2136 3727 en
2168 3680 2295 3725 over
2326 3679 2390 3725 de
2421 3674 2833 3726 wederspaninge
2865 3673 2992 3720 naer

921 3807 1071 3854 luijt
1096 3806 1337 3855 vandien,
1367 3810 1426 3855 en
1454 3808 1545 3854 den
1574 3806 1841 3852 generalen
1871 3807 2257 3855 articulbrieff
2286 3807 2405 3854 ende
2433 3802 2701 3852 Erigentie
2730 3801 2820 3847 van
2850 3800 2998 3846 saken

2611 3933 2973 3986 behoorlijk„e

0 483 95 529 beso

172 497 265 546 euren

203 724 272 772 andre

7 711 63 757 r

185 967 267 1016 lver
