3567 4883
2413 720 2732 777 rompen
2785 730 3051 779 25500
3098 727 3320 781 lbb.

1241 754 1464 802 399¼
1516 746 1629 792 lb
1658 734 1957 788 matis
2013 734 2235 782 4000
2264 735 2401 781 lb

1263 878 1585 932 suijver
1630 873 1813 921 thin
1857 866 2088 918 rostx
2131 859 2592 911 japaensche
2637 851 3050 904 verlackte
3092 846 3324 894 lamp„

1270 993 1745 1060 „toirckens
1790 985 1980 1036 ende
2027 985 2075 1030 2
2122 977 2547 1030 rasfineer
2591 969 2877 1022 ketels
2924 967 3397 1017 monterende

1298 1120 1630 1176 t'samen
1675 1115 1772 1164 d'
1817 1104 2057 1158 somma
2104 1102 2247 1149 van
2292 1101 2342 1147 ƒ
2386 1104 2673 1153 67165„
2716 1101 2863 1153 16„
2907 1086 3385 1143 jmbarcquen

1290 1251 1462 1305 ende
1502 1244 1756 1295 jegens
1798 1243 1925 1290 30.
1963 1238 2009 1286 e
2050 1238 2261 1284 deser
2303 1239 2472 1287 of't
2514 1237 2641 1286 soo
2682 1233 2893 1281 rasch
2934 1231 2977 1277 t
3019 1229 3315 1276 mousson

1273 1392 1455 1444 sich
1496 1383 1770 1435 eenich
1813 1375 2040 1426 sints
2085 1372 2491 1419 favorabel
2534 1365 2987 1417 aensteldt,
3032 1361 3214 1410 doen

1281 1493 1755 1575 vertrecken
1800 1489 2037 1537 sall,
2084 1486 2225 1534 met
2272 1485 2508 1531 ordre
2554 1483 2743 1531 ende
2790 1468 3404 1528 recommandatie

1217 1648 1458 1712 aende
1501 1624 2261 1692 oppercoopluijden
2307 1621 2497 1670 S„rs
2540 1600 2922 1663 Martinus
2959 1594 3063 1643 d'
3110 1588 3394 1638 vroede

1273 1781 1467 1835 ende
1512 1773 1803 1827 thomas
1850 1770 2141 1817 Cuijck
2188 1762 2525 1818 gemelte
2572 1747 2862 1806 fluijt
2909 1738 3198 1790 aldaer
3244 1735 3395 1784 met

1270 1913 1484 1968 lieff
1525 1902 1995 1959 verscheenen
2036 1895 2336 1947 sijnde,
2377 1894 2548 1942 ende
2589 1886 2803 1937 vandt
2842 1877 3016 1931 mede
3058 1876 3399 1925 gebracht

1260 2042 1575 2104 ontlost
1619 2036 1931 2090 hebben,
1974 2035 2109 2081 opt
2149 2019 2642 2079 spoedichste
2683 2013 2819 2064 met
2863 2011 2908 2057 t
2952 2001 3399 2055 invoorraet

1258 2198 1399 2249 aff
1444 2192 1538 2242 te
1584 2182 1816 2235 laden
1862 2175 2048 2225 ende
2093 2173 2141 2219 t
2186 2158 2743 2217 mancquerende
2784 2154 2928 2203 aen
2973 2133 3392 2197 desselffs

1254 2318 1603 2373 landinge
1644 2317 1777 2363 met
1820 2312 1996 2362 rijs
2038 2309 2170 2354 off
2212 2308 2388 2355 tsij
2430 2306 2606 2352 door
2648 2285 3172 2349 schaersheijt
3216 2276 3391 2329 ofte

1251 2458 1351 2509 te
1397 2448 1644 2500 langh
1692 2444 1791 2492 te
1838 2433 2182 2487 duchten
2229 2429 2623 2478 tardance
2671 2428 2819 2476 met
2865 2417 3161 2473 nillij
3209 2414 3311 2461 te

1251 2575 1739 2633 suppleren,
1785 2570 1984 2619 ende
2027 2565 2227 2617 daer
2275 2560 2470 2609 mede
2518 2552 3006 2605 adroucture
3054 2547 3299 2599 weder

1198 2716 1764 2787 herwaerts
1825 2712 1952 2761 te
2009 2706 2326 2759 laten
2388 2701 2701 2750 Comen

1178 2934 1566 2986 Wijders
1616 2933 1789 2979 dat
1844 2935 2011 2982 men
2064 2937 2232 2983 int
2288 2936 2565 2983 schip
2620 2935 2789 2982 den
2842 2938 3066 2985 haan
3117 2939 3342 2987 (van

1260 3063 1390 3111 zyn
1432 3058 1606 3108 mede
1648 3058 2039 3111 gebrachte
2082 3063 2472 3115 Cargasoen
2515 3070 2645 3116 ten
2686 3067 2905 3114 deele
2948 3064 3382 3112 ontledicht

1246 3176 1524 3233 sijnde
1568 3172 1705 3219 tot
1750 3171 2070 3219 progres
2115 3173 2390 3221 vanden
2429 3172 2709 3222 handel
2753 3173 2845 3220 op
2890 3172 3393 3222 masulipatan

1249 3298 1398 3347 een
1431 3291 1892 3341 Corgasoen
1940 3285 2387 3336 Bestaende
2433 3281 2634 3329 uijt
2684 3281 2832 3328 113
2882 3283 2931 3328 O
2980 3275 3229 3329 taijl

1269 3408 1588 3464 jappans
1632 3405 1955 3454 schuijt
1995 3410 2272 3461 silver
2317 3416 2546 3465 72764
2589 3419 2682 3467 lb
2723 3410 3045 3459 suijver
3090 3402 3276 3454 thin

1253 3553 1406 3601 860
1456 3544 1609 3597 p=s
1658 3537 1915 3587 fijne
1965 3534 2527 3586 porcelijnen
2575 3536 2627 3582 5
2678 3530 2882 3581 pees
2932 3512 3391 3574 verlackte

1231 3667 1530 3733 japanse
1570 3662 2118 3713 comptoirekens
2159 3661 2245 3707 17
2287 3661 2371 3708 p.
2412 3663 2456 3710 l
2495 3654 2833 3711 g'olijt,
2871 3648 3043 3698 ende
3085 3648 3169 3695 2½
3210 3642 3379 3691 riem

1225 3793 1568 3850 schrijff
1610 3786 1912 3837 pampier
1952 3782 2041 3830 en
2083 3778 2254 3829 1/16
2295 3775 2555 3823 legger
2598 3767 2898 3820 spaense
2941 3762 3113 3810 wijn
3154 3758 3292 3807 ter

1226 3919 1578 3971 monture
1622 3921 1777 3967 van
1823 3915 2424 3969 ƒ350374„13„3
2469 3905 2672 3959 jtem
2721 3895 2921 3948 voor
2969 3894 3120 3940 S=t
3170 3889 3370 3939 Crus

1211 4050 1557 4107 d'Gaele
1603 4043 1754 4092 van
1802 4041 2001 4091 hier
2043 4043 2148 4092 11
2196 4036 2493 4088 packen
2539 4017 2887 4079 Cleeden
2934 4013 3232 4063 13090.
3280 4010 3380 4058 lb

1227 4196 1492 4252 Booter
1533 4189 1711 4240 ende
1754 4185 1976 4234 10744
2020 4184 2108 4230 lb
2152 4178 2329 4229 olij
2371 4171 2814 4221 Bedragende
2857 4169 2902 4214 ƒ
2945 4161 3347 4217 6030//1/-

1215 4320 1710 4378 mitsgaders
1750 4320 1956 4367 voor
2001 4323 2497 4381 Caijlpatam
2546 4322 2695 4369 een
2740 4313 3390 4369 cargasoentgen

2626 4500 3342 4570 Bestaende
