3703 4773
1280 672 1306 718 T
1330 673 1580 721 g'eijschte
1604 672 1706 718 uijt
1730 673 1781 719 ue
1805 675 2005 722 quartier
2030 678 2155 726 tegen
2180 681 2255 728 a:o
2279 684 2530 734 aenstaende
2554 689 2705 737 sullen
2729 693 2805 738 ter
2829 694 3054 744 gelegener
3079 699 3231 749 tijdt,
3254 705 3356 754 doch
3379 709 3455 756 hoe

1388 765 1572 812 vroeger
1598 765 1676 810 hoe
1702 765 1834 813 beter
1859 768 2147 817 verwachten,
2173 772 2331 822 willen
2355 778 2514 826 hoopen
2538 782 2670 830 beter
2695 785 2958 838 voordeelen
2982 794 3061 841 als
3086 797 3139 842 de
3164 797 3296 847 desen
3322 802 3430 852 Jare

1387 857 1541 906 becom:
1566 858 1771 904 erlangen
1796 859 1975 907 sullen,
2000 862 2154 908 anders
2179 864 2256 909 was
2281 865 2333 912 t'
2357 868 2435 915 met
2459 870 2639 919 nodich,
2663 875 2766 921 naer
2791 876 2920 923 desen
2944 879 3098 928 eenige
3122 884 3302 936 cleden,
3326 892 3430 942 uijt
3454 898 3506 944 uE

1381 955 1580 1002 quartier
1604 954 1654 1000 te
1679 952 1929 1000 voirderen,
1952 955 2054 1001 ende
2077 957 2177 1003 (soo
2201 958 2252 1004 t'
2276 960 2426 1007 gemeen
2450 962 2724 1013 spreeckwort
2748 968 2898 1015 seijt,
2922 971 2972 1016 t'
2997 971 3072 1018 sop
3096 973 3147 1020 de
3171 976 3271 1024 cool
3295 979 3396 1028 niet
3419 984 3520 1030 waer

1348 1101 1376 1147 t
1398 1104 1547 1152 zedert
1571 1107 1721 1155 gem=te
1744 1111 1843 1156 onse
1868 1111 1917 1156 uE
1942 1111 2016 1157 bij
2040 1111 2090 1156 d'
2114 1111 2412 1161 vogelstruijs
2435 1117 2733 1171 toegesonden,
2757 1127 2807 1173 is
2831 1129 2905 1176 mij
2930 1131 2980 1177 uE
3004 1132 3227 1182 aengename
3251 1137 3477 1188 gedateert

1379 1202 1430 1248 17
1448 1198 1578 1248 maert
1603 1198 1678 1244 bij
1703 1199 1753 1245 t'
1778 1200 1953 1246 orloghs
1978 1200 2103 1246 Jaght
2127 1199 2303 1245 bergen,
2327 1200 2478 1249 twelck
2502 1204 2602 1252 hier
2627 1207 2702 1254 den
2727 1209 2953 1261 almogende
2976 1217 3053 1264 sij
3076 1220 3177 1268 daer
3201 1223 3302 1270 voor
3326 1226 3504 1273 hooghd=

1373 1290 1609 1346 gepresen)
1635 1289 1713 1335 den
1739 1289 1843 1335 19:e
1868 1287 2051 1333 passado
2076 1285 2180 1331 door
2205 1284 2259 1330 uE
2284 1285 2363 1332 met
2387 1288 2545 1337 vraght
2569 1293 2777 1341 goederen
2802 1297 3012 1347 volladen
3036 1303 3115 1350 wel
3139 1306 3400 1358 aengecomen
3425 1314 3506 1361 Is,

1372 1383 1716 1447 overhandight,
1742 1379 2005 1427 mitsgaders
2031 1379 2110 1424 het
2135 1378 2373 1425 bevrachte
2399 1380 2531 1427 moors
2556 1383 2820 1434 scheepjen,
2845 1389 2925 1437 den
2950 1393 3030 1439 21'
3055 1395 3162 1442 daer
3187 1398 3503 1449 aenvolgende,

1376 1487 1536 1537 zijnde
1561 1478 1722 1531 door't
1747 1474 1855 1522 hart
1881 1472 2042 1518 weder,
2067 1472 2255 1519 ontrent
2280 1474 2388 1520 Cabo
2413 1476 2653 1524 d'Jasques
2680 1479 2761 1525 van
2786 1481 2946 1529 bergen
2972 1484 3213 1534 versteken
3238 1489 3478 1538 gewerden/

1296 1625 1419 1673 ditto
1442 1623 1590 1669 bergen
1612 1622 1759 1669 hebben
1783 1622 1856 1667 van
1881 1622 2027 1667 zijnne
2051 1622 2198 1669 vracht
2221 1624 2416 1672 goederen
2439 1626 2659 1674 ontladen,
2683 1628 2781 1674 ende
2804 1628 2903 1674 daer
2926 1629 3049 1675 weder
3072 1631 3121 1676 Jn
3145 1629 3364 1675 gescheept
3389 1625 3438 1674 de

1373 1714 1452 1764 100
1476 1711 1629 1758 lasten
1653 1707 1755 1755 rijs
1780 1706 1882 1752 voor
1907 1705 2008 1751 Gale
2033 1705 2084 1750 (:
2108 1704 2236 1749 alsoo
2261 1704 2311 1749 d'
2337 1704 2464 1751 paeuw
2488 1706 2616 1753 (daer
2640 1708 2716 1754 toe
2740 1708 2843 1754 door
2868 1708 2944 1754 uE.
2969 1709 3298 1756 gedestineert)
3322 1706 3501 1754 vermits

1373 1804 1453 1854 tot
1476 1801 1529 1848 de
1552 1791 1811 1844 besendinge
1837 1790 1914 1836 van
1939 1787 2145 1835 bassora,
2170 1785 2299 1831 doort
2325 1785 2659 1835 verongelucken
2684 1790 2762 1837 van
2787 1792 3045 1839 Schelvisch
3069 1793 3326 1840 benoodight
3352 1794 3506 1842 hebben

1371 1891 1478 1941 niet
1502 1883 1659 1935 connen
1683 1875 1866 1927 missen)
1892 1873 2100 1920 waermede
2126 1873 2230 1918 gesz
2255 1874 2411 1921 Bergen
2436 1876 2696 1923 voornemens
2722 1878 2826 1925 sijn
2851 1879 2929 1925 den
2955 1880 3033 1926 10'
3059 1881 3086 1926 a
3111 1882 3241 1927 11=en
3266 1883 3396 1929 deser

1375 1968 1612 2026 derwaerts
1636 1965 1689 2012 te
1715 1958 1975 2010 largeeren,
2001 1956 2079 2003 van
2105 1955 2209 2001 waer
2235 1955 2312 2000 bij
2338 1955 2495 2002 aldien
2520 1958 2574 2005 d'
2598 1961 2677 2008 H=r
2702 1963 2962 2009 Gouverneur
2988 1963 3092 2009 Joan
3117 1960 3325 2008 matthijs
3349 1955 3507 2005 t'selv

1373 2065 1456 2114 met
1483 2053 1756 2108 benoodight
1782 2049 1865 2097 is,
1891 2047 1947 2094 om
1974 2044 2111 2091 zijne
2136 2042 2193 2089 Jn
2220 2041 2439 2087 voorraet
2466 2042 2686 2091 hebbende
2711 2048 2958 2097 canneelen
2985 2052 3094 2098 naer
3122 2053 3341 2099 battavia
3367 2055 3505 2101 zende

1362 2152 1553 2213 volgens
1577 2144 1685 2195 hare
1710 2140 1818 2188 Ed=s
1843 2135 1977 2184 ordre
2003 2132 2137 2179 voort
2163 2130 2270 2176 naer
2296 2130 2616 2178 masulipatnam
2641 2134 2775 2180 gaet,
2801 2136 2907 2182 doch
2933 2137 3014 2185 ben
3040 2140 3121 2187 van
3146 2143 3361 2193 gevoelen
3384 2145 3493 2194 sijn

1365 2253 1395 2301 E
1416 2239 1572 2295 tselve
1595 2229 1800 2283 volladen
1824 2225 1927 2274 ende
1951 2222 2104 2269 batt=a
2129 2221 2282 2268 zenden
2308 2222 2409 2268 sal,
2434 2222 2511 2268 dat
2536 2223 2588 2268 ue
2612 2224 2714 2269 ende
2739 2224 2816 2271 ons
2841 2226 2917 2272 bij
2942 2227 3273 2280 offresserende
3298 2236 3504 2286 gelegent

1361 2327 1649 2387 aengenaem
1676 2318 1838 2370 werde
1869 2316 1933 2362 te
1964 2312 2251 2360 vernemen,

1258 2461 1319 2516 Op
1343 2454 1426 2504 den
1452 2449 1561 2498 4=en
1587 2445 1749 2493 hebben
1775 2442 1965 2490 t'schip
1991 2439 2234 2486 schiedam,
2261 2440 2369 2486 over
2396 2440 2504 2485 Cour
2531 2440 2585 2486 d'
2611 2440 2720 2485 gale
2747 2439 2855 2485 naer
2881 2438 3205 2484 masulipatnam
3232 2439 3504 2487 gelargeert

1371 2545 1428 2592 en
1455 2540 1568 2589 daer
1595 2536 1708 2585 Inne
1735 2534 1849 2581 voor
1876 2533 1960 2579 dat
1987 2530 2213 2578 quartier
2240 2528 2494 2575 gescheept
2521 2529 2605 2575 252
2632 2529 2661 2575 @
2689 2529 2829 2576 guld:
2857 2531 3138 2578 Incontant,
3165 2534 3194 2579 4
3222 2534 3446 2580 paerden

1368 2639 1449 2690 met
1472 2633 1579 2683 haer
1603 2626 1812 2677 voeragie
1837 2623 1942 2671 ende
1967 2620 2071 2667 noch
2097 2618 2253 2665 eenige
2279 2616 2617 2663 cleenicheden,
2641 2617 2695 2663 en
2719 2619 2772 2664 Is
2798 2619 2954 2666 tschip
2979 2621 3031 2667 1:
3057 2622 3291 2669 amsterdam
3316 2621 3499 2670 (twelcq

1360 2731 1462 2780 noch
1484 2723 1587 2774 naer
1611 2721 1688 2768 een
1712 2714 1914 2765 weijnich
1938 2709 2115 2758 contant
2139 2707 2216 2753 dat
2240 2705 2518 2752 t'ontfangen
2542 2707 2719 2752 stonde)
2743 2706 2895 2752 wachte
2920 2707 2996 2754 den
3020 2709 3122 2758 7=en
3146 2714 3372 2762 (hebbende
3398 2716 3501 2764 daer

1362 2823 1415 2868 In
1440 2810 1680 2867 gescheept
1704 2804 1812 2853 voor
1837 2801 1918 2848 d:o
1943 2795 2262 2845 masulipatnam
2289 2795 2422 2840 1310.
2448 2795 2580 2841 guld:
2607 2795 2660 2840 In
2686 2795 2951 2843 contanten)
2978 2798 3296 2848 overgeseijde
3321 2801 3434 2849 Gale

1354 2902 1581 2955 gevolcht
1607 2897 1722 2947 Godt
1748 2886 2032 2941 almachtich
2059 2884 2257 2931 gelieve
2286 2883 2399 2929 haer
2426 2883 2540 2930 eene
2568 2885 2794 2934 spoedige
2822 2889 2935 2936 ende
2962 2891 3105 2939 salvo
3131 2894 3358 2940 voijagie
3384 2887 3479 2937 te

1363 2987 1656 3043 verleenen,
1683 2982 1802 3031 ende
1830 2977 2123 3026 comptanten
2152 2977 2446 3023 monterende
2474 2978 2562 3023 383
2591 2978 2650 3024 0:
2679 2979 2855 3025 guld:n
2882 2979 2943 3025 Jn
2971 2980 3205 3027 courante
3234 2980 3411 3029 waeren

1349 3082 1677 3143 g'Implojeert
1702 3077 1839 3126 mogen
1866 3071 2056 3120 werden,
2083 3069 2191 3116 ende
2218 3068 2381 3114 houden
2408 3069 2490 3115 wij
2516 3070 2679 3117 Bergen
2706 3071 2814 3116 (als
2840 3068 3004 3114 vooren
3030 3069 3247 3115 geseijt)
3274 3070 3383 3115 noch
3410 3069 3492 3116 tot

1344 3193 1400 3243 10
1477 3186 1530 3233 11
1553 3178 1660 3228 hier
1684 3174 1739 3221 op
1763 3165 1973 3217 Jnsichte
1998 3162 2078 3209 dat
2103 3159 2339 3207 verhoopen
2364 3160 2417 3205 In
2443 3160 2548 3205 dese
2573 3161 2600 3206 3
2626 3161 2652 3206 a
2678 3161 2705 3206 4
2730 3162 2861 3207 dagen
2887 3162 2913 3207 (
2939 3161 3044 3206 daer
3070 3160 3201 3206 goede
3227 3161 3488 3206 apparentie

1359 3281 1443 3330 toe
1467 3274 1552 3324 is)
1577 3267 1688 3317 noch
1715 3264 1770 3311 59
1795 3261 1825 3308 a
1850 3258 1934 3305 60:
1960 3256 1989 3302 @
2014 3251 2153 3300 guld:
2178 3249 2235 3296 In
2261 3247 2454 3294 contant
2481 3248 2727 3297 ontfangen
2754 3251 2946 3297 sullen,
2972 3251 3138 3297 twelcq
3164 3249 3411 3297 becomende
3438 3248 3496 3296 me

1342 3369 1435 3417 hem
1462 3358 1589 3412 mede
1618 3345 1925 3400 voornemens
1955 3343 2078 3390 sijn
2108 3341 2231 3388 naer
2262 3341 2630 3386 masulipatnam
2660 3341 2722 3387 te
2752 3342 3212 3389 transporteeren,
3243 3340 3335 3387 dat
3363 3335 3488 3385 gera

1325 3461 1495 3515 samer
1520 3446 1774 3504 oordeele,
1801 3441 1887 3490 als
1912 3435 2026 3485 hier
2054 3430 2362 3479 vruchteloos
2390 3429 2503 3475 over
2530 3430 2587 3475 te
2615 3430 2839 3478 blijven,
2867 3433 3063 3480 gemerct
3091 3434 3175 3480 wij
3203 3435 3232 3480 u
3259 3434 3287 3479 E
3315 3433 3487 3480 tselve

1337 3563 1442 3619 eene
1465 3556 1541 3606 't'
1563 3546 1691 3599 geene
1715 3541 1817 3590 noch
1840 3538 1916 3584 bij
1940 3534 2042 3582 onse
2067 3530 2192 3579 cassa
2216 3525 2418 3574 resteert
2442 3523 2594 3570 zijnde
2618 3524 2793 3570 ontrent
2819 3525 2869 3571 d'
2893 3525 2944 3571 70
2969 3525 3019 3570 O:
3044 3525 3245 3570 Guld:sn)
3270 3525 3420 3571 nevens
3445 3526 3511 3572 da

1351 3650 1456 3702 noch
1479 3644 1558 3693 van
1581 3638 1685 3688 onse
1708 3628 1990 3682 onvercochte
2015 3626 2143 3673 peper
2167 3624 2245 3671 als
2270 3622 2423 3669 and're
2448 3620 2677 3667 coopmansz
2702 3617 2830 3664 tegen
2855 3617 2958 3663 dien
2983 3619 3085 3664 tijt
3110 3619 3238 3666 staet
3263 3621 3314 3666 te
3339 3619 3493 3667 proced

1350 3731 1514 3789 welcke
1539 3723 1675 3775 Ruijm
1701 3720 1783 3767 soo
1808 3715 1917 3764 veel
1944 3712 2132 3760 behoort
2158 3711 2213 3757 te
2239 3709 2402 3755 wesen)
2426 3708 2509 3755 met
2535 3707 2644 3754 voor
2669 3708 2939 3754 aenstaende
2966 3707 3154 3753 october
3181 3707 3262 3752 van
3289 3706 3396 3752 hier

1344 3823 1501 3879 sullen
1523 3811 1680 3866 connen
1703 3798 1961 3855 toesenden,
1985 3796 2090 3842 maer
2113 3795 2191 3842 als
2216 3794 2371 3841 vooren
2396 3791 2678 3839 vruchteloos
2704 3791 2832 3837 soude
2856 3790 3062 3837 blijven,
3088 3787 3267 3835 vermits
3292 3785 3475 3832 'tselve

1348 3925 1399 3971 In
1418 3914 1524 3969 geen
1544 3902 1672 3956 zijde
1694 3892 1846 3945 sullen
1870 3886 2120 3936 besteeden,
2144 3884 2219 3930 die
2243 3880 2368 3928 hopen
2393 3880 2468 3925 soo
2492 3879 2617 3924 veele
2642 3879 2767 3925 haere
2791 3879 2941 3925 Ed=lts
2965 3878 3041 3925 van
3066 3878 3165 3923 hier
3189 3875 3290 3922 sijn
3315 3873 3491 3920 eyjssch

1330 4013 1506 4074 Eijnde
1532 4006 1593 4056 3a
1619 3999 1709 4050 400
1735 3986 1911 4042 balen)
1938 3978 2084 4030 tegen
2112 3971 2402 4022 aenstaende
2430 3968 2663 4015 Januario
2691 3967 2750 4013 en
2778 3968 3039 4013 februario
3067 3967 3126 4012 In
3155 3963 3329 4012 Gamron
3356 3961 3416 4007 te

1351 4102 1561 4156 becomen,
1584 4094 1691 4145 waer
1715 4090 1795 4138 toe
1818 4084 1899 4134 ons
1924 4076 2055 4128 goede
2080 4068 2368 4120 apparentien
2394 4068 2524 4113 (door
2549 4067 2603 4113 d'
2628 4063 2915 4114 toesegginge
2941 4063 3019 4108 als
3044 4057 3384 4107 contractatien
3409 4052 3489 4102 met

1347 4192 1521 4247 eenige
1548 4184 1749 4236 Coopl=n
1776 4172 2035 4228 gemaeckt)
2061 4159 2378 4215 verthoonen,
2406 4155 2636 4203 d'welcke
2663 4156 2778 4203 uijt
2806 4157 2864 4203 d'
2892 4157 3179 4204 aencomende
3207 4155 3466 4206 coopmansz

3238 4277 3422 4327 sonder
