3601 4937
883 216 1179 271 Martio
1220 217 1373 267 ao:
1421 215 1617 265 1646

1231 412 1443 466 hoesigh
1473 411 1563 457 den
1593 409 1863 455 Capitains
1892 410 2042 457 kecte
2071 413 2222 460 hield
2250 413 2430 460 welcke
2460 413 2909 464 tevenstaengaten
2938 418 3149 469 nedel:k
3177 425 3398 478 begonde

1233 546 1289 593 te
1315 541 1535 590 beteren,
1562 538 1700 585 edogh
1726 535 1836 582 nogh
1864 534 1947 580 aen
1973 535 2056 580 een
2083 535 2412 584 continueelen
2439 539 2658 587 affgangh
2685 541 2877 587 bleeff,
2904 542 3016 590 waer
3041 546 3152 593 door
3178 549 3288 595 vrij

1240 665 1386 713 swack
1414 664 1472 710 op
1501 664 1559 709 de
1587 661 1760 708 beenen
1789 660 1905 706 was,
1933 659 2022 706 met
2048 661 2194 707 welck
2222 663 2397 710 raport
2424 666 2568 714 weder
2597 669 2829 717 vertrock
2857 672 3032 724 nevens
3059 680 3117 725 de
3145 680 3434 737 danckbaned

1230 786 1403 844 groete
1430 782 1515 830 aen
1542 780 1627 827 syn
1654 779 1822 825 maij:t
1850 779 1962 826 over
1989 780 2270 829 d'affectie
2297 784 2382 831 die
2409 786 2690 835 s'onswarts
2717 791 2997 841 bethoonden
3025 796 3060 845 /

1012 911 1185 958 Heden
1219 908 1528 957 comendoor
1561 907 1665 953 den
1699 904 1974 952 Japander
2008 904 2284 951 Kisemons
2317 907 2489 955 monde
2523 910 2661 957 leer
2694 913 3211 967 afsirmativelijk
3240 916 3313 969 te

1197 1026 1454 1074 verstaen
1486 1027 1679 1073 datter
1710 1028 1806 1074 den
1838 1028 1935 1073 7e:
1967 1028 2127 1073 deser
2158 1027 2192 1073 2
2223 1026 2512 1077 Hollandse
2544 1032 2769 1079 Schepen
2801 1035 2962 1081 buyte
2993 1037 3058 1083 de
3089 1037 3250 1085 haare
3282 1041 3378 1088 van

1229 1150 1426 1202 giangh
1457 1150 1655 1197 souden
1687 1149 1884 1196 gesien
1916 1150 2080 1197 wesen
2112 1153 2211 1199 van
2243 1154 2734 1201 sommgevisschers
2765 1151 2962 1199 welcke
2995 1151 3093 1198 met
3125 1152 3289 1198 hunne

1245 1266 1448 1317 Chingas
1475 1270 1677 1317 deselve
1705 1270 1994 1319 gepasseert
2019 1272 2195 1319 waren:
2222 1274 2511 1325 mitsgaders
2538 1281 2625 1326 die
2654 1281 2769 1327 sien
2797 1281 2913 1327 ende
2941 1283 3114 1329 hooren
3142 1285 3377 1337 schieten

1228 1391 1423 1439 hadden,
1446 1393 1532 1440 bij
1558 1394 1669 1440 dage
1696 1393 1806 1439 ende
1833 1393 1917 1440 bij
1943 1395 2136 1442 nachte,
2163 1398 2246 1443 wat
2273 1399 2384 1444 daer
2410 1400 2576 1448 vorder
2602 1402 2685 1448 van
2712 1401 2797 1447 sij
2822 1403 2987 1449 blijft
3015 1404 3098 1449 den
3125 1404 3407 1460 almogenden

1244 1520 1449 1569 bekent:
1478 1519 1624 1564 diese
1653 1519 1770 1564 door
1799 1518 1945 1563 sijne
1974 1518 2208 1567 heijligh
2237 1522 2471 1568 geleijde
2499 1523 2967 1573 tergedestmeerder
2996 1529 3142 1577 haven
3170 1533 3376 1583 brengen

1239 1639 1406 1687 wil
1456 1641 1680 1690 Amen

818 1788 941 1847 dij
970 1809 1124 1861 18:'
1162 1809 1278 1857 d:o
1315 1811 1547 1862 sijnde
1585 1814 1817 1864 den2:e
1853 1820 2009 1867 dagh
2046 1823 2162 1870 der
2200 1823 2432 1870 tweede
2469 1822 2854 1869 Joncquinse
2892 1824 3047 1870 mane
3084 1827 3163 1874 is
3199 1830 3316 1878 den

1246 1926 1458 1975 Coningh
1486 1932 1577 1978 des
1606 1932 1818 1978 morgens
1848 1933 2028 1982 vroegh
2058 1937 2119 1983 na
2148 1938 2209 1984 de
2239 1938 2511 1988 Jaerlijxe
2539 1944 2811 1991 costuijme
2840 1947 2902 1993 op
2931 1948 2991 1994 de
3021 1948 3292 1999 sandplaet

1227 2048 1456 2098 geweest
1485 2052 1582 2101 met
1613 2056 1870 2104 ongeveer
1901 2059 1966 2107 30
1996 2062 2158 2114 Oman:
2188 2069 2510 2117 mitsgaders
2540 2073 2732 2120 groote
2764 2074 3020 2122 menighte
3052 2076 3373 2128 Eliphanten

1231 2181 1357 2229 ende
1388 2180 1639 2228 Paerden,
1670 2184 1733 2229 de
1764 2184 1952 2231 welcke
1983 2187 2234 2241 driemael
2264 2197 2390 2244 miet
2421 2200 2671 2250 misquets
2703 2205 3048 2254 gechergeert
3078 2210 3329 2259 hebbende

1242 2307 1364 2354 seer
1393 2308 1697 2357 ordentlijk
1726 2313 2029 2361 wederharen
2059 2316 2182 2366 mars
2210 2322 2332 2371 over
2362 2326 2423 2373 de
2452 2328 2636 2378 Revier
2664 2334 2726 2382 te
2755 2337 3060 2387 Stedewarts
3087 2344 3149 2389 in
3179 2345 3331 2395 namen

1235 2437 1377 2482 synde
1406 2437 1491 2483 dit
1519 2438 1605 2483 als
1633 2439 1719 2485 een
1746 2440 2144 2486 superstitieuse
2173 2441 2486 2491 vertooninge
2514 2447 2571 2493 of
2599 2448 2656 2494 at
2684 2450 2855 2497 manier
2883 2453 2941 2499 en
2968 2455 3110 2501 lijne
3138 2456 3369 2507 vijanden

1215 2568 1500 2619 gewoonis
1534 2569 2098 2624 t'ondertebrengen
2132 2579 2280 2628 etc:

962 2701 1086 2748 adij
1115 2703 1239 2750 22:e
1268 2702 1362 2749 d:o
1393 2701 1516 2747 dede
1546 2700 1639 2746 den
1669 2699 1885 2746 Coningh
1915 2698 2254 2745 wederdragen
2285 2699 2440 2748 hoe't
2469 2704 2563 2752 met
2590 2706 2684 2753 den
2715 2706 2963 2756 Capitain
2992 2707 3336 2758 Bronckhorst

1239 2815 1365 2864 was,
1396 2818 1584 2864 welcke
1615 2818 1711 2864 hem
1740 2819 1835 2865 tot
1865 2817 2116 2863 antwoord
2147 2818 2305 2867 weten
2335 2823 2491 2869 liet,
2523 2824 2650 2869 fris
2678 2826 2742 2873 en
2772 2827 2961 2874 gesont
2992 2829 3087 2875 van
3116 2828 3337 2877 harten:

1234 2937 1362 2985 maer
1393 2936 1583 2982 echter
1613 2936 1741 2985 nogh
1772 2940 1962 2987 aeneen
1994 2939 2278 2987 sinelijke
2309 2939 2626 2988 bloedgangh
2656 2943 2848 2990 bleff,
2878 2945 3163 2992 waermede:
3194 2947 3324 2998 ende

1227 3066 1288 3111 de
1317 3061 1622 3109 minnelijke
1652 3062 1835 3110 groete
1866 3063 1957 3110 den
1987 3062 2109 3108 bode
2140 3061 2292 3107 weder
2322 3060 2383 3106 te
2413 3060 2718 3108 hovewaerts
2748 3063 2901 3116 gingh
2930 3069 2993 3117 /.

963 3207 1092 3255 adij
1122 3204 1252 3250 24:'
1283 3204 1380 3250 d:o
1411 3202 1476 3248 Js
1508 3202 1604 3247 den
1636 3199 2023 3247 OpperCoopman
2053 3202 2278 3249 Antonio
2309 3200 2406 3246 van
2438 3197 2888 3245 Broeckhorstuij
2919 3198 3016 3244 t't
3047 3197 3339 3253 voorleden

1188 3324 1315 3380 Jaer
1347 3330 1599 3379 gesnaece
1629 3327 1916 3373 packhuijs
1946 3329 2135 3376 metter
2167 3322 2703 3375 woonovergetrocken
2734 3320 2829 3366 int
2860 3317 3050 3365 nieuwe
3082 3316 3397 3364 woonhuijs,

1229 3447 1414 3494 nevens
1445 3449 1600 3495 Comp.
1630 3450 1660 3495 s
1691 3450 1876 3496 verdre
1906 3449 2215 3496 ministers,
2245 3448 2432 3495 welcke
2461 3449 2616 3495 ijder
2647 3448 2893 3495 nagraden
2923 3441 3265 3492 woonplaets

1232 3574 1607 3620 g'ordonneert
1638 3574 1856 3622 bennen,
1887 3576 2043 3622 sinde
2074 3575 2168 3622 d:o
2199 3571 2355 3620 huijs
2386 3569 2542 3617 langh
2573 3568 2667 3614 67:
2697 3569 2916 3616 voeten,
2947 3571 3103 3618 breet
3134 3572 3228 3619 29.
3256 3571 3384 3619 ende

1237 3701 1305 3750 in
1336 3704 1435 3751 syn
1468 3703 1732 3750 viercant
1763 3706 2060 3755 opgehaelt
2092 3707 2191 3753 met
2223 3706 2421 3752 steene
2454 3707 2684 3755 muijren
2717 3710 2815 3755 18
2847 3709 3047 3759 voeten
3078 3716 3278 3770 hoogh,

1219 3828 1384 3876 hecht
1416 3831 1548 3877 ende
1580 3831 1712 3878 vast
1743 3832 2040 3881 verbonden
2072 3834 2171 3880 met
2203 3834 2435 3882 Japanse
2466 3838 2696 3889 balcken
2729 3844 3024 3892 Iserhoute
3057 3846 3293 3896 stijlen

3030 4009 3142 4055 ende
