3703 4828
1322 617 1500 667 Den
1558 616 1911 672 Nadicx
1967 624 2265 674 China
2323 623 2441 671 (:
2500 625 2677 673 met
2734 623 2912 670 den
2967 622 3331 670 Oaliga

1372 735 1761 789 vermencht
1803 745 2104 795 sijnde,
2145 747 2233 794 is
2276 747 2406 793 wel
2446 738 3092 793 geconditioneert
3135 736 3522 784 overgecom

1376 841 1565 889 maer
1611 844 1802 893 niet
1848 848 2085 896 vande
2132 850 2416 897 rechte
2462 846 2793 895 soorte,
2840 844 3030 891 ende
3077 842 3171 888 al
3218 839 3314 886 te

1350 951 1685 1002 knobbel
1730 959 1921 1005 ofte
1968 959 2538 1007 quastachtich
2585 953 2966 1005 geweest,
3012 951 3298 1002 sonder
3342 948 3487 996 dat

1372 1072 1624 1119 soude
1674 1068 1978 1117 hooger
2026 1064 2280 1114 prijs
2331 1062 2684 1112 gehaelt
2734 1057 3038 1106 hebben

1361 1238 1601 1288 Onder
1647 1244 2366 1299 tschilpatshoorn
2413 1252 2510 1298 pr
2544 1253 2653 1299 na
2698 1251 2892 1300 rouw
2939 1252 3325 1303 gevonden

1389 1343 1474 1391 is
1516 1341 1600 1387 in
1642 1343 1768 1392 een
1809 1347 2020 1393 houte
2061 1348 2188 1394 las
2229 1350 2524 1402 geweest
2564 1357 2691 1404 508
2733 1353 2817 1402 op
2858 1349 2943 1396 d'
2984 1347 3152 1393 luyt
3193 1342 3362 1391 oost

1369 1447 1740 1495 eijlanden
1780 1446 1946 1493 vand
1986 1448 2194 1494 sanda
2233 1451 2399 1498 leer
2439 1452 2687 1500 civijl
2728 1454 3140 1500 jngecocht,
3181 1452 3431 1500 tselve

1369 1550 1456 1595 is
1500 1549 1630 1595 soo
1674 1549 1936 1594 schoon
1978 1550 2109 1596 als
2153 1551 2197 1597 t
2239 1551 2675 1598 maccassers
2719 1547 3111 1596 bevonden,
3154 1542 3336 1591 ende

1357 1644 1759 1695 diffireert
1799 1643 1961 1690 heel
1999 1647 2161 1692 veel
2200 1648 2402 1695 jnden
2440 1650 2681 1697 prijse
2720 1647 2842 1696 soo
2881 1647 3003 1694 dat
3038 1648 3122 1695 t'
3161 1646 3486 1693 wenschen

1363 1745 1486 1793 is,
1527 1743 1609 1789 d'
1646 1740 1731 1787 E.
1771 1740 2016 1791 comp:e
2057 1745 2180 1791 van
2220 1744 2343 1791 die
2383 1742 2627 1792 soorte
2668 1747 2872 1795 goede
2913 1738 3362 1794 quantiteijt

1351 1844 1756 1901 Becomen
1813 1839 2109 1890 Conde

1250 2042 1397 2091 Wat
1420 2042 2169 2094 Coopmanschappen
2216 2050 2314 2097 't
2362 2053 2848 2105 aenstaande
2883 2057 3089 2106 Jaer
3136 2053 3331 2102 hier

1347 2141 1703 2197 gesonden
1745 2142 2009 2188 dienen
2052 2142 2229 2188 daer
2273 2143 2406 2192 van
2449 2148 2625 2197 hebb
2668 2152 2757 2198 jn
2800 2152 3021 2198 mijne
3063 2149 3422 2197 jongsten

1343 2232 1441 2287 in
1486 2224 1993 2276 quantiteijt
2036 2229 2223 2277 ende
2267 2234 2774 2286 qualijteijt
2819 2243 2957 2294 een
3003 2243 3370 2296 petietie

1337 2334 1641 2387 gedaen,
1683 2336 1769 2382 d'
1811 2336 2071 2383 welcke
2111 2339 2199 2385 (:
2241 2340 2414 2387 niet
2455 2340 2971 2388 tegenstaende
3014 2332 3316 2386 vierige

1349 2427 1603 2477 woora,
1646 2427 1732 2473 en
1773 2430 2197 2479 vermalidas
2237 2433 2324 2479 d'
2365 2433 2620 2479 selven
2662 2434 2790 2480 tot
2829 2434 3044 2481 heden
3085 2434 3213 2480 toe
3255 2435 3430 2488 niet

1348 2518 1617 2575 hebben
1660 2517 1924 2563 willen
1966 2516 2582 2565 contracteeren)
2626 2520 2802 2567 alle
2846 2522 3022 2567 ofte
3065 2523 3197 2571 soo
3240 2527 3422 2576 veel

1346 2614 1616 2662 minder
1660 2612 1797 2659 als
1841 2609 2113 2656 uEd=ls
2157 2612 2338 2659 niet
2380 2614 2652 2660 bijder
2697 2614 2878 2661 hant
2923 2611 3194 2660 hebben

1353 2704 1791 2763 verwachten
1834 2700 2009 2749 sal,
2047 2701 2225 2747 daer
2268 2701 2486 2749 onder
2528 2703 2659 2749 den
2702 2700 3006 2748 sourats
3047 2700 3222 2746 thol
3265 2694 3440 2745 ende

1354 2806 1796 2862 onderwicht
1836 2800 2190 2853 begrepen
2233 2796 2409 2843 ende
2452 2794 2628 2840 voor
2672 2793 2891 2840 mocha
2934 2793 3505 2840 geprojecteert

1350 2913 1486 2966 ist
1528 2896 1885 2955 volgende

1945 2992 2088 3043 _

1627 3042 1878 3098 20000:
1919 3041 2043 3093 lb:
2083 3043 2416 3093 giroffel
2457 3040 2748 3087 nagelen

1678 3104 1913 3159 6000:
1944 3114 2087 3168 lb:
2132 3117 2406 3165 nooten
2450 3111 2860 3165 muschaten

1676 3183 1941 3233 4000:
1993 3189 2152 3235 lb:
2204 3190 2525 3242 rompen

1635 3267 1956 3319 10000:
1997 3265 2168 3320 lb:
2214 3272 2430 3322 Thin

1948 3332 2097 3396 lb.
2127 3346 2582 3397 spiaulter

1684 3343 1945 3391 6000:

1973 3384 2013 3432 de

1677 3416 1923 3466 2000:
1968 3423 2116 3479 lb:
2159 3423 2606 3477 Benjuwijn
2651 3425 3045 3476 Cabbessa

1974 3456 2046 3506 l

1668 3504 1891 3554 3000:
1934 3505 2066 3554 lb:
2103 3506 2287 3554 dito
2329 3508 2597 3559 Bariga

1678 3576 1900 3625 1000:
1943 3580 2078 3629 lb:
2110 3581 2341 3630 ditos
2385 3583 2474 3630 do
2517 3579 2749 3628 peuwr

1324 3669 1672 3720 Behalven
1712 3673 1802 3720 de
1843 3676 2192 3728 goederen
2234 3684 2364 3729 soo
2408 3684 2625 3731 hebbe
2668 3686 2798 3732 Bij
2841 3685 2928 3731 de
2971 3686 3188 3733 mijne
3231 3688 3501 3747 vanden

1339 3774 1435 3821 24
1471 3767 1857 3820 Januarij
1903 3767 2092 3814 voor
2138 3770 2374 3816 mocha
2419 3770 2609 3816 noch
2656 3766 3080 3816 gevordert

1765 3873 1853 3921 50
1893 3873 1938 3920 0
1980 3873 2108 3919 lb:
2151 3872 2493 3919 cauvrijs
2534 3868 2621 3916 de
2663 3868 3053 3922 maldivijr

1678 3947 1885 3997 1000:
1926 3946 2135 3994 ellen
2175 3951 2508 3999 laackens
2548 3954 2673 4000 van
2713 3955 3171 4014 verscheijde
3210 3968 3508 4021 couleur

1926 4003 2027 4050 in
2075 4005 2423 4058 deselve
2470 4015 2967 4070 aengewesen

1234 4097 1394 4154 Daer
1434 4097 1551 4145 toe
1590 4099 1708 4150 Bij
1747 4102 1945 4149 desen
1982 4104 2141 4155 noch
2179 4109 2455 4159 eijsche

1759 4220 1868 4270 10
1919 4214 2082 4261 Plo
2133 4209 2350 4257 loot

1754 4290 1849 4336 50
1895 4288 1943 4334 6
1989 4286 2085 4334 p.
2127 4277 2367 4327 fijne
2414 4273 2981 4324 porceleijnen
3027 4268 3405 4320 copjens

2912 4452 3424 4504 spierwit
