3560 4958
1283 739 1453 786 Maar
1493 742 1623 791 tot
1661 749 1873 799 onser
1914 755 2422 815 ontlastinge,
2462 772 3011 832 principalijck
3052 789 3180 841 der
3220 798 3434 862 slav,

1305 835 1429 882 die
1468 839 1876 887 dagelijcks
1916 841 2244 892 meerende
2283 848 2447 898 meer
2487 854 2651 903 door
2690 859 2816 907 den
2854 865 3347 933 grasserenden

1280 933 1577 980 hongers
1616 930 1789 978 noot
1830 929 2086 976 alomme
2128 932 2340 982 staen
2382 938 2511 987 toe
2551 944 2637 992 te
2678 948 3061 1000 vloeijen,
3102 955 3231 1004 ene
3265 959 3399 1007 wij

1301 1026 1469 1074 naer
1510 1030 1803 1079 schaers
1844 1034 1969 1080 van
2011 1032 2178 1078 rijs
2219 1032 2720 1089 geprovideert
2761 1044 2972 1094 sijn,
3011 1052 3179 1101 ued:
3219 1055 3388 1102 daer

1284 1136 1423 1185 van
1469 1135 1748 1181 nevens
1793 1136 1979 1183 dees
2024 1139 2396 1188 regulen,
2441 1144 2627 1191 ende
2670 1146 2952 1194 nodige
2996 1150 3414 1206 pampieren

1310 1240 1441 1286 tot
1484 1240 1702 1287 nader
1745 1242 2007 1288 advijs
2049 1241 2400 1289 spoedich
2443 1243 2750 1293 dienen,

1267 1452 1604 1504 Comende
1650 1457 1748 1506 nu
1794 1463 1938 1509 dan
1984 1464 2129 1510 tot
2176 1466 2510 1517 verhael
2558 1472 2701 1519 van
2748 1474 2844 1520 't
2891 1476 3284 1525 weijnige

1278 1547 1783 1595 voorgevallen,
1821 1550 1937 1597 soo
1976 1551 2093 1598 ist
2130 1554 2286 1601 voor
2324 1557 2518 1605 eerst
2554 1559 2789 1606 sulcx,
2827 1560 2944 1607 den
2982 1562 3412 1614 carnatschen

1224 1645 1481 1698 Maijs.
1522 1645 1565 1690 t
1607 1644 1903 1691 volgens
1945 1644 2030 1691 d'
2071 1641 2749 1690 gepreadverteerde
2789 1645 3170 1692 geruchten
3208 1643 3384 1693 uijt

1215 1704 1452 1755 „velout

1320 1740 1476 1787 naer
1514 1741 1785 1791 sinsier
1824 1746 2251 1793 vertrocken,
2288 1748 2444 1793 ende
2483 1748 2561 1794 op
2598 1749 2754 1795 sijn
2793 1749 3141 1800 aencomste
3180 1755 3374 1804 ald=r

1271 1836 1448 1883 door
1491 1834 1625 1881 den
1670 1832 1980 1879 neijck,
2024 1833 2201 1878 ende
2245 1833 2601 1885 gesanten
2644 1840 2777 1885 der
2821 1840 3176 1887 neijcken
3220 1839 3354 1887 van

1265 1924 1755 1977 Tansjouwer
1801 1923 1901 1969 en
1950 1921 2195 1968 madre
2243 1924 2880 1974 verwillecomt,
2927 1930 3124 1980 ende
3172 1933 3368 1980 binn

1264 2024 1581 2075 sinsier
1626 2019 1762 2068 met
1806 2015 2078 2064 groote
2123 2014 2486 2063 Triumphe
2529 2019 2937 2066 Ingehaelt
2981 2023 3300 2072 sijnde,

1269 2122 1436 2171 ende
1476 2118 1642 2166 naer
1684 2116 1932 2162 eenige
1973 2113 2180 2159 dagen
2221 2111 2678 2158 verblijvens
2717 2112 3131 2164 derwaerts,
3173 2118 3382 2167 ordre

1269 2217 1537 2270 metten
1581 2211 1893 2261 anderen
1937 2211 2027 2256 op
2071 2210 2339 2258 srijcx
2382 2214 2783 2262 vervallen
2828 2216 2917 2261 en
2961 2216 3364 2268 desolaten

1253 2314 1499 2363 staat
1547 2312 1939 2359 beraemt,
1986 2311 2135 2357 ten
2183 2311 2672 2360 principale
2721 2315 2818 2360 en
2866 2311 3063 2360 voor
3110 2304 3356 2355 eerst

1254 2408 1443 2457 omme
1487 2406 1583 2452 d'
1630 2405 2193 2452 Visiapourder
2239 2405 2568 2453 volgens
2615 2405 2756 2452 hun
2803 2406 3225 2454 gemaeckte

1247 2490 1599 2539 contract
1642 2492 2125 2540 satisfactie
2168 2494 2257 2543 te
2300 2499 2520 2547 doen,
2563 2499 2739 2547 ende
2782 2498 3003 2547 alsoo
3046 2503 3178 2548 met

1242 2606 1701 2658 vruntschap,
1742 2606 1908 2653 doch
1948 2600 2197 2652 tegens
2238 2597 2363 2644 die
2403 2595 2529 2642 van
2570 2597 2901 2647 golconda
2943 2601 3068 2647 een
3108 2601 3398 2650 formele

1247 2700 1441 2747 ende
1490 2701 1878 2747 bestante
1927 2700 2218 2746 macht,
2267 2698 2413 2744 ome
2461 2696 2802 2743 d'selve
2849 2695 2995 2743 met
3041 2693 3338 2741 gewelt

1240 2800 1531 2856 vanden
1578 2797 1773 2846 hals
1821 2794 1918 2841 te
1966 2791 2305 2839 weeren,
2353 2794 2450 2840 te
2499 2792 2741 2839 velde
2789 2791 2886 2837 te
2934 2789 3275 2838 brengen

1241 2904 1419 2953 door
1462 2891 2043 2949 instantelijck
2087 2891 2444 2939 versoeck
2488 2895 2533 2941 w
2577 2897 2756 2944 ende
2800 2900 2934 2948 aen
2978 2904 3253 2951 houden

1237 2997 1374 3048 der
1418 2997 1822 3044 neijcken,
1866 2996 2135 3042 voorts
2180 2996 2361 3045 naer
2404 3003 2852 3051 tirapandal
2896 3005 3031 3051 om,
3075 3003 3389 3052 wesende

1226 3099 1367 3146 den
1411 3096 1881 3144 middelwegh
1927 3096 2301 3143 tusschen
2347 3099 2675 3149 sinsier
2711 3102 2814 3149 en
2860 3098 3374 3146 raasjouwer,

1239 3199 1436 3245 omme
1486 3199 1781 3244 aldaer
1827 3197 2423 3247 geconjungert
2472 3203 2620 3249 met
2666 3197 3310 3250 gemelteneijck

1219 3304 1365 3354 een
1411 3308 1888 3357 solemnelen
1936 3310 2364 3357 rijcxdagh
2412 3312 2507 3359 t'
2554 3310 2888 3358 houden,
2935 3312 3078 3358 hun
3125 3307 3316 3356 unje

1224 3413 2045 3464 onverbreeckelijck
2093 3416 2189 3462 te
2237 3416 2671 3463 vestigen,
2718 3418 2912 3468 ende
2958 3422 3249 3469 verder

1213 3515 1626 3566 resolutie
1670 3512 1808 3558 tot
1850 3511 2129 3558 redres
2175 3513 2358 3558 ende
2403 3512 2634 3559 ruste
2678 3515 2817 3561 van
2861 3518 3000 3565 hun
3044 3520 3276 3566 staet

1223 3620 1312 3667 te
1356 3617 1624 3665 nemen,
1667 3612 2069 3662 verreijst
2112 3611 2247 3657 Is,
2291 3609 2470 3656 doch
2512 3609 2692 3655 wert
2736 3609 2870 3654 ons
2915 3607 3004 3654 nu
3048 3602 3271 3652 nader

1226 3715 1398 3762 uijt
1440 3712 1742 3762 sinsier
1784 3702 2301 3756 g'adviseert,
2343 3701 2429 3747 d'
2472 3701 2731 3747 saecke
2773 3700 2902 3745 met
2945 3700 3074 3748 die
3116 3701 3247 3749 van

1211 3817 1578 3871 golconda,
1618 3814 1822 3862 onder
1862 3811 2230 3859 condiptie
2270 3806 2473 3855 aende
2514 3806 2719 3851 selve
2758 3808 3043 3854 3000000
3082 3806 3208 3854 p=a

1206 3901 1869 3966 gecontribueert,
1913 3902 2090 3947 ende
2134 3902 2311 3948 daer
2355 3904 2622 3952 tegens
2663 3907 2796 3954 hun
2838 3902 3238 3952 veroverde

1182 4007 1485 4064 plaets
1534 4004 1735 4052 ende
1785 4002 2236 4050 sterckten
2285 4000 2436 4046 tot
2486 4000 2636 4048 aen
2687 4001 3037 4047 cariere
3087 4002 3303 4050 darr

1198 4122 1340 4171 den
1387 4119 1954 4169 carnatischen
2001 4119 2331 4167 maijs„t
2378 4121 3040 4169 gerestitueert,
3086 4124 3278 4171 ende

1193 4222 1726 4273 ingeruijmt,
1774 4223 1969 4271 mede
2015 4227 2162 4275 bij
2209 4232 2547 4279 gelecht
2595 4233 2886 4280 sullen
2928 4234 3273 4286 werden,

1196 4331 1337 4383 dat
1383 4328 1569 4375 naer
1616 4328 1803 4374 alle
1849 4329 2501 4387 omstandicheden
2547 4342 2966 4388 eensdeels
3013 4342 3107 4388 d'
3152 4344 3340 4391 moor

1197 4423 1330 4471 ten
1373 4422 1594 4469 weder
1635 4420 1903 4467 sijden
1946 4421 2080 4469 den
2121 4425 2431 4476 anderen
2474 4432 2651 4482 door
2694 4437 2915 4484 gaens
2959 4437 3091 4482 met
3135 4437 3356 4485 raedt

2965 4620 3272 4680 ende

633 288 829 351 Julio
866 284 945 332 a.
982 285 1060 331 o.
1097 286 1254 337 1646

1872 467 2323 517 Jonckem

2871 471 3221 528 1646
