3567 4801
2792 535 2954 583 833

830 635 1026 684 Rijs
1073 628 1270 677 ende
1318 621 1856 675 waservaten,
1904 622 2051 667 ome
2099 622 2345 675 welck
2392 631 2540 680 dan
2587 634 2735 681 soo
2783 635 2979 688 veel

885 749 1324 801 doenlijck
1373 747 1470 794 te
1518 741 2054 792 remedieren,
2103 741 2299 788 geen
2346 742 2739 795 devoiren

886 879 1022 928 tot
1064 869 1470 923 Becomingh
1511 868 1648 917 van
1693 867 1917 913 d'een
1961 863 2096 912 als
2139 861 2230 908 d'
2272 860 2499 907 ander
2543 858 3007 908 onderlaten

846 1004 1166 1063 hebben,
1211 995 1712 1050 verhoopende
1756 984 2304 1039 dienvolgende
2349 986 2442 1034 p.
2485 992 2531 1038 r
2575 990 2849 1040 tschip

864 1132 1207 1188 schiedam
1249 1127 1420 1176 noch
1463 1116 1890 1172 redelijcke
1932 1115 2232 1163 partije
2274 1116 2488 1162 Rijs,
2529 1108 3001 1162 midtsgaders

859 1260 1208 1338 eenige
1262 1244 1836 1302 martavanen
1891 1243 2063 1290 van
2119 1240 2811 1296 masulijpatam

878 1389 1302 1453 erlanghen,
1342 1382 1513 1432 ende
1554 1377 1724 1426 ued„
1766 1376 1894 1424 ons
1935 1380 2063 1428 p„r
2103 1384 2358 1432 eerste
2400 1384 2953 1436 gelegentheijt

877 1534 1019 1583 van
1063 1527 1300 1578 water
1346 1518 1582 1570 vaten
1628 1513 1817 1561 naer
1864 1510 2147 1558 eijsch
2192 1509 2617 1557 versurgen
2663 1508 2995 1556 sullen,

884 1655 1027 1705 tot
1071 1654 1169 1701 't
1216 1644 1548 1697 maecken
1595 1642 1738 1688 van
1785 1641 1881 1688 20
1914 1642 1974 1689 a
2022 1642 2117 1689 30
2163 1642 2306 1690 stx
2353 1637 2638 1689 groote
2686 1636 2925 1684 water

869 1779 1285 1841 sancken
1344 1777 1462 1823 jn
1520 1763 2352 1821 masulijpatnam,
2408 1763 2706 1813 hadde
2763 1759 2945 1809 wel

884 1900 1366 1955 tijdelijcke
1407 1899 1627 1948 ordre
1667 1892 2020 1943 gegeven,
2061 1888 2239 1939 doch
2281 1887 2631 1935 vermidts
2674 1881 2849 1931 alle

889 2030 1526 2094 timmerluijden,
1570 2027 1889 2075 sagers,
1934 2025 2026 2071 en
2071 2017 2392 2068 Coulijs
2434 2017 2571 2065 ten
2615 2008 2936 2062 dienste

858 2163 1222 2226 vanden
1280 2161 1464 2209 H„r
1524 2152 2129 2206 miersumela
2188 2136 2800 2197 aengenomen

873 2301 1060 2355 ende
1106 2288 1566 2344 gebruijckt
1612 2288 1981 2334 wierden,
2026 2284 2256 2335 heeft
2301 2279 2486 2328 onse
2532 2279 2763 2325 ordre
2807 2281 2998 2329 geen

860 2428 1397 2496 voortganck
1448 2421 1772 2473 cunnen
1825 2419 2146 2466 nemen,
2200 2421 2681 2473 hoedanich
2734 2423 2948 2472 sich

857 2564 1651 2635 d'apparentiezijn
1697 2558 2144 2611 Bengaelen
2189 2554 2342 2603 tot
2389 2550 2935 2600 voldoeninge

857 2709 1108 2773 vande
1154 2702 1551 2756 g'eijste
1600 2694 2143 2746 quantiteijt
2190 2688 2390 2738 rijs
2437 2678 2736 2732 sullen

863 2845 1441 2915 verthoonen,
1492 2837 1810 2891 Blijft
1834 2833 2018 2880 mij
2070 2827 2544 2878 onbewust,
2594 2825 3016 2875 hebbende

872 2990 1240 3042 'tsedert
1282 2989 1377 3037 't
1422 2983 1790 3032 vertreck
1835 2976 2111 3026 vanden
2156 2971 2340 3021 haen
2385 2970 2431 3015 a
2477 2965 2661 3015 dato
2705 2962 2896 3011 noch

872 3125 1079 3183 geen
1127 3111 1436 3167 advijs
1485 3105 1691 3154 dien
1741 3095 2201 3149 aengaende
2251 3085 2660 3139 Becomen,
2704 3081 2864 3130 als

862 3237 1255 3293 eenlijck
1300 3235 1451 3282 een
1492 3227 1941 3280 brieffken
1988 3219 2284 3271 vanden
2332 3203 2971 3264 opivercoopman

839 3373 1132 3433 Thomas
1171 3363 1519 3418 Cuijck,
1567 3361 1714 3408 van
1760 3348 1956 3404 geen
2002 3334 2538 3391 meritabilen
2583 3326 2977 3378 inhoudt,

847 3515 1071 3572 welck
1115 3509 1383 3557 echter
1426 3500 1561 3552 Bij
1601 3481 1828 3541 desen
1870 3475 1961 3524 in
2005 3470 2229 3519 copie
2272 3468 2497 3517 gaet,
2537 3469 2719 3519 hier
2763 3468 2987 3515 door,

794 3654 879 3705 en
917 3653 1046 3703 ten
1086 3633 1549 3696 principaele
1590 3632 1716 3677 dat
1756 3625 1884 3676 ons
1926 3624 2009 3669 d'
2051 3609 2599 3669 gerequireerde
2637 3617 2934 3666 scheeps

807 3792 1041 3856 Ruijm
1086 3792 1178 3838 te
1221 3788 1450 3835 comde
1496 3788 1587 3833 te
1631 3766 2132 3832 deficieren,
2177 3763 2405 3813 hebbe
2447 3753 2587 3807 soo
2631 3737 2952 3795 tijdige

821 3921 1311 3989 Besendinge
1358 3910 1848 3964 derwaerts,
1895 3905 2091 3956 omme
2139 3892 2530 3947 dubbelde
2578 3892 2921 3941 tochten

850 4069 1041 4125 voor
1083 4049 1462 4110 januarij
1507 4036 1977 4092 aenstaende
2023 4036 2117 4082 te
2163 4028 2398 4081 doen,
2444 4022 2632 4072 niet
2678 4017 2963 4066 cunnen

850 4219 1062 4279 onder
1101 4207 1310 4261 nemen
1351 4199 1642 4251 tsijnde
1682 4188 1891 4242 lillo
1931 4185 2057 4232 tot
2096 4181 2181 4228 d'
2220 4166 2554 4226 voijagie
2594 4164 2761 4210 naer
2802 4163 2886 4209 d'

2004 4369 2736 4459 Maldievos
