3614 4780
2070 254 2404 313 April

2701 604 2863 651 807

518 482 648 532 Aen
691 487 778 534 d'
821 487 1039 535 Ed=le
1079 473 1254 525 h=rn
1295 477 1512 535 Raden
1555 490 1642 536 en
1684 487 1902 536 direc

820 851 953 908 VEd:
985 849 1147 896 vande
1179 848 1536 898 vereijschte
1569 844 2121 894 noodtwendicheden,
2153 841 2251 888 soo
2283 839 2446 885 verre
2478 837 2740 887 'sComp=s

1577 920 1668 967 61

903 978 1066 1030 Cap„l
1098 970 1358 1022 strecken
1390 968 1488 1015 kan
1518 966 1650 1014 daer
1679 961 1779 1010 van
1811 959 1876 1005 nu
1907 953 2103 1003 redel.
2135 951 2233 998 nk,
2263 944 2395 995 ende
2426 940 2654 989 apropos
2684 934 2915 985 gedient

914 1100 1039 1148 zijn
1069 1086 1349 1144 gewerden,
1379 1083 1442 1129 en
1471 1081 1535 1128 in
1565 1076 1751 1125 corten
1781 1073 1907 1121 noch
1937 1069 2155 1118 naerder
2182 1066 2248 1115 te
2277 1061 2589 1109 geschieden
2619 1060 2836 1108 staet.)

899 1211 1261 1272 successijve
1290 1207 1358 1254 te
1390 1191 1814 1252 versorghengen
1844 1187 1944 1234 tot
1976 1184 2107 1232 dien
2139 1177 2335 1229 eijnde
2366 1172 2498 1220 uEd:
2529 1171 2726 1221 nadere
2756 1167 2931 1227 Peti„

902 1330 1026 1377 tie,
1057 1326 1182 1376 omme
1213 1323 1306 1369 den
1337 1319 1524 1368 Incoop
1553 1309 1866 1363 behoorl:jk
1895 1305 1960 1352 te
1988 1286 2302 1348 reguleren,
2331 1282 2425 1329 P=r
2455 1281 2674 1329 eersten
2702 1277 2768 1327 te

902 1449 1105 1501 gemoet
1137 1442 1307 1493 sien,
1338 1438 1441 1486 met
1472 1423 1844 1483 vertrouwen,
1876 1417 1979 1467 soo
2010 1409 2146 1459 maer
2178 1403 2315 1453 door
2345 1400 2415 1446 d'
2447 1394 2720 1443 Generale
2750 1398 2886 1447 ver„

900 1555 1198 1619 woestende
1229 1547 1558 1599 Oorloghen,
1588 1542 1656 1590 en
1687 1526 2082 1586 Stroperijen,
2113 1518 2213 1570 die
2243 1510 2542 1561 dageli:jk
2569 1510 2704 1560 meer
2737 1510 2868 1557 ende

914 1679 1062 1729 meer
1097 1668 1430 1723 toenemen,
1465 1660 1614 1712 ende
1649 1655 1724 1704 d'
1760 1649 1982 1699 Landen
2017 1641 2240 1693 alome,
2276 1636 2424 1684 mits
2460 1635 2572 1682 den
2608 1636 2870 1684 Conincq

910 1807 1016 1856 ome
1044 1799 1119 1846 d'
1153 1794 1432 1843 Moorsche
1465 1786 1711 1838 leghers
1743 1779 1850 1829 van
1883 1762 2233 1823 Visiapour,
2267 1758 2407 1806 ende
2439 1755 2755 1802 Golconda,
2789 1751 2895 1803 die

931 1767 1016 1814 ende

910 1928 1013 1980 van
1045 1922 1148 1972 twe
1181 1917 1384 1966 Sijden
1417 1911 1723 1962 Grassere,
1755 1902 1892 1954 ende
1926 1888 2298 1946 Inbreecken,
2331 1887 2399 1933 te
2433 1887 2808 1940 resisteren,
2838 1897 2908 1946 op

905 2047 1066 2096 verre
1097 2045 1162 2091 na
1192 2041 1322 2088 niet
1353 2032 1609 2085 bestant,
1641 2031 1705 2077 E:
1734 2025 2025 2075 d'eijcq.:
2055 2019 2153 2069 tot
2184 2010 2440 2063 desselfs
2471 2008 2825 2056 assistentie

904 2158 1075 2210 weder
1108 2152 1382 2202 Schijnen
1413 2135 1825 2195 Irresoluijt,
1857 2132 1926 2179 en
1960 2128 2301 2177 ongenegenk
2335 2127 2403 2173 te
2436 2125 2607 2174 zijn,
2641 2125 2710 2170 in
2743 2121 2847 2169 een

901 2279 1024 2332 seer
1053 2270 1266 2322 Soberen
1294 2263 1417 2313 ende
1446 2254 1750 2307 desolatien
1780 2249 1931 2299 staet
1960 2246 2082 2294 doen
2112 2241 2415 2291 vervallen,
2445 2240 2566 2285 niet
2596 2239 2901 2289 g'obsteert

910 2384 1193 2440 wierden,
1228 2376 1369 2429 daer
1404 2374 1510 2420 aen
1543 2371 1653 2418 ten
1684 2362 2040 2419 Principale
2074 2358 2215 2406 niet
2250 2351 2603 2402 mancqueren
2639 2350 2854 2401 soude,

915 2505 1072 2556 wayt
1109 2498 1189 2547 d'
1227 2487 1617 2542 machinatie
1656 2483 1891 2533 vanden
1929 2476 2319 2527 vervremden
2358 2471 2670 2520 Chinanna
2709 2469 2865 2520 (die

892 2634 971 2684 d'
1007 2613 1387 2676 dreijgende
1423 2606 1690 2657 straffe
1727 2605 1844 2653 des
1875 2602 2145 2655 Conincx
2182 2592 2637 2648 geschapeert,
2672 2585 2827 2636 naer

902 2739 1145 2790 Ginsier
1178 2732 1490 2783 gevlught,
1521 2727 1594 2777 en
1628 2724 1732 2771 van
1766 2724 1905 2771 alle
1939 2722 2216 2773 middelen
2249 2719 2319 2766 en
2352 2712 2596 2763 aensien
2630 2711 2917 2769 genough„

915 2852 1060 2898 saem
1096 2839 1604 2897 gedestitueert,
1637 2835 1858 2883 Immers
1893 2834 2005 2881 ome
2036 2834 2112 2883 d'
2148 2833 2221 2878 E.
2255 2824 2438 2875 Comp.
2474 2823 2513 2870 e
2540 2817 2912 2872 allerwegen

918 2967 988 3013 1.
1022 2965 1364 3014 Infesteren
1396 2953 1637 3008 buijten
1668 2947 1946 2997 vermogen
1978 2947 2082 2994 Is)
2115 2937 2526 2991 dienvolgende
2559 2936 2697 2981 oocq
2731 2934 2869 2982 niet

885 3086 1304 3150 d'onlusten,
1339 3079 1418 3129 en
1453 3071 1645 3121 quade
1680 3060 2175 3114 genegentheden
2211 3060 2326 3108 des
2364 3060 2630 3108 Conincx
2667 3059 2819 3108 (die

909 3213 1148 3265 eenlijk
1180 3207 1318 3258 door
1351 3191 1624 3250 geseijde
1656 3178 2032 3235 machinatien
2064 3174 2338 3223 gesmeet,
2372 3174 2440 3219 en
2474 3174 2882 3226 veroorsaeckt

912 3325 1170 3379 geweest,
1203 3322 1332 3370 doch
1363 3317 1429 3365 nu
1459 3303 1687 3360 eijnte:
1718 3302 1784 3350 e,
1813 3300 1945 3351 niet
1977 3295 2138 3343 nader
2171 3290 2559 3340 schriftelijk
2590 3289 2850 3337 belosten

910 3449 1011 3497 van
1039 3445 1110 3495 d'
1141 3443 1210 3491 E.
1238 3433 1442 3486 Comp:e
1473 3415 1806 3475 restitutie
1837 3414 1938 3462 van
1971 3411 2104 3459 alle
2135 3408 2304 3455 hare,
2334 3410 2469 3457 ende
2501 3409 2601 3456 der
2634 3384 2899 3454 Coopl=ne

899 3556 1184 3608 gerogfde
1219 3550 1539 3604 goederen,
1572 3543 1716 3593 ofte
1750 3532 2106 3587 andersints
2142 3521 2567 3577 contentement
2603 3521 2674 3566 te
2709 3520 2923 3568 zullen

872 3680 1040 3731 doen,
1071 3668 1339 3724 besijden
1369 3661 1471 3711 dat
1503 3656 1603 3704 ons
1635 3651 1703 3700 nu
1734 3643 1968 3694 eijntb.
2001 3642 2035 3688 e
2067 3641 2200 3689 noch
2233 3641 2299 3687 d'
2331 3637 2498 3686 langh
2529 3627 2936 3682 g'aspireerde

897 3787 1044 3841 ende
1079 3766 1404 3830 versochte
1438 3755 1909 3809 Preeminentien
1945 3752 2054 3800 van
2090 3751 2199 3797 een
2233 3751 2379 3799 Pag.
2412 3747 2487 3796 op
2520 3741 2667 3791 Ider
2703 3741 2848 3788 pacq

907 3895 1173 3953 Cleden,
1209 3891 1286 3938 en
1321 3885 1436 3933 Bh.
1471 3881 1511 3928 r
1548 3863 2149 3926 Coopmanschappen,
2185 3855 2565 3909 mitsgaders
2600 3857 2675 3904 3„
2711 3852 2874 3904 Inde

915 4002 1141 4055 munte
1183 3995 1321 4045 van
1365 3994 1456 4040 d'
1492 3990 1590 4040 E:
1634 3986 1815 4036 Comp
1857 3984 1949 4031 e,
1991 3981 2129 4031 tot
2171 3969 2623 4026 Solagement
2667 3957 2894 4013 vande

0 251 136 299 646

0 437 41 482 d

0 831 249 879 zijnde

0 1057 27 1103 aen

0 1164 238 1229 eral.

0 1426 96 1474 proffi

204 1547 270 1596 tie

0 1777 31 1823 b

0 2002 32 2047 i

0 2105 94 2156 saeck

149 2240 248 2289 onder„

174 2346 209 2392 in

119 1993 209 2041 te

156 946 275 1003 VEd:

2 3857 80 3912 na

0 3974 197 4024 ren
