3383 4883
2364 983 2545 1036 1081

319 4342 435 4392 met
472 4338 588 4384 den
624 4332 974 4382 requirant
1011 4333 1166 4378 uijt
1203 4333 1489 4387 Malacca

288 4431 437 4484 comen
466 4428 585 4477 daer
612 4424 791 4472 altoos
819 4422 909 4468 bij
937 4420 1026 4466 hem
1055 4419 1262 4467 gelegen
1291 4420 1468 4471 heeft,

1090 755 1441 809 Heeren
1497 761 1730 814 Ide„

825 1583 1053 1642 Alsoomen
1080 1580 1332 1627 schuldich
1360 1581 1416 1626 is
1443 1580 1528 1626 der
1555 1582 1780 1628 waerheyt
1806 1583 2170 1630 getuychenisse
2197 1584 2255 1631 te
2281 1586 2450 1632 geven,
2477 1588 2645 1635 inson=

778 1662 856 1709 der
879 1656 984 1706 Heyt
1009 1656 1086 1702 des
1111 1655 1317 1701 versocht
1342 1654 1524 1702 sijnde,
1546 1656 1601 1703 so
1625 1656 1831 1702 getuygen
1857 1656 1908 1701 wi
1934 1656 2191 1705 ondergess.
2217 1659 2603 1706 representerende

788 1727 876 1775 der
903 1723 1219 1771 Kerckenraet
1248 1724 1334 1769 van
1362 1724 1593 1774 Batavia,
1621 1730 1707 1775 dat
1736 1729 1908 1775 d'Heer
1937 1729 2110 1777 Arnols
2137 1732 2367 1779 Vlamingh
2396 1733 2483 1780 van
2510 1733 2655 1781 Outs=

795 1797 944 1850 Hoorn,
968 1792 1213 1842 verscheyde
1237 1792 1384 1840 achter
1408 1795 1482 1841 een
1505 1796 1702 1843 volgende
1725 1798 1847 1844 jaren
1871 1798 1994 1845 onder
2018 1800 2092 1847 ons
2116 1802 2239 1850 heeft
2262 1805 2610 1854 geconverseert,

816 1864 920 1915 niet
944 1864 1095 1910 alleen
1120 1864 1196 1909 als
1221 1864 1447 1912 ordinaris
1472 1866 1674 1912 lidemaet
1698 1868 1825 1914 onser
1848 1870 2077 1916 Gemeynte,
2099 1873 2251 1922 gesond
2276 1877 2403 1924 inden
2425 1876 2629 1925 geloove,

817 1938 949 1986 vroom
974 1936 1053 1983 van
1079 1936 1262 1983 wandel;
1287 1938 1470 1986 yverich
1496 1940 1680 1986 ontrent
1705 1943 1809 1989 alle
1835 1944 2044 1992 plichten
2070 1946 2148 1992 van
2174 1946 2489 2004 godzalicheyt
2512 1944 2669 2007 sonder

818 2015 919 2064 sich
943 2011 1094 2059 ergens
1119 2011 1170 2057 in
1194 2011 1319 2057 syner
1344 2010 1670 2057 Christelycker
1694 2013 1896 2061 roepinge
1920 2017 2170 2066 onwaerdich
2194 2020 2396 2066 gedragen
2420 2022 2446 2068 ^
2468 2021 2520 2069 so
2544 2019 2645 2065 veel

809 2089 894 2135 ons
921 2087 1093 2135 bekent
1121 2087 1207 2134 is,
1233 2088 1489 2135 (Maerooc,
1517 2087 1660 2133 eerst
1685 2087 1773 2134 als
1800 2089 2000 2136 diacon,
2027 2091 2141 2138 daer
2169 2092 2283 2138 naer
2311 2093 2396 2139 als
2424 2094 2681 2144 Ouderling

809 2166 947 2213 synen
973 2160 1332 2211 Christelycken
1360 2160 1470 2205 yver
1498 2160 1580 2206 end
1608 2160 2021 2209 toegenegentheyt
2049 2164 2131 2209 tot
2159 2164 2215 2210 de
2241 2166 2408 2213 Kercke
2432 2161 2631 2214 Christi

816 2247 866 2292 so
889 2242 1265 2292 overvloedichlyc
1289 2240 1415 2287 heeft
1438 2239 1790 2285 gecomprobeert,
1814 2240 1890 2286 dat
1913 2241 1989 2287 sin
2014 2241 2064 2287 E.
2088 2240 2314 2287 gedachten
2334 2239 2441 2288 isse
2461 2244 2563 2290 noch
2586 2244 2637 2290 op

800 2319 945 2368 desen
974 2318 1089 2364 dach
1117 2318 1233 2364 daer
1261 2318 1377 2364 over
1405 2316 1665 2364 aengenaem
1693 2316 1780 2362 End
1809 2317 2125 2366 welreekende
2153 2318 2327 2367 blyft.
2354 2318 2442 2369 End
2469 2320 2619 2369 alsoo

803 2396 889 2444 syn
914 2394 945 2441 E
972 2391 1086 2438 door
1113 2391 1283 2438 eenige
1311 2392 1536 2438 sinisCre
1564 2391 1818 2437 geruchten
1845 2392 2015 2437 alhier
2043 2393 2099 2438 is
2127 2393 2353 2441 verdacht
2378 2392 2579 2442 gemaect

798 2469 884 2516 van
912 2468 1200 2516 Heymelycke
1228 2470 1372 2516 zucht
1400 2469 1486 2514 end
1514 2467 1774 2514 verburgen
1801 2470 2146 2519 genegentheyt
2174 2475 2260 2520 tot
2289 2475 2347 2521 de
2374 2476 2662 2523 Pausselyke

801 2553 1026 2601 Reliqie,
1053 2547 1223 2597 sijnde
1250 2547 1362 2593 dese
1390 2546 1615 2593 suspucie
1642 2547 1727 2593 ten
1754 2549 2035 2597 principale
2062 2552 2344 2600 gefondeert
2371 2553 2427 2599 op
2455 2551 2595 2599 seker

786 2631 953 2681 Latyns
981 2631 1202 2680 briefjen
1230 2630 1285 2676 by
1312 2629 1396 2675 sin
1423 2629 1480 2676 E.
1506 2629 1589 2677 aen
1617 2629 1756 2675 eenen
1783 2630 1950 2676 Pesuit
1977 2629 2227 2677 Alexander
2253 2626 2420 2675 Rhodes
2447 2626 2669 2673 geschre=

813 2716 927 2765 ven,
954 2715 1012 2761 So
1037 2714 1123 2761 ist
1149 2711 1235 2758 dat
1262 2710 1347 2756 wy,
1375 2709 1459 2755 dit
1487 2707 1711 2754 briefjen
1738 2705 1824 2752 met
1851 2704 1963 2751 alle
1990 2704 2131 2751 sijne
2159 2704 2553 2752 omstandicheden

810 2787 918 2834 seer
944 2786 1079 2833 naeuw
1105 2785 1428 2832 geexamineert
1454 2786 1696 2835 hebbende,
1723 2788 1965 2835 verclaren
1991 2787 2099 2833 daer
2126 2787 2180 2832 in
2206 2787 2341 2833 niets
2367 2786 2421 2832 te
2447 2784 2610 2831 vinden

808 2874 891 2922 dat
918 2873 1028 2919 int'
1055 2871 1357 2917 alderminste
1383 2871 1467 2918 van
1494 2872 1686 2918 Religie
1713 2871 1878 2916 roert,
1904 2870 2015 2917 veel
2041 2871 2125 2916 min
2151 2872 2234 2917 van
2261 2871 2343 2916 een
2370 2870 2617 2916 agnusder,

815 2954 1046 3002 erucifix,
1072 2954 1123 2999 of
1148 2954 1251 3000 rets
1275 2952 1558 2999 diergelycke
1583 2950 1686 2997 maer
1710 2949 1891 2994 eenelyc
1915 2949 1992 2995 van
2018 2949 2094 2994 een
2120 2949 2299 2995 stofjen
2325 2949 2402 2995 tot
2427 2949 2659 2999 kleederen

811 3034 924 3081 door
952 3033 1037 3079 den
1065 3032 1235 3078 Tesuit
1263 3031 1517 3077 voornoemt
1546 3031 1631 3076 aen
1659 3031 1744 3077 syn
1771 3031 1829 3077 E.
1856 3030 2085 3078 vereert.
2110 3031 2393 3080 Betuygende
2422 3031 2596 3080 wyders

807 3109 890 3159 dat
916 3107 997 3154 syn
1024 3107 1078 3153 E.
1104 3108 1158 3154 de
1184 3108 1346 3154 magere
1372 3109 1773 3156 beschuldigingen
1800 3111 1881 3156 soo
1907 3109 2095 3155 bondich
2121 3106 2389 3155 wederloyt,
2415 3104 2497 3151 end
2522 3101 2632 3147 sins

810 3183 943 3233 doens
969 3184 1023 3230 op
1049 3184 1234 3230 Malacca
1261 3185 1314 3230 so
1340 3184 1473 3230 goede
1499 3184 1685 3230 preuven
1711 3185 1896 3231 gegeven
1923 3186 2082 3233 heeft,
2108 3187 2241 3233 datwe
2267 3187 2373 3232 sijn
2399 3187 2453 3233 E.
2477 3185 2667 3233 genoot=

807 3268 947 3319 saect
973 3265 1057 3311 syn
1084 3265 1140 3311 te
1166 3265 1333 3311 houden
1359 3263 1471 3310 voor
1498 3264 1580 3310 een
1608 3265 1801 3310 bequaem
1829 3265 2104 3311 instrument
2132 3265 2242 3311 door
2270 3261 2490 3310 welckers
2517 3252 2630 3305 wyse

813 3347 892 3393 end
917 3342 1235 3392 godvruchtige
1262 3342 1552 3389 regieringe,
1578 3343 1631 3389 wy
1658 3344 1764 3390 noch
1790 3345 1949 3391 hopen,
1975 3345 2133 3391 indien
2160 3345 2212 3390 de
2238 3345 2556 3392 gelegentheyt
2582 3347 2665 3397 syn

822 3420 851 3466 E
876 3422 987 3471 daer
1014 3425 1097 3470 toe
1124 3424 1289 3472 dient,
1317 3426 1372 3472 de
1398 3424 1647 3473 afgoderye
1674 3425 1757 3472 des
1784 3425 2004 3472 Paardoms
2031 3426 2141 3472 meer
2169 3426 2473 3479 uytgeroeyt,
2498 3435 2582 3481 end

804 3503 861 3550 de
888 3504 1031 3550 palen
1059 3504 1145 3550 van
1173 3504 1258 3550 het
1286 3504 1429 3551 eycke
1455 3501 1516 3549 T.
1541 3503 1740 3551 Chrusti
1769 3504 1911 3550 onses
1939 3505 2110 3552 Heeren
2137 3505 2421 3553 uytgebreyt
2450 3507 2508 3553 te
2535 3509 2684 3568 sien.

782 3588 911 3647 Adam
941 3584 1217 3632 Bataviae,
1248 3584 1309 3630 15
1340 3581 1585 3631 January.
1614 3582 1646 3631 A
1676 3581 1739 3630 ra
1766 3580 1921 3631 Custr
1952 3584 2013 3629 M.
2044 3584 2136 3630 Dc.
2162 3581 2320 3630 xlvi.

1697 3713 1799 3771 Uyt
1824 3725 1959 3773 name
1992 3725 2090 3771 des
2121 3721 2548 3771 Kerckenraets,

1689 3884 1903 3940 Daniel
1935 3879 2179 3927 Gravius
2212 3878 2284 3926 P.
2317 3876 2387 3923 t.
2421 3877 2669 3928 Drases.

1707 4028 2161 4079 Handidins.
2204 4023 2296 4073 f.
2340 4017 2478 4067 sr.

1718 4133 1911 4181 Abrah
1948 4123 2257 4178 Rogerus.
2293 4118 2372 4167 V.
2411 4116 2488 4163 D.
2526 4117 2603 4164 N.

1741 4371 1994 4420 Nicolaus
2023 4369 2245 4419 Ritzius
2276 4371 2339 4417 v.
2370 4373 2433 4418 D.
2464 4372 2527 4418 M.

1710 4497 2032 4548 Gerhardus

2057 4505 2346 4573 Vetthuysen
2370 4530 2430 4580 V.
2456 4537 2517 4584 D.
2542 4542 2629 4592 71.

1525 4589 1724 4649 Mta.
1736 4608 2067 4671 Joannes
2109 4605 2478 4659 Loasbeer

1852 4676 2000 4732 V:
2070 4668 2215 4720 P:
2282 4660 2433 4710 1:

813 792 833 838 ƒ

840 803 969 859 1

1212 816 1369 862 mn„

2703 3434 2723 3479 die
