3703 4828
1199 590 1406 642 Juni
1453 571 1662 630 1846

1395 735 1500 782 ende
1525 734 1578 779 se
1604 734 1943 784 disbaccqueren
1966 738 2047 784 den
2072 740 2202 786 feijt
2227 738 2280 785 op
2306 738 2384 783 die
2410 737 2566 783 seijde
2592 737 2696 783 geen
2721 736 2931 783 licentie
2956 738 3009 783 t'
3034 739 3190 785 hebben

1401 849 1458 899 om
1483 848 1618 894 sulcx
1645 848 1699 894 te
1724 847 1859 893 doen,
1884 842 2100 892 daernaer
2126 841 2207 887 heb
2234 841 2314 886 ick
2341 841 2421 887 hem
2448 841 2637 887 gebeden
2662 842 2743 888 aen
2769 842 2824 887 uE
2850 842 2903 888 te
2930 841 3091 887 willen
3117 840 3198 886 een
3224 839 3413 888 Brefken

1387 962 1674 1015 schrijven,
1702 961 1759 1007 't
1787 960 1902 1005 sijn
1929 957 1987 1004 40
2015 954 2186 1002 seeren
2215 954 2300 999 dat
2329 952 2471 999 icke:
2500 950 2813 999 Vrundtschap
2842 949 2927 995 der
2955 949 3212 997 Compagnie
3240 944 3413 994 gehadt

1381 1073 1559 1129 hebbe,
1586 1071 1702 1117 ende
1731 1071 1875 1117 hebbe
1904 1071 2106 1117 altoost
2135 1070 2222 1116 van
2249 1070 2365 1116 mijn
2394 1069 2538 1115 sijde
2567 1070 2711 1116 goede
2739 1064 3086 1114 reeckenschap
3112 1058 3316 1111 gedaen,

1401 1188 1456 1235 en
1481 1187 1619 1233 daaer
1646 1187 1701 1233 Is
1727 1187 1837 1234 oocq
1864 1188 1973 1234 noyt
2000 1188 2164 1235 eenich
2191 1191 2409 1237 verschil
2435 1185 2654 1236 geweest,
2680 1183 2763 1229 tot
2789 1181 2873 1226 dat
2899 1182 3008 1227 naer
3035 1179 3172 1226 desen
3198 1178 3323 1229 mijn

1400 1302 1537 1348 volcq
1565 1303 1647 1348 Int
1675 1303 1757 1348 Hof
1784 1302 1949 1348 sijnde
1976 1301 2086 1347 dese
2114 1299 2444 1346 verwaerringe
2470 1296 2690 1345 gemaeckt
2717 1290 2910 1340 hebben,
2937 1288 3020 1335 een
3046 1284 3184 1332 vader
3211 1283 3294 1329 met
3321 1281 3432 1328 sijn

1379 1419 1495 1469 soon
1522 1416 1752 1464 kerijght
1780 1413 1896 1461 twee
1924 1410 2125 1457 eenigen
2154 1410 2297 1456 twist
2325 1411 2440 1457 maer
2469 1412 2555 1458 sij
2583 1410 2756 1458 duerdt
2783 1407 2899 1454 niet
2927 1405 3100 1451 lange,
3128 1403 3214 1451 UE:
3242 1403 3300 1449 Is
3328 1403 3446 1450 oocq

1380 1535 1463 1581 een
1489 1529 1600 1579 Heer
1628 1527 1710 1574 van
1737 1524 1903 1572 groodt
1930 1519 2179 1568 vermogen,
2206 1517 2288 1563 die
2316 1515 2564 1566 daerheeft
2591 1519 2839 1566 verstandt
2866 1519 2977 1564 ende
3003 1515 3224 1564 kennisse
3251 1514 3308 1560 om
3334 1515 3364 1562 —

1381 1646 1526 1697 weder
1554 1644 1613 1690 te
1640 1639 1903 1690 velichten
1931 1636 2047 1683 alle
2076 1634 2193 1681 dese
2221 1633 2424 1680 abusen,
2453 1633 2540 1678 Ick
2568 1629 2714 1677 hebbe
2742 1626 2830 1674 van
2858 1625 2974 1673 node
3003 1628 3062 1674 d'
3090 1627 3149 1673 E.
3175 1621 3438 1671 Compagnie

1382 1764 1505 1811 Ende
1534 1761 1596 1808 d'
1626 1759 1688 1805 E.
1716 1754 1992 1802 Compagnie
2023 1754 2114 1799 mij
2145 1754 2236 1799 soo
2267 1753 2328 1799 uE
2357 1751 2450 1797 mij
2480 1747 2815 1797 hiergelieft
2846 1746 3059 1793 tegeven
3089 1739 3333 1791 geleijde

1382 1882 1490 1929 ofte
1517 1880 1680 1926 acces,
1707 1880 1869 1926 ended'
1896 1876 2194 1926 gepasseerde
2221 1876 2383 1922 dingen
2410 1876 2519 1922 niet
2545 1875 2654 1921 wilt
2679 1870 2951 1919 gedencken,
2978 1867 3087 1915 ende
3112 1862 3195 1910 uE:
3220 1857 3304 1905 mij
3328 1852 3384 1900 de

1364 1999 1687 2056 vrundtschap
1715 1996 1831 2043 doen
1860 1992 2266 2040 gelijcktevoren
2295 1991 2382 2037 van
2410 1990 2556 2036 weder
2583 1988 2875 2036 Coophandel
2903 1988 2962 2035 te
2989 1985 3165 2032 heven,
3190 1982 3283 2029 Ick

1356 2124 1446 2173 sal
1473 2119 1649 2167 alsdan
1677 2118 1765 2164 met
1794 2117 1911 2163 mijn
1939 2116 2144 2163 woorden
2172 2114 2289 2161 niet
2318 2113 2609 2161 failjeren,
2638 2116 2726 2161 Ick
2754 2114 2842 2160 sal
2870 2112 2959 2159 bij
2987 2110 3075 2156 uE„
3103 2103 3279 2154 Comen,
3306 2099 3396 2147 ene

1358 2255 1416 2302 In
1441 2245 1781 2298 palluicattae
1809 2243 1977 2290 laten,
2006 2242 2062 2288 en
2089 2241 2287 2287 saldoen
2315 2242 2371 2287 al
2398 2241 2455 2286 't
2484 2240 2596 2286 gene
2623 2238 2709 2285 uE.
2736 2234 2821 2282 sal
2848 2231 2990 2278 goedt
3018 2226 3243 2275 duncken,
3270 2224 3328 2270 In
3355 2225 3386 2272 —

1363 2371 1516 2420 aller
1547 2370 1792 2416 manieren
1823 2369 1915 2415 sal
1945 2368 2038 2413 Ick
2068 2367 2130 2412 d'
2160 2363 2222 2411 E.
2252 2363 2528 2410 Compagnie
2559 2364 2620 2410 't
2651 2363 2713 2409 sy
2742 2360 2866 2407 hier
2896 2358 2958 2405 't
2986 2354 3050 2402 sy
3077 2345 3234 2397 daer,
3263 2341 3449 2389 dienen

1346 2497 1523 2548 sijnde
1551 2494 1612 2542 en
1639 2489 1964 2538 palliccatra
1993 2487 2111 2534 ende
2140 2486 2494 2532 tegenepatamj
2520 2483 2728 2532 gelijck
2756 2477 3022 2528 altoosten
3050 2475 3140 2522 van
3166 2472 3409 2520 tevooren

1358 2609 1504 2663 onsen
1532 2605 1705 2654 handel
1733 2603 1906 2649 gedaen
1934 2601 2135 2648 hebben,
2164 2601 2250 2647 soo
2278 2602 2307 2647 u
2335 2602 2393 2648 E:
2422 2600 2565 2647 sulcx
2594 2598 2680 2645 sal
2707 2594 2967 2642 toelaten,
2994 2592 3053 2638 't
3081 2589 3225 2638 welcq
3252 2586 3373 2634 goet

1342 2729 1407 2778 Is
1434 2723 1625 2771 voord'
1653 2721 1688 2768 E
1718 2717 2030 2766 Compagnie,
2061 2717 2187 2763 ende
2215 2717 2342 2763 voor
2373 2718 2468 2764 mij
2498 2720 2593 2770 UE:
2619 2722 2779 2771 heeft
2810 2722 2904 2767 van
2934 2720 3091 2766 alles
3122 2715 3374 2766 kennisse

1342 2838 1498 2888 daerom
1521 2832 1730 2881 excusere
1755 2832 1833 2878 ick
1858 2830 1961 2877 meer
1986 2828 2194 2874 woorden,
2219 2829 2322 2875 ende
2347 2829 2451 2875 alle
2477 2829 2529 2875 d'
2553 2829 2709 2875 andere
2734 2823 2941 2873 sdrecken
2966 2822 3044 2868 kan
3068 2820 3095 2866 u
3119 2818 3198 2864 E:.
3223 2818 3432 2866 Verstaen

1337 2948 1454 2997 uijt
1482 2944 1569 2992 den
1596 2941 1771 2989 Brieff
1799 2943 1886 2988 van
1915 2943 1973 2989 UE
2002 2944 2031 2989 .
2057 2940 2261 2989 Coopman
2290 2941 2435 2987 Inden
2461 2941 2666 2987 welcken
2694 2939 2839 2986 hadde
2867 2940 2954 2985 een
2983 2938 3070 2985 ole
3097 2936 3156 2983 te
3184 2934 3361 2982 willen

1319 3057 1601 3113 schrijven,
1628 3056 1740 3102 maer
1768 3055 1908 3101 hebbe
1936 3055 2048 3100 geen
2076 3054 2439 3100 olegeschreven
2467 3054 2523 3099 op
2551 3053 2635 3099 dat
2662 3051 2775 3097 niet
2802 3050 2999 3095 Jemandt
3027 3049 3111 3095 met
3138 3049 3167 3094 u
3193 3048 3250 3094 E:
3277 3046 3418 3093 Weder

1327 3172 1507 3226 eenige
1536 3165 1859 3217 verwouringe
1888 3165 1947 3210 en
1976 3162 2152 3209 mochte
2182 3162 2387 3208 maecken
2416 3163 2475 3208 en
2504 3163 2622 3208 UE:n
2650 3162 2739 3208 sal
2768 3159 2856 3207 mij
2885 3152 3208 3203 Vrundtschap
3236 3148 3360 3197 doen

1323 3291 1410 3341 mij
1436 3286 1718 3336 andtwoorde
1745 3285 1942 3331 telaten
1969 3282 2193 3329 toecomen
2221 3282 2277 3327 en
2305 3282 2669 3328 portugeessche
2697 3283 2949 3329 letteren,
2976 3281 3088 3328 Isck
3116 3278 3286 3326 hebbed
3312 3279 3371 3329 an

1318 3403 1443 3451 niet
1473 3401 1597 3449 meer
1627 3399 1720 3446 als
1751 3399 1844 3444 dat
1875 3398 1998 3443 onse
2028 3396 2184 3443 Heere
2215 3397 2245 3442 U
2276 3397 2338 3442 E:
2369 3397 2524 3442 leven
2554 3397 2617 3443 en
2647 3399 2956 3446 gesontheyt
2987 3399 3235 3450 verlange
3264 3406 3361 3458 &=a

1323 3532 1415 3583 In
1455 3526 1963 3581 Tegenepatam
2007 3522 2146 3571 den
2189 3520 2329 3569 20.
2372 3520 2421 3568 '
2464 3518 2694 3570 Junij
2739 3520 2923 3567 ende
2958 3518 3151 3566 was.

1322 3649 1885 3709 onderteycken
1930 3646 2072 3693 Int
2119 3645 2587 3707 Mallabaers
2633 3657 3009 3708 Chinanna

1686 3893 1858 3946 volght
1886 3900 1944 3946 d'
1972 3902 2171 3948 missive
2199 3900 2314 3947 offe
2343 3900 2543 3947 ontwerp
2570 3900 2685 3946 door
2714 3900 2799 3945 den
2827 3896 3113 3944 gouverneur
3141 3895 3313 3941 Arnold
3339 3889 3459 3940 Heuk

1674 3985 1755 4037 aen
1781 3983 1961 4030 maleija
1986 3983 2167 4029 Chittij
2193 3983 2270 4028 tot
2296 3983 2554 4029 Andtwoordt
2579 3984 2657 4031 van
2682 3986 2785 4031 sijn
2810 3982 2914 4030 haer
2939 3980 3042 4026 voor
3068 3977 3378 4025 g'sucereerde

1675 4064 1887 4113 briefken
1913 4064 2019 4110 Inde
2045 4064 2389 4113 portugeetsche
2414 4068 2757 4114 toelegesonden
2783 4066 3021 4113 luijdende
3047 4064 3127 4111 Int
3152 4057 3445 4108 Nlederlants

1667 4146 1762 4196 als
1791 4144 1823 4191 t
1853 4139 2039 4188 volght

1294 4276 1367 4328 UE
1396 4257 1709 4318 schryvens
1744 4254 1917 4302 onder
1950 4255 2227 4302 Converto
2260 4257 2364 4303 van
2398 4259 2502 4305 een
2536 4261 2708 4310 onser
2743 4262 3121 4311 Coopluijden
3156 4262 3260 4308 uyt
3292 4259 3328 4305 —

1366 4352 1669 4405 Tegenepatam
1696 4352 1779 4397 aen
1807 4352 1889 4397 mij
1917 4352 1972 4398 g'
1999 4354 2331 4402 addresseert,
2357 4358 2413 4403 so
2440 4358 2524 4404 mij
2550 4360 2689 4406 wesel
2715 4361 3074 4407 overhandight,
3100 4360 3211 4406 daer
3238 4359 3325 4406 bij

3150 4484 3297 4532 ue

2065 4138 2150 4184 -
