3703 4828
1220 604 1601 683 Septemb.
1642 590 1846 646 1646

1396 723 1582 771 gelijck
1608 722 1689 768 der
1715 722 1901 769 schips:
1926 715 2247 766 herstellinge
2273 714 2327 760 al
2352 713 2459 759 over
2486 712 2513 758 2
2538 708 2726 756 maenden
2750 705 2805 752 Is
2831 705 3098 751 geschiedt,
3123 703 3230 750 ende
3255 697 3364 748 naer

1385 825 1442 871 d'
1468 818 1581 869 Cust
1608 817 1638 863 s
1664 814 1915 863 g'engelij
1942 811 2277 860 genavigeert,
2304 810 2388 856 dan
2415 806 2583 854 wegens
2610 805 2667 851 d'
2692 795 2917 849 goederen
2944 793 3028 839 Ist
3053 788 3167 838 maer
3193 784 3279 833 str
3306 779 3474 827 weechs

1383 913 1649 970 toegegaen,
1676 912 1861 958 daervan
1886 910 1940 956 d.
1966 910 1993 955 o
2018 905 2125 954 Cap.
2151 903 2177 948 n
2202 901 2309 948 Juel
2335 901 2388 946 in
2415 901 2494 946 goa
2519 898 2626 945 noch
2651 896 2705 943 te
2730 882 3101 940 verandtwoorden
3125 871 3285 926 hebben
3309 867 3398 914 sal

1415 1052 1482 1102 De
1511 1047 1705 1094 Tollen
1734 1044 1801 1093 in
1832 1042 1897 1089 s.
1928 1040 1961 1086 t
1990 1035 2184 1085 Thoine
2216 1035 2344 1081 sijn
2374 1034 2472 1081 van
2502 1031 2631 1078 alle
2662 1023 3046 1075 maintementos
3077 1022 3110 1068 4
3140 1019 3206 1067 p.
3235 1016 3270 1064 l
3301 1014 3429 1063 C=to

1384 1160 1412 1206 ½
1436 1155 1546 1205 voor
1571 1149 1653 1198 den
1679 1146 1787 1193 duan
1814 1145 1868 1191 en
1892 1143 1922 1190 ½
1948 1140 2029 1186 den
2055 1136 2378 1185 Conicksonder
2402 1134 2566 1181 eenige
2593 1126 2942 1179 gerechticheyt
2968 1120 3157 1170 meerder
3181 1113 3264 1163 bij
3288 1109 3348 1157 de

1377 1256 1635 1318 Engelschen
1659 1249 1965 1300 betaectnen,/
1990 1248 2042 1294 om
2067 1246 2143 1293 dat
2168 1243 2245 1290 het
2270 1242 2347 1287 een
2372 1239 2499 1287 nieuw
2524 1228 2830 1283 gefondeerden
2855 1226 2983 1273 staet
3006 1223 3059 1270 so
3083 1220 3161 1268 soo
3183 1204 3365 1264 verstae

1386 1369 1425 1417 2
1454 1355 1564 1411 p„r
1597 1354 1708 1413 Cto

1292 1494 1519 1563 gisteren
1544 1486 1712 1537 hebben
1738 1484 1794 1530 d'
1820 1478 1988 1529 mooren
2014 1476 2043 1522 E
2069 1470 2236 1520 staete
2263 1466 2457 1515 gouvern
2484 1464 2568 1510 van
2593 1457 2678 1508 S.r
2703 1449 2844 1501 Thome
2870 1442 3119 1493 Versocht,
3145 1436 3314 1486 daerop

1353 1593 1468 1648 haer
1493 1579 1799 1637 g'andtwoort
1826 1577 1909 1623 Is,
1936 1572 2075 1621 eerst
2103 1567 2379 1617 Pallacatta
2406 1565 2462 1611 en
2489 1557 2683 1609 wendres
2709 1552 2849 1602 patam
2876 1547 3043 1596 souden
3069 1542 3402 1592 bemachtigen,

1371 1682 1458 1734 als
1482 1672 1680 1725 wanneer
1707 1668 1820 1716 haer
1844 1664 1903 1712 te
1930 1657 2071 1709 wille
2098 1655 2238 1701 wesen
2265 1650 2461 1699 souden,

1365 1823 1462 1873 den
1492 1811 1811 1866 Engelschen
1842 1805 2160 1856 presidendt
2191 1803 2319 1849 Aron
2349 1795 2542 1847 Backer
2573 1794 2637 1840 Io
2668 1782 3082 1837 Weijnichdagen
3113 1776 3374 1826 Verleden

1357 1920 1444 1969 van
1471 1909 1781 1963 madrespatam
1808 1906 1894 1953 met
1919 1897 2147 1951 d'fluijt
2174 1896 2231 1942 d'
2259 1893 2400 1940 hinde
2428 1889 2541 1938 naer
2568 1885 2738 1934 Bantum
2765 1878 3161 1930 geretourneert,
3187 1868 3358 1922 sijnde

1365 2016 1648 2072 daernevens
1675 2012 1790 2061 oocq
1816 1999 2130 2056 vertrocken)
2158 1996 2215 2043 M.
2240 1993 2272 2040 r
2299 1989 2499 2037 grinhil
2526 1988 2640 2034 omme
2668 1984 2754 2032 als
2780 1981 2952 2028 tweede
2979 1979 3180 2026 persoon
3203 1972 3236 2021 —

1365 2123 1614 2177 derwaerdts
1635 2119 1688 2167 te
1711 2113 1987 2163 verblijven,
2011 2109 2111 2157 ende
2135 2108 2185 2153 m.
2210 2108 2235 2153 r
2260 2106 2484 2153 peniston,
2507 2104 2558 2150 om
2582 2102 2658 2149 als
2683 2097 2832 2147 agenet
2856 2093 2981 2141 weder
3004 2090 3056 2137 te
3079 2086 3255 2134 keeren,
3279 2085 3330 2131 en

1374 2244 1452 2292 tot
1475 2237 1579 2288 dien
1602 2229 1757 2280 sijnde
1780 2226 1833 2273 m.
1857 2224 1884 2270 r
1908 2220 2011 2268 eive
2035 2219 2087 2265 te
2112 2214 2367 2263 vervangen,
2392 2209 2596 2258 geseijde
2621 2206 2800 2254 fluijts
2824 2201 3004 2250 ladinge
3027 2194 3232 2245 bestaedt
3257 2192 3284 2238 —

1368 2346 1457 2403 ter
1482 2330 1786 2387 principaele
1812 2327 1869 2373 in
1895 2321 2062 2372 gunees
2089 2318 2310 2365 lijnwaet
2338 2315 2531 2363 partije
2557 2299 2890 2359 geschilderde
2915 2291 3138 2342 doecken,
3164 2285 3276 2335 ende

1317 2437 1661 2515 Bosctruijt,
1691 2435 1784 2482 hun
1813 2429 1968 2478 fluyt
1997 2426 2060 2473 d'
2090 2422 2306 2471 heeblom
2335 2419 2398 2466 op
2427 2405 2798 2463 Masulipatain
2826 2392 3166 2449 Vertummert,
3196 2385 3350 2435 sinde

1353 2542 1658 2606 straedt(soo
1682 2533 1959 2585 uijtgeven)
1984 2526 2178 2576 naergoa
2203 2516 2534 2569 gedemitteert
2561 2514 2617 2560 te
2642 2506 2808 2557 werden

1163 2678 1220 2725 Af
1247 2677 1305 2724 15
1328 2669 1419 2721 tot
1446 2668 1505 2714 18
1529 2663 1618 2714 d:o
1645 2660 1760 2707 niet
1788 2651 2130 2704 sonderlinghs
2158 2647 2500 2696 voorgevullen

1167 2837 1252 2895 Den
1272 2826 1329 2875 19
1348 2814 1458 2866 d.o.
1483 2808 1694 2858 verrecke
1720 2805 1799 2852 van
1826 2805 1931 2850 dees
1957 2803 2088 2850 rhede
2114 2799 2272 2847 Nlaert
2298 2794 2614 2843 Coninckrijck
2640 2792 2719 2839 Van
2744 2788 2877 2836 Beguw
2902 2789 2928 2834 T
2955 2788 3086 2834 Jacht
3112 2778 3401 2833 hiypskercke

1340 2906 1451 2954 over
1478 2900 1781 2950 masulupatam
1808 2899 1974 2946 gaende
2000 2896 2194 2944 daermet
2220 2894 2303 2940 den
2331 2892 2523 2939 Coopman
2550 2890 2606 2937 S.
2632 2889 2661 2934 r
2688 2883 2963 2933 Issebrandt
2990 2881 3073 2927 van
3100 2876 3409 2926 Swaenswijck

1339 3004 1396 3054 en
1421 3000 1504 3047 een
1531 2997 1801 3046 1Cargasoen
1828 2994 2018 3042 bestaen
2045 2994 2153 3039 uijt
2179 2992 2234 3038 20
2260 2987 2423 3037 packen
2450 2979 2721 3031 d'veersche
2746 2975 3018 3023 sorteringe
3045 2974 3126 3020 van
3152 2968 3343 3019 Cleden—

1338 3107 1366 3154 5
1386 3102 1438 3149 p.
1462 3101 1486 3146 s
1505 3091 1728 3146 flueelen,
1752 3091 1776 3136 4
1799 3087 1946 3136 Cassen
1970 3084 2212 3132 roosewater
2236 3084 2285 3129 15
2309 3082 2503 3129 spiegels
2526 3081 2552 3126 6
2575 3080 2625 3126 p.
2647 3080 2697 3126 s,
2720 3076 2915 3124 Bandesen
2938 3074 2964 3120 6
2986 3073 3036 3118 p.
3058 3072 3085 3118 s
3108 3065 3376 3115 beteldoosen

1341 3208 1375 3256 1
1397 3194 1537 3248 paert
1563 3190 1647 3239 178
1672 3187 1729 3234 lb
1755 3180 2029 3231 sandelhout
2056 3178 2139 3225 168
2164 3175 2249 3223 lb.
2276 3176 2305 3221 1
2330 3173 2550 3223 MNagelen
2577 3172 2632 3218 72
2659 3170 2714 3216 lb
2740 3165 2906 3214 foelij
2932 3164 3070 3210 3160.
3095 3160 3152 3208 lb
3178 3156 3316 3204 No18.

1336 3283 1620 3342 Mutschaten
1646 3280 1703 3327 32
1730 3279 1759 3324 @
1787 3272 2012 3324 dweersch
2038 3265 2236 3316 laecken
2263 3264 2292 3310 2
2320 3264 2376 3310 p.
2404 3264 2432 3309 r
2457 3255 2796 3309 verreskykers
2824 3254 2881 3300 11
2908 3252 2993 3299 p:s
3020 3248 3189 3296 damast
3215 3245 3273 3293 13
3301 3242 3385 3288 p=s

1335 3380 1501 3432 slaven
1529 3377 1613 3425 end
1640 3376 1668 3421 ¼
1695 3371 2112 3421 leggerspaensche
2139 3369 2224 3416 ijn
2250 3366 2391 3414 sinde
2418 3361 2668 3412 daeronder
2693 3351 2918 3406 begrepen
2945 3349 3001 3394 d'
3028 3340 3363 3393 schenckagie—

1306 3483 1417 3532 aen
1452 3470 1781 3526 Conincken
1816 3467 2035 3514 Prins,
2070 3465 2435 3512 monterende
2471 3465 2726 3512 t'samen
2761 3463 2798 3509 f
2832 3449 3234 3507 18912„15„8„
3268 3442 3379 3492 met

1325 3580 1463 3633 ordre
1489 3576 1599 3624 ende
1625 3569 1977 3620 recommandatie
2004 3567 2167 3614 aenden
2194 3561 2600 3612 opercoopluijden
2627 3561 2681 3607 W.
2708 3562 2764 3608 es
2788 3560 2952 3609 Pieter
2978 3556 3115 3604 Sijme
3141 3553 3196 3599 en
3221 3545 3358 3597 Iacob
3385 3544 3412 3589 —

1322 3677 1524 3733 Junuis,
1550 3673 1610 3721 't
1636 3667 1808 3716 gerede
1835 3663 2007 3712 aldaer
2035 3662 2149 3708 mede
2177 3658 2434 3707 Ingenomen
2462 3656 2661 3703 hebben,
2689 3655 2747 3701 't
2774 3652 2974 3699 gemelte
3002 3650 3145 3697 dacht
3172 3648 3258 3694 als
3287 3647 3372 3693 dan

1324 3787 1381 3835 op
1404 3780 1462 3829 't
1486 3767 1785 3823 spoedighste
1811 3763 2056 3811 wedersoof
2082 3762 2137 3807 te
2162 3755 2434 3805 veerdigen,
2460 3753 2542 3799 den
2568 3746 2840 3797 almogenden
2865 3741 3083 3790 geleijde
3109 3733 3299 3785 'tselve

1301 3882 1521 3948 spoedich
1546 3877 1628 3926 ter
1652 3865 2031 3920 gedestineerder
2055 3859 2299 3912 'splaetse
2325 3859 2379 3904 en
2405 3858 2433 3904 t
2459 3855 2621 3904 sijner
2647 3850 2755 3899 tijt
2781 3845 2889 3894 meer
2915 3835 3157 3888 herwaerts
3182 3832 3238 3879 En
3264 3825 3399 3876 salvo
3422 3822 3453 3870 —
