3553 4917
2813 339 2964 393 656

907 495 1034 541 G20:
1065 496 1288 548 Belooft
1319 503 1447 555 ende
1477 511 1668 564 moeten
1699 519 1986 567 betaalen,
2016 522 2175 570 hebbe
2206 524 2430 577 evenwel
2460 533 2556 579 als
2586 535 2714 583 niet
2746 538 2810 584 te
2841 540 2937 586 be„

896 596 1043 643 comen
1071 597 1130 643 't
1159 598 1336 648 vorder
1364 603 1717 663 ondersoecken
1745 619 1892 666 laten
1921 619 2156 669 steecken

577 753 748 806 tangen
774 751 888 797 tijt
915 749 973 795 is
1000 750 1113 795 hier
1140 749 1338 796 gerucht
1365 752 1450 798 een
1478 754 1703 803 Chinesen
1730 754 2040 803 ambassadeur
2067 754 2264 802 wesende
2292 757 2377 803 nae
2405 758 2462 805 't
2489 760 2742 808 voorgeven
2770 763 2856 809 een
2882 765 3025 814 neerf

904 854 988 902 van
1015 854 1099 900 den
1126 854 1293 900 Combon
1320 855 1404 902 van
1431 858 1654 909 hocceheo
1680 863 1736 910 te
1763 861 2068 908 verschijnen
2096 860 2263 907 stond,
2289 859 2345 904 om
2373 858 2678 905 assistentie
2706 858 2845 904 tegen
2871 859 2956 905 den

911 967 1089 1015 tartar
1118 967 1177 1012 te
1206 966 1529 1015 procureren,
1559 970 1676 1017 doch
1706 971 1794 1017 tot
1823 970 1940 1016 dato
1969 969 2087 1015 niet
2116 968 2381 1014 vernomen,
2410 968 2499 1014 van
2527 965 2645 1014 zijn
2674 962 2763 1009 wel
2791 956 2998 1006 ontfang

914 1082 1034 1128 ofte
1064 1081 1484 1129 aengenaemheijt
1514 1084 1574 1129 is
1604 1084 1724 1130 niet
1753 1082 1814 1129 te
1842 1081 2053 1129 zeggen,
2082 1078 2203 1126 maer
2232 1075 2383 1123 mijns
2412 1067 2683 1119 gevoelens
2711 1061 2898 1111 schoon

913 1189 1258 1237 verschenen
1293 1189 1570 1238 weijnich
1603 1188 1984 1237 Geobtintert
2018 1185 2191 1233 zoude
2226 1180 2433 1230 hebben

480 1373 660 1433 Boven
692 1367 869 1415 hebbe
900 1366 1009 1414 van
1043 1365 1115 1411 't
1150 1365 1467 1413 ontseggen
1501 1368 1607 1413 der
1642 1368 1994 1418 Namkinders
2029 1369 2170 1416 uijt
2205 1369 2381 1415 Japan
2415 1369 2803 1416 aengeroert,
2838 1368 2956 1416 soo

912 1475 1125 1528 schijnt
1154 1475 1483 1521 'tooghmerck
1512 1475 1603 1521 der
1631 1476 1811 1521 zelver
1841 1476 1930 1521 als
1960 1476 2110 1523 Japan
2139 1478 2319 1524 haaren
2348 1477 2527 1525 aandel
2556 1473 2676 1521 ende
2706 1473 2915 1519 vertiek

924 1582 1104 1631 plaats
1134 1584 1402 1630 missende,
1431 1584 1521 1630 met
1551 1583 1671 1629 onse
1700 1583 2089 1631 Consideratien
2118 1586 2297 1633 ganseh
2327 1583 2536 1630 overeen
2564 1578 2745 1627 comen,
2774 1577 2924 1624 sulcx

929 1697 1020 1751 bij
1048 1693 1164 1740 haer
1192 1692 1453 1738 overleijt
1482 1693 1539 1738 om
1568 1693 1771 1738 evenwel
1799 1693 1857 1739 de
1886 1694 2320 1742 Coopmanschappen
2349 1696 2407 1741 in
2436 1694 2522 1740 dat
2551 1693 2667 1739 land
2695 1691 2928 1738 vallende

931 1805 992 1850 te
1022 1803 1296 1849 vertueren
1327 1803 1449 1848 door
1479 1803 1692 1850 heecker
1722 1802 1966 1851 Jaxander
1996 1806 2179 1852 aenden
2204 1803 2270 1852 E:
2300 1799 2574 1848 verstegen
2604 1796 2850 1843 gesonden

932 1915 1149 1962 buijten
1180 1913 1429 1960 kennisse
1459 1916 1615 1964 vande
1645 1919 1863 1966 tolcken
1893 1919 2018 1965 haer
2048 1915 2452 1966 Genegentheijt
2481 1911 2546 1958 te
2576 1911 2732 1957 weten
2759 1911 2824 1958 de
2855 1911 2952 1959 suk

924 2031 1106 2083 sijnde
1135 2031 1225 2077 met
1255 2031 1315 2076 de
1344 2031 1525 2079 Comp:e
1552 2034 1793 2081 voortaen
1822 2037 1883 2083 te
1911 2039 2150 2085 handelen
2180 2040 2240 2085 te
2268 2036 2449 2083 kennen
2478 2033 2659 2080 hebben
2685 2031 2927 2080 Gegeven,

928 2138 1050 2184 ende
1081 2137 1234 2183 reede
1264 2137 1327 2184 zo
1356 2140 1509 2187 verre
1539 2142 1907 2194 versproocken
1936 2150 2028 2196 dat
2059 2151 2395 2198 presenteren
2426 2152 2548 2198 vier
2579 2153 2701 2200 ofte
2731 2151 2886 2200 vijff

922 2249 1017 2295 man
1049 2250 1145 2295 met
1176 2251 1304 2298 onse
1336 2252 1559 2299 schepen
1590 2254 1687 2301 nae
1717 2257 1973 2306 taijouan
2002 2262 2067 2309 om
2099 2264 2163 2311 in
2193 2265 2544 2311 toecommende
2575 2262 2704 2310 wech
2735 2262 2958 2308 wijsers

917 2354 1022 2402 nae
1056 2355 1364 2407 derwaerts
1397 2362 1467 2408 te
1500 2364 1638 2412 zijn
1671 2365 1741 2412 te
1774 2368 1946 2416 laten
1979 2371 2151 2420 gaen,
2185 2372 2425 2421 Gelijck
2457 2374 2768 2424 genoemden
2797 2376 2869 2426 E:

910 2475 1188 2526 verstegen
1219 2474 1313 2520 mij
1342 2475 1404 2521 't
1434 2475 1589 2521 zelve
1618 2473 1960 2524 overgeseijt
1989 2480 2054 2528 en
2082 2484 2298 2531 uEd=len
2329 2484 2421 2530 dus
2452 2481 2730 2530 aengaende
2760 2479 2983 2528 Breeder

922 2591 1001 2639 is
1037 2584 1498 2637 advijserende

1278 2957 1474 3015 Edele
1511 2969 1903 3020 Erentfeste
1941 2972 2059 3020 wel
2098 2975 2293 3021 wijse
2332 2975 2801 3024 voorsienighe
2840 2979 3007 3037 h=rn

1285 3075 1465 3126 uE„es
1500 3073 1607 3118 nae
1642 3073 1998 3125 Gedurstige
2033 3080 2212 3126 groet
2246 3080 2318 3126 in
2349 3076 2531 3125 schud
2566 3076 2673 3121 des
2709 3076 2958 3130 almach„

1315 3171 1483 3221 tigen
1515 3167 1845 3215 Bevelende,
1877 3170 1976 3217 die
2009 3172 2206 3221 uEd:en
2239 3170 2568 3220 lofflijcke
2600 3164 2898 3214 Regeringe

1322 3271 1529 3319 altijt
1563 3269 1942 3316 voorspoedig
1976 3271 2079 3316 wil
2113 3271 2389 3319 maacken)
2422 3275 2491 3321 en
2525 3274 2697 3320 zegen

1332 3399 1409 3445 in
1446 3396 1865 3444 nangabackij
1903 3397 2132 3442 Ekisma
2169 3396 2246 3441 in
2284 3396 2363 3443 't
2397 3398 2665 3446 keijser
2703 3399 2894 3447 rijck

1330 3501 1561 3556 IJapan
1598 3500 1789 3546 desen
1827 3496 1980 3547 8:en
2016 3494 2284 3544 October
2321 3499 2397 3544 ao
2435 3497 2663 3548 1646/.

1985 2718 2248 2774 hier
2312 2718 2575 2769 Mede

1834 3661 2110 3721 Was
2201 3639 2567 3707 get.

1949 3886 2320 3975 Reynier
2371 3875 2531 3924 Van
2584 3873 2691 3920 't
2728 3866 2972 3916 zun.

2331 626 2398 673 -
