3567 4801
2693 487 2883 547 949

655 506 894 564 april
940 495 1084 550 Ao.
1128 486 1323 536 1646

957 645 1066 699 diet
1090 640 1172 688 met
1198 633 1411 685 ongeveer
1436 630 1490 677 t0
1516 629 1570 675 le
1595 625 1756 673 mannen
1781 623 1862 670 van
1887 621 1994 667 sijn
2021 620 2154 667 volcq
2179 619 2259 666 den
2285 619 2498 666 geheelen
2525 617 2631 664 dagh
2657 608 2844 662 staende

951 745 1164 810 gehouden
1188 737 1295 788 ende
1320 730 1477 780 tegens
1503 727 1582 775 den
1607 723 1765 772 avondt
1789 719 1921 767 opden
1946 716 2130 763 vijandt
2156 712 2418 761 Ingevallen
2442 706 2600 755 heeft,
2626 703 2731 751 doch
2756 699 2836 747 van

958 842 1198 898 niemandt
1225 823 1586 884 gesecundeert
1614 812 1855 867 werdende
1885 807 2035 856 Alhoe
2064 805 2154 852 Wel
2184 800 2454 850 Balachan,
2480 788 2843 844 delaurachan,
2866 783 2904 833 —

923 938 1238 1008 Raquapittij
1264 926 1465 982 daertoe
1492 910 1836 970 g'ordonneert
1862 900 2092 953 teaeren,
2118 894 2291 944 wierdt
2318 883 2547 938 rondtsom
2573 876 2747 927 beseth
2773 871 2847 919 in

951 1044 1158 1104 sulcken
1184 1032 1363 1086 Bougen
1390 1026 1480 1075 dat
1507 1020 1627 1070 naer
1655 1015 1745 1064 een
1773 1010 1921 1059 hardt
1948 1001 2185 1054 geveght,
2212 989 2449 1045 omtrendt
2474 982 2567 1032 500
2593 973 2743 1025 Vande
2769 961 2919 1016 sijne

956 1148 1197 1209 gebleven,
1220 1138 1329 1191 ende
1353 1129 1487 1181 selfs
1512 1128 1540 1174 2
1565 1119 1726 1172 wonden
1749 1108 1937 1162 hebben,
1961 1103 2042 1152 uyt
2067 1100 2122 1147 d'
2146 1086 2413 1143 besettinge
2437 1071 2677 1130 ontcomen,
2700 1066 2756 1113 en
2779 1057 2971 1110 wederom

958 1244 1161 1301 onder't
1186 1230 1391 1287 Casteel
1417 1218 1650 1275 peraeckt
1676 1212 1766 1262 Is,
1793 1204 1967 1256 sijnde
1994 1200 2054 1248 't
2081 1189 2342 1244 merendeel
2368 1182 2457 1233 Van
2483 1177 2544 1225 s'
2571 1163 2774 1220 Conincx
2799 1156 2946 1206 macht

953 1364 1045 1418 met
1070 1355 1163 1406 den
1189 1335 1459 1397 donckeren
1487 1325 1636 1379 nacht
1663 1311 1932 1369 (meenende
1960 1304 2110 1355 alles
2138 1293 2377 1348 Verloren
2403 1289 2525 1336 was)
2551 1279 2672 1331 haer
2700 1273 2910 1323 sweeghs
2936 1269 2968 1315 —

951 1462 1250 1532 gevlught,
1281 1445 1642 1504 namentlijck
1671 1429 1936 1488 Balacham
1965 1414 2229 1471 omtrendt
2260 1401 2522 1458 suisier,
2553 1378 2946 1445 dolandrachan

955 1594 1019 1647 In
1044 1572 1367 1637 Cangewaron,
1394 1568 1454 1616 en
1482 1555 1803 1613 Raguapuntij
1830 1552 1920 1599 bij
1946 1539 2181 1595 vonnerij
2208 1530 2385 1583 alwaer
2413 1524 2531 1573 haer
2557 1515 2734 1567 hebben
2760 1499 3031 1558 gelegert,

953 1707 1016 1757 nu
1040 1699 1104 1749 d'
1130 1689 1279 1740 Mags.
1308 1687 1338 1733 t
1366 1679 1544 1732 siende
1572 1675 1662 1722 des
1689 1667 1868 1719 nachts
1896 1660 2132 1711 weijnich
2161 1654 2309 1705 volcq
2338 1650 2427 1698 int
2455 1642 2662 1694 Casteel
2690 1632 2839 1686 quam,
2867 1629 2897 1674 —

961 1819 1078 1871 ende
1105 1814 1193 1863 der
1219 1805 1394 1858 Borgen
1421 1799 1538 1849 dagh
1564 1791 1709 1842 veele
1736 1783 2025 1835 voedtvolcq
2052 1778 2226 1826 waeren
2253 1762 2513 1821 gevlught,
2539 1753 2657 1805 mede
2684 1748 2771 1797 dat
2798 1743 2886 1792 den
2913 1740 2943 1786 —

975 1935 1152 1993 vyandt
1178 1926 1297 1979 noch
1324 1920 1471 1970 nader
1499 1916 1645 1965 quam,
1673 1909 1791 1960 ende
1817 1904 1964 1953 sijne
1990 1897 2167 1949 tenten
2194 1890 2400 1942 onderd'
2426 1881 2574 1934 stadt
2600 1868 2777 1925 stelde

956 2068 1098 2128 heeft
1122 2060 1208 2111 van
1232 2053 1345 2104 twee
1371 2044 1593 2096 quaede't
1619 2026 2034 2088 besteverhooren,
2059 2019 2171 2069 ende
2197 2000 2529 2062 geresolveert
2554 1994 2639 2043 met
2665 1990 2722 2038 d'
2746 1981 2916 2033 mooren

944 2194 1040 2245 soo
1066 2181 1194 2237 best
1224 2169 1410 2224 conde.
1440 2159 1626 2213 Accort
1655 2155 1719 2202 te
1748 2145 1966 2199 maecken
1994 2138 2089 2188 tot
2118 2126 2337 2182 welcken
2366 2116 2552 2168 eijnde
2581 2105 2799 2160 dalweij

952 2305 1127 2362 appena
1153 2295 1272 2348 ende
1298 2286 1474 2338 andere
1501 2279 1648 2330 hooft
1677 2267 1966 2323 offecieren
1995 2264 2054 2311 om
2081 2251 2314 2308 gespreck
2341 2237 2575 2294 t'houden
2601 2225 2864 2281 gesonden,
2892 2224 2924 2270 —

939 2422 1073 2482 ende
1103 2410 1266 2465 vande
1296 2400 1492 2453 mooren
1522 2391 1750 2444 eerlyck
1780 2378 2073 2434 ontfangen
2104 2374 2202 2422 syn
2232 2363 2492 2417 seggende
2524 2357 2686 2407 musst
2715 2341 2943 2401 afschan

949 2533 1160 2593 mijnen
1191 2522 1332 2575 Heer
1365 2518 1436 2565 en
1467 2506 1712 2561 Coninck
1745 2494 1919 2549 heeft
1952 2490 2057 2538 den
2091 2484 2230 2534 uwen
2262 2476 2368 2529 tot
2400 2472 2472 2520 d'
2505 2464 2679 2516 Crone
2713 2461 2822 2508 van

945 2650 1183 2717 Carnatica
1207 2637 1418 2693 geholpen
1442 2630 1548 2681 ende
1571 2626 1626 2674 in
1650 2621 1783 2671 synen
1806 2611 1965 2665 staedt
1989 2601 2330 2655 bevesticht,'t
2354 2595 2487 2645 welck
2510 2591 2590 2638 men
2612 2584 2721 2636 niet
2745 2577 2851 2627 meer

945 2766 1252 2833 gedenckende,
1275 2757 1404 2809 heeft
1427 2740 1708 2800 verscheyden
1732 2736 1835 2784 mijn
1859 2729 2038 2781 Conincx
2060 2717 2291 2774 dienaers,
2315 2712 2393 2761 dat
2417 2703 2621 2756 schelmen
2645 2691 2849 2747 geworden
2873 2689 2925 2735 en

950 2894 1023 2943 uyt
1044 2888 1119 2937 den
1140 2880 1262 2932 lande
1283 2868 1501 2924 verjaeght
1520 2859 1667 2912 waeren
1689 2857 1739 2903 in
1761 2851 1906 2902 sijnen
1928 2844 2073 2894 dienst
2096 2837 2241 2888 tegens
2262 2832 2312 2880 't
2334 2826 2455 2876 rijck
2478 2821 2551 2870 van
2574 2808 2837 2865 Disicerpour

949 2995 1223 3056 aengenomen
1247 2987 1359 3038 ende
1384 2983 1441 3031 in
1464 2976 1550 3027 syn
1574 2971 1659 3019 hof
1683 2959 1986 3014 onderhouden
2012 2951 2231 3002 behalven
2257 2948 2340 2996 dat
2366 2941 2504 2991 heeft
2528 2930 2806 2984 onderstaen

949 3114 1027 3165 des
1049 3100 1226 3157 Conincx
1248 3089 1425 3143 legerte
1447 3073 1699 3132 bekxkingen
1722 3069 1823 3117 ende
1847 3059 2097 3113 openbaeren
2122 3053 2322 3103 oorhoogh
2344 3047 2471 3096 tegen
2494 3045 2571 3091 die
2595 3042 2671 3089 hem
2694 3037 2820 3086 geldt
2844 3033 2994 3082 gedaen

890 3222 1069 3281 heeft,
1096 3213 1188 3264 aen
1216 3208 1278 3256 te
1306 3197 1517 3251 vangen,
1546 3190 1666 3241 ende
1694 3186 1756 3234 nu
1783 3182 1845 3229 d'
1874 3176 1995 3226 kans
2023 3168 2234 3220 gekeert
2263 3163 2473 3216 sijnde,
2500 3155 2682 3208 begeen
2710 3149 2891 3200 Couwel

952 3337 1005 3383 't
1029 3328 1159 3381 welcq
1181 3320 1261 3370 hem
1286 3312 1364 3364 bij
1387 3305 1518 3356 desen
1541 3293 1826 3348 accordeerde
1850 3290 1903 3337 op
1928 3281 2135 3334 Conditie
2159 3278 2212 3325 te
2236 3271 2366 3322 weten
2390 3267 2469 3314 dat
2494 3264 2572 3311 den
2596 3249 2830 3308 Conincke/

962 3442 1041 3492 met
1064 3438 1117 3485 8'
1142 3430 1245 3482 syne
1267 3423 1372 3474 uijt
1395 3418 1448 3466 d'
1472 3409 1626 3461 stadt,
1651 3405 1754 3453 ende
1778 3401 1831 3448 't
1853 3392 2034 3444 Casteel
2058 3386 2187 3436 soude
2211 3373 2493 3430 vertrecken,
2516 3360 2748 3417 leverende
2771 3346 2953 3403 d'selve

955 3550 1033 3599 met
1057 3543 1160 3593 alle
1181 3537 1235 3586 't
1257 3527 1361 3580 gene
1383 3515 1613 3570 daeijnne,
1637 3512 1714 3559 soo
1738 3508 1815 3556 van
1839 3494 2143 3552 Oliphantsen,
2167 3487 2320 3538 geldt,
2344 3479 2497 3530 goudt,
2519 3471 2699 3523 silver,
2721 3459 2951 3516 Juweelijk
2970 3455 3003 3503 e

949 3655 1041 3707 aen
1068 3634 1398 3699 mustafschan
1427 3626 1547 3677 over
1575 3618 1695 3670 ende
1724 3607 1963 3662 Balachan
1990 3595 2231 3651 moestmen
2259 3590 2379 3637 mede
2406 3586 2468 3635 In
2496 3576 2617 3630 syne
2644 3561 2829 3619 handen

943 3751 1252 3808 overleveren,
1274 3739 1456 3794 twelcke
1478 3723 1711 3782 rapworten
1735 3720 1814 3767 van
1837 3710 2070 3763 voorslagh
2093 3705 2172 3754 den
2195 3694 2377 3749 Coninck
2400 3685 2556 3738 sijnde
2579 3670 2786 3729 gereladn
2808 3664 2913 3713 teen

936 3862 1154 3921 bepondt,
1178 3856 1289 3905 sich
1313 3846 1450 3899 boven
1475 3838 1612 3890 maten
1638 3828 1882 3881 verplecx,
1907 3824 1989 3872 als
2014 3812 2232 3868 sujlcken
2257 3802 2475 3856 Contract
2500 3797 2582 3845 hem
2606 3790 2717 3841 niet
2742 3782 2990 3834 aenstaen,

941 3980 1057 4030 ende
1082 3970 1171 4023 aen
1195 3956 1398 4012 d'ander
1422 3945 1540 3998 syde
1566 3938 1682 3988 geen
1709 3933 1853 3982 raedt
1880 3929 1967 3977 van
1994 3919 2223 3973 uytcomst
2249 3911 2423 3963 diende
2450 3906 2594 3955 heeft
2621 3899 2966 3950 g'andtwoort,

945 4085 1062 4139 ende
1087 4077 1203 4128 must
1231 4065 1430 4121 afschan
1456 4058 1572 4108 doen
1598 4050 1770 4101 seggen
1797 4045 1884 4093 dat
1911 4035 2139 4088 balachan
2166 4030 2281 4079 niet
2308 4028 2366 4074 in
2393 4022 2536 4072 syner
2562 4017 2706 4067 macht
2733 4013 2820 4061 was
2846 4008 2969 4057 maer

946 4187 1082 4240 gingh
1107 4179 1269 4230 weaert
1293 4173 1376 4222 hem
1401 4164 1617 4217 beliefde
1642 4153 1939 4208 mistafschan
1964 4148 2073 4196 noch
2098 4145 2153 4192 te
2178 4140 2260 4189 hem
2284 4135 2394 4184 doen
2419 4128 2662 4179 gebvongen
2687 4120 2823 4172 nemen
2848 4119 2879 4166 —

0 740 30 785 g

68 740 280 789 gemercke

13 948 60 993 al

0 1058 82 1104 g

0 1156 48 1202 g

0 1263 39 1310 be

0 1376 65 1422 de

173 1255 245 1303 rte

122 1058 146 1104 en

0 1658 273 1706 apourh

80 1879 165 1925 tse

155 3108 240 3153 ouwel

0 4066 242 4118 tapeneij
