3567 4801
2710 500 2909 575 916

696 589 1144 647 Januarij
1197 580 1427 630 1646

940 777 1130 831 casteel
1157 773 1238 820 met
1265 772 1347 818 syn
1373 771 1429 817 by
1455 771 1618 818 hebben
1644 768 1781 817 macht
1805 760 1997 812 gecomen
2024 757 2214 805 syjnde,
2241 757 2271 804 r
2294 754 2622 805 apporteerde,
2648 752 2731 799 hoe
2755 752 2838 800 dat
2864 747 2957 796 met

936 884 1075 937 goede
1099 875 1345 927 ordreende
1373 871 1698 920 gelegentheyt
1724 869 1861 915 Inden
1888 866 2105 914 aenvancq
2132 865 2214 911 den
2240 864 2403 911 Vyandt
2430 866 2512 911 Int
2539 863 2647 911 dorp
2674 850 2973 907 Wansjewacke

938 989 1216 1049 overvallen,
1239 983 1417 1033 d'selve
1441 980 1518 1027 met
1543 979 1694 1025 groote
1718 976 2072 1023 verboeestheijt
2096 976 2148 1021 op
2172 977 2222 1022 d'
2246 975 2399 1022 veught
2424 975 2651 1021 geraeckt,
2675 973 2726 1019 en
2750 970 2852 1017 hier
2876 969 2931 1018 en

932 1109 1033 1160 daer
1057 1099 1280 1153 verborgen
1303 1093 1478 1143 vaeren,
1501 1089 1601 1138 sten
1625 1087 1700 1133 dat
1725 1086 1775 1132 d'
1798 1085 1898 1131 onse
1922 1085 2071 1130 sonder
2096 1084 2170 1130 als
2194 1082 2294 1129 doen
2318 1080 2467 1126 eenige
2491 1078 2640 1125 dooden
2664 1076 2764 1122 ofte
2788 1073 2986 1121 gequetst

946 1228 1000 1273 te
1020 1210 1234 1270 becomen,
1259 1206 1313 1253 d'
1337 1199 1601 1250 overhandt,
1626 1194 1733 1243 ende
1758 1189 2047 1238 genoechsaem
2073 1188 2126 1234 d'
2151 1185 2362 1233 vistorie
2387 1184 2467 1229 aen
2493 1183 2598 1229 haer
2623 1181 2756 1227 sijde
2780 1179 2867 1227 als

935 1326 1050 1380 oocq
1075 1321 1133 1370 d'
1160 1318 1188 1363 2
1211 1302 1633 1363 princestuckjens
1660 1300 1716 1347 in
1743 1292 2134 1345 verseeckeringe
2159 1290 2329 1338 hadde,
2356 1289 2467 1336 doch
2495 1289 2579 1335 dat
2606 1276 2968 1334 middelerwijle

935 1434 1023 1486 des
1048 1421 1308 1475 luijtenam
1336 1418 1423 1465 met
1451 1417 1509 1463 d'
1537 1412 1710 1461 meeste
1737 1407 1882 1456 macht
1910 1404 1996 1451 den
2025 1401 2197 1449 vyandt
2225 1400 2512 1447 vervolghde
2539 1398 2655 1446 ende
2684 1393 3028 1443 furieuselijk

942 1532 1149 1588 achterd'
1173 1526 1328 1576 hieren
1353 1524 1456 1571 was)
1481 1521 1585 1568 door
1609 1520 1661 1566 d'
1686 1516 1764 1564 all
1788 1515 1841 1560 te
1865 1513 2020 1560 groote
2046 1510 2456 1558 onachtsaemheijt,
2480 1506 2584 1554 ende
2608 1500 2819 1550 disordre

948 1643 1027 1690 van
1051 1636 1208 1687 d'onse
1234 1634 1287 1680 in
1312 1632 1391 1679 een
1416 1629 1573 1677 corten
1599 1626 1755 1673 stondt
1780 1620 2068 1670 namentlijck
2093 1620 2172 1666 van
2197 1618 2276 1664 een
2301 1614 2406 1663 uijr
2431 1611 2484 1658 d'
2510 1608 2666 1656 saecke
2693 1604 2797 1653 (god
2823 1602 2980 1648 beter)

923 1746 1040 1800 heel
1067 1740 1241 1790 anders
1268 1736 1585 1784 verthoonde,
1614 1735 1700 1781 als
1729 1728 1958 1779 loopende
1986 1727 2073 1773 den
2100 1725 2245 1772 eenen
2274 1723 2390 1770 hier
2417 1722 2504 1769 den
2532 1717 2734 1767 anderen
2761 1712 2877 1761 daer

942 1859 1030 1911 van
1057 1855 1115 1901 d'
1140 1851 1227 1898 een
1253 1845 1453 1896 straedt
1481 1844 1566 1890 tot
1593 1842 1651 1888 d'
1678 1839 1821 1886 ander
1848 1834 2018 1882 sonder
2046 1833 2159 1879 eens
2187 1833 2244 1878 op
2271 1827 2612 1878 meerdermacht
2638 1822 2809 1871 vanden
2836 1819 3018 1867 vijamt

954 1968 1067 2016 veel
1093 1965 1178 2012 min
1205 1963 1262 2009 op
1289 1960 1346 2007 d'
1372 1956 1513 2004 goede
1539 1947 1931 2000 waerschouwinge
1958 1945 2042 1992 van
2070 1945 2126 1991 d'
2153 1945 2210 1990 H.
2237 1945 2266 1990 r
2292 1940 2572 1989 Gouverneur
2599 1934 2823 1984 voornomt
2849 1925 2907 1978 te

924 2086 1165 2147 dencken,
1191 2079 1313 2129 maer
1342 2074 1580 2122 voorvast
1608 2064 1936 2118 Inbeeldende
1963 2059 2113 2108 alles
2143 2058 2232 2104 ten
2261 2054 2439 2102 eijnde
2469 2052 2765 2102 gebraghtd:
2795 2052 2885 2097 was

924 2209 1159 2262 Invoegen
1187 2206 1277 2254 een
1305 2203 1424 2250 deel
1450 2198 1541 2248 van
1569 2194 1630 2242 d'
1657 2188 1776 2238 onse
1805 2186 1982 2233 sonder
2010 2185 2129 2231 eens
2158 2184 2217 2230 op
2246 2182 2364 2229 haer
2393 2180 2629 2227 defentie
2657 2177 2746 2224 ene
2774 2172 2953 2221 geweer

942 2331 993 2377 t'
1017 2323 1193 2375 patsen,
1218 2319 1368 2367 vanden
1392 2314 1568 2363 anderen
1592 2309 1768 2358 alreede
1792 2302 2069 2353 gesepareert
2093 2299 2268 2348 sijnde,
2292 2297 2343 2343 Io
2367 2295 2468 2341 noch
2492 2288 2768 2339 daerenboven
2792 2286 2843 2332 t'
2867 2282 2994 2330 onser

923 2439 1083 2497 meeste
1107 2432 1266 2483 nadeel
1291 2427 1526 2476 geschiedt
1551 2424 1631 2471 met
1656 2420 1839 2468 sulcken
1864 2409 2308 2464 onversichticheijt
2331 2403 2439 2454 ende
2464 2398 2674 2447 losheyjt
2697 2389 2935 2443 aengegaen

937 2545 1137 2606 hebben,
1165 2542 1249 2589 dat
1275 2538 1360 2586 een
1386 2533 1527 2582 onser
1554 2530 1777 2578 soldaten
1804 2526 2000 2575 slaende
2028 2524 2084 2571 op
2111 2521 2195 2567 des
2222 2517 2417 2565 Vyandts
2444 2512 2640 2561 trommel
2668 2505 2919 2556 (daerdoor

940 2666 1054 2719 niet
1078 2657 1219 2709 beter
1245 2652 1411 2702 wisten
1439 2650 1522 2697 off
1549 2646 1632 2694 was
1659 2644 1936 2690 beereijgen
1963 2643 2101 2689 Volcq
2129 2641 2239 2688 haer
2266 2632 2543 2686 g'abuseert
2570 2629 2681 2676 ende
2707 2628 2766 2675 op

947 2779 1003 2830 't
1025 2771 1207 2822 geluijt
1230 2766 1334 2814 doen
1358 2761 1488 2810 comen
1511 2759 1667 2806 heeft,
1691 2757 1769 2803 als
1794 2751 1974 2801 wanneer
1997 2748 2101 2795 maer
2126 2746 2331 2792 weijnich
2355 2744 2434 2791 van
2457 2741 2536 2789 ons
2561 2740 2715 2786 Volcq,
2740 2739 2821 2787 en

948 2890 1001 2940 't
1023 2881 1270 2933 meerendeel
1293 2877 1392 2925 niet
1416 2874 1491 2922 bij
1515 2872 1589 2918 den
1613 2868 1785 2916 anderen
1809 2866 1908 2912 maer
1931 2859 2178 2910 verstroijt
2201 2851 2447 2903 bevindende
2471 2848 2619 2897 hebben
2643 2846 2717 2892 die
2741 2843 2816 2890 aen
2838 2839 2939 2887 alle

951 3000 1106 3052 kanten
1129 2992 1307 3044 beseten
1332 2989 1384 3036 op
1408 2987 1459 3033 't
1483 2985 1610 3031 lijff
1635 2978 1838 3029 gevallen
1862 2976 1914 3022 en
1937 2972 2065 3020 alsoo
2089 2968 2241 3016 eenige
2266 2966 2318 3013 om
2341 2964 2393 3010 't
2418 2962 2545 3009 leven
2570 2962 2799 3011 gebraght,

944 3124 1020 3175 als
1042 3117 1141 3167 oocq
1165 3110 1311 3161 doors'
1333 3102 1481 3154 stroij
1504 3091 1748 3146 huijsingen
1771 3089 1894 3135 veele
1917 3088 1991 3134 van
2014 3087 2063 3133 d'
2088 3085 2185 3132 onse
2208 3080 2428 3130 gequetst,
2451 3078 2525 3125 den
2548 3075 2695 3123 vijand
2719 3073 2823 3122 naer

950 3228 1114 3278 meerder
1137 3224 1255 3272 volcq
1277 3220 1349 3268 van
1371 3217 1419 3264 d'
1441 3214 1536 3261 onse
1559 3207 1771 3258 vernemen,
1794 3205 1935 3252 hebben
1958 3204 2029 3250 soo
2051 3203 2146 3249 hier
2168 3202 2216 3248 en
2239 3199 2357 3246 dacer
2380 3198 2451 3244 een
2474 3191 2686 3243 gevonden,
2707 3188 2756 3235 en
2778 3185 2945 3232 gelijck

949 3345 1001 3391 d'
1027 3334 1366 3390 andergedoodt,
1391 3330 1523 3378 sulcx
1547 3326 1653 3374 dese
1677 3320 1913 3369 neerlaegh
1939 3316 2044 3364 voor
2069 3314 2148 3361 een
2173 3306 2487 3359 merckelijcke
2511 3302 2696 3351 straffe
2721 3301 2775 3347 d'
2798 3297 2919 3348 onse

944 3458 1244 3515 toegevallen
1270 3455 1352 3502 Is,
1378 3447 1514 3499 synde
1541 3445 1596 3492 In
1621 3440 1758 3489 alles
1785 3439 1840 3485 25
1863 3434 2029 3484 dooden
2056 3431 2165 3479 ende
2192 3430 2246 3476 29
2273 3422 2518 3475 gequetste
2543 3416 2626 3466 soo
2651 3401 2979 3461 Nederlanders

948 3582 1028 3628 als
1052 3571 1294 3626 toepassen
1318 3560 1533 3616 geweest,
1559 3557 1667 3604 ende
1690 3550 1879 3600 buijten
1905 3543 2119 3594 twijffel
2143 3538 2225 3586 ter
2250 3533 2438 3583 plaetse
2464 3529 2571 3577 daer
2595 3524 2677 3573 den
2703 3512 2970 3568 luijtenant

948 3687 1123 3736 Jegens
1150 3683 1267 3731 haer
1294 3675 1469 3727 doende
1496 3670 1584 3719 was
1611 3664 1729 3713 niet
1756 3658 1930 3708 minder
1958 3655 2046 3703 van
2074 3648 2392 3699 haerluijden
2417 3641 2680 3693 gebleven,

723 3826 784 3878 Aj
804 3814 893 3866 d.o
916 3804 1167 3857 arriveert
1191 3800 1277 3849 een
1303 3795 1469 3844 engels
1494 3786 1772 3840 Vaertuijch
1797 3780 1992 3831 geladen
2019 3777 2102 3824 met
2128 3773 2240 3821 rijs
2265 3764 2514 3816 terechede
2540 3756 2745 3809 Comende

1031 3897 1130 3947 van
1162 3886 1489 3940 Bengaelen,
1520 3883 1586 3929 en
1619 3880 1815 3928 willen
1846 3877 1978 3925 naer
2009 3870 2371 3922 madrespatan

755 4085 821 4141 An
840 4073 879 4123 6
897 4059 964 4110 en
990 4056 1021 4102 7
1051 4054 1109 4101 d.
1134 4050 1168 4098 o
1195 4043 1314 4094 laet
1340 4037 1431 4086 ons
1457 4029 1869 4080 Wardapanelijck
1897 4026 2044 4073 weten
2072 4023 2161 4071 soo
2190 4021 2278 4067 wij
2305 4020 2394 4066 one
2423 4018 2599 4066 dooden
2628 4012 2863 4063 gliefden

941 4148 996 4197 te
1019 4140 1151 4191 laten
1175 4133 1359 4184 haelen,
1383 4131 1436 4177 d'
1461 4127 1592 4176 selve
1617 4124 1747 4171 laten
1772 4122 1928 4168 volgen
1952 4117 2110 4167 soude,
2134 4113 2343 4161 't'welcq
2368 4110 2447 4158 soo
2472 4105 2707 4154 geschiede

0 808 34 853 Cey

0 1421 137 1468 ders

170 1001 249 1047 sints

5 2298 224 2346 telijck

139 2398 245 2445 eur

179 2510 252 2557 en

115 2632 248 2678 elyck

107 2953 248 3001 inge
