<?xml version="1.0" encoding="UTF-8"?>
<PcGts xmlns="http://schema.primaresearch.org/PAGE/gts/pagecontent/2013-07-15">
  <Metadata externalRef="104d27ef-134c-4e76-bd5d-4c7d1a3d05f7">
    <Creator>Laypa</Creator>
    <Created>2023-09-08T02:20:52</Created>
    <LastChange>2023-09-08T03:38:14</LastChange>
    <Comment>license: CC0</Comment>
    <MetadataItem type="processingStep" name="layout-analysis" value="laypa">
      <Labels>
        <Label value="228a7d24385cff0e51687c00d0e65a2c2a9703d5" type="githash"/>
        <Label value="61334eb4-edff-4af5-b036-b5927f35bbcf" type="uuid"/>
        <Label value="https://hdl.handle.net/10622/VMSCBR" type="laypamodelremote"/>
      </Labels>
    </MetadataItem>
    <MetadataItem type="processingStep" name="region-analysis" value="laypa">
      <Labels>
        <Label value="0a3442b4-835c-44bc-9115-3fd08263a5dc" type="uuid"/>
        <Label value="https://hdl.handle.net/10622/DMAS2T" type="laypamodelremote"/>
      </Labels>
    </MetadataItem>
    <MetadataItem type="processingStep" name="htr" value="loghi-htr">
      <Labels>
        <Label value="9efb3e0ff4338dc6e07d110ac4d435f27f5b0e16&#10;" type="githash"/>
        <Label value="3a9bdaa3-493c-483e-bbb2-f51961b8e5a0" type="uuid"/>
        <Label value="64" type="batch_size"/>
        <Label value="https://hdl.handle.net/10622/X2JZYY" type="loghihtrmodelremote"/>
      </Labels>
    </MetadataItem>
    <MetadataItem type="processingStep" name="word-splitting" value="loghi-htr-tooling"/>
    <MetadataItem type="other" name="dataset" value="https://hdl.handle.net/10622/LVXSBW">
      <Labels>
        <Label value="VOC transcriptions v2 - GLOBALISE" type="name"/>
        <Label value="Dataset in pagexml and txt format, including data card." type="description"/>
        <Label value="https://globalise.huygens.knaw.nl/" type="creator"/>
        <Label value="https://hdl.handle.net/10622/LVXSBW" type="url"/>
      </Labels>
    </MetadataItem>
  </Metadata>
  <Page imageFilename="NL-HaNA_1.04.02_1161_0443.jpg" imageWidth="3614" imageHeight="4780">
    <ReadingOrder>
      <OrderedGroup id="orderedgroup_ffc181fc-66fd-45c6-8fa3-7d9dfb0a0840">
        <RegionRefIndexed index="0" regionRef="region_54d64a2a-cb42-431c-a224-21bf92957346_4"/>
        <RegionRefIndexed index="1" regionRef="region_d439f12a-cf6d-4335-a0a1-622d84b4564c_3"/>
        <RegionRefIndexed index="2" regionRef="region_1eab345b-e973-4b95-bece-6053663041ec_5"/>
        <RegionRefIndexed index="3" regionRef="region_214c9812-d5be-44ce-820f-20f9ac875dda_1"/>
        <RegionRefIndexed index="4" regionRef="region_66419017-1639-4edf-a935-2c3b1576dd36_2"/>
        <RegionRefIndexed index="5" regionRef="region_596f8fa8-411a-42a9-b535-7f97881c7ac7"/>
        <RegionRefIndexed index="6" regionRef="region_72922545-daf0-44bd-8b53-86f2b06f230d"/>
        <RegionRefIndexed index="7" regionRef="region_7b38e377-ba99-42e2-851d-bba17ee99271"/>
        <RegionRefIndexed index="8" regionRef="region_6105045d-006a-4125-9625-4b32941345a3"/>
        <RegionRefIndexed index="9" regionRef="c1236c9c-0241-4a49-a584-eac1fabcfe66"/>
        <RegionRefIndexed index="10" regionRef="region_25f112ce-cdad-49da-aeb8-1a95b7ac2239"/>
        <RegionRefIndexed index="11" regionRef="c9238ecb-d89d-4a70-9909-769453da6ab4"/>
        <RegionRefIndexed index="12" regionRef="c65f0af6-cf2a-487b-88c2-193398545f33"/>
        <RegionRefIndexed index="13" regionRef="region_5c273567-54cf-47ad-9c63-5c03f7d6051c"/>
        <RegionRefIndexed index="14" regionRef="region_22b1f11a-5de1-4f38-a4e5-c6c0cb18586a"/>
        <RegionRefIndexed index="15" regionRef="c6f2cc96-be37-41a0-8fbe-3ce426880a9c"/>
        <RegionRefIndexed index="16" regionRef="region_2bd7f142-e5eb-4725-84e9-242318e7764f"/>
      </OrderedGroup>
    </ReadingOrder>
    <TextRegion id="region_54d64a2a-cb42-431c-a224-21bf92957346_4" custom="structure {type:page-number;}">
      <Coords points="2093,258 2093,265 2096,268 2096,275 2111,289 2118,289 2121,293 2125,293 2128,297 2132,297 2135,300 2149,300 2153,304 2167,304 2171,307 2181,307 2185,311 2202,311 2206,307 2227,307 2231,311 2287,311 2291,307 2312,307 2315,304 2329,304 2333,300 2336,300 2347,289 2347,275 2343,272 2343,268 2333,258 2329,258 2326,254 2322,254 2319,251 2312,251 2308,247 2298,247 2294,244 2287,244 2283,240 2273,240 2269,237 2248,237 2245,233 2209,233 2206,229 2199,229 2195,226 2174,226 2171,222 2132,222 2125,229 2111,229 2100,240 2100,244 2096,247 2096,254"/>
      <TextLine id="line_99bd72f5-0bab-4a77-a742-3e611d1ecf10">
        <Coords points="2026,208 2151,203 2167,219 2211,219 2219,227 2350,218 2382,247 2419,248 2419,320 2406,320 2374,344 2239,348 2187,360 2026,359"/>
        <Baseline points="2061,290 2111,287 2161,293 2211,294 2261,296 2311,298 2361,301 2385,303"/>
        <Word id="word_dce69f0c-6486-4c42-b5dc-f753dd5d5e10">
          <Coords points="2059,255 2109,252 2165,258 2212,259 2262,261 2312,263 2363,266 2388,268 2384,313 2360,311 2311,308 2261,306 2211,304 2160,303 2112,297 2062,300"/>
          <TextEquiv>
            <Unicode>April</Unicode>
          </TextEquiv>
        </Word>
        <TextEquiv conf="0.6991763868020205">
          <Unicode>April</Unicode>
        </TextEquiv>
        <TextStyle xHeight="51"/>
      </TextLine>
    </TextRegion>
    <TextRegion id="region_d439f12a-cf6d-4335-a0a1-622d84b4564c_3" custom="structure {type:page-number;}">
      <Coords points="2749,597 2749,607 2753,611 2753,614 2760,621 2760,625 2767,632 2770,632 2778,639 2781,639 2785,643 2792,643 2795,646 2809,646 2813,650 2823,650 2827,646 2830,646 2834,650 2852,650 2855,646 2883,646 2887,643 2894,643 2908,628 2908,618 2912,614 2912,611 2908,607 2908,597 2905,593 2905,590 2887,572 2883,572 2880,568 2869,568 2866,565 2823,565 2820,561 2802,561 2799,565 2781,565 2778,568 2770,568 2756,582 2756,586 2753,590 2753,593"/>
      <TextLine id="line_4afa26dd-c114-4fe7-8ea2-d37525893f6e">
        <Coords points="2720,573 2856,568 2864,576 2968,575 2968,647 2720,645"/>
        <Baseline points="2755,625 2805,629 2855,632 2905,632 2934,630"/>
        <Word id="word_c32b4bc4-a054-485c-a4e0-7815a3eec856">
          <Coords points="2758,590 2808,594 2857,597 2905,597 2932,595 2935,640 2905,642 2854,642 2804,639 2754,635"/>
          <TextEquiv>
            <Unicode>812</Unicode>
          </TextEquiv>
        </Word>
        <TextEquiv conf="0.9008740767602">
          <Unicode>812</Unicode>
        </TextEquiv>
        <TextStyle xHeight="41"/>
      </TextLine>
    </TextRegion>
    <TextRegion id="region_1eab345b-e973-4b95-bece-6053663041ec_5" custom="structure {type:header;}">
      <Coords points="734,494 734,501 741,508 741,512 745,515 748,515 759,526 762,526 766,530 769,530 773,533 780,533 784,537 791,537 794,540 808,540 812,544 904,544 907,547 1129,547 1133,544 1200,544 1203,540 1239,540 1242,537 1281,537 1285,533 1309,533 1313,530 1369,530 1373,526 1376,530 1412,530 1415,533 1461,533 1465,530 1479,530 1482,526 1500,526 1511,515 1507,512 1503,512 1500,508 1489,508 1486,505 1482,505 1479,501 1475,501 1472,498 1468,498 1461,491 1436,491 1433,494 1398,494 1394,491 1380,491 1376,494 1373,491 1366,491 1362,487 1355,487 1352,484 1341,484 1338,480 1327,480 1323,477 1316,477 1313,473 1299,473 1295,470 1281,470 1278,466 1267,466 1263,462 1253,462 1249,459 1239,459 1235,455 1228,455 1225,452 1214,452 1211,448 1203,448 1200,445 1189,445 1186,441 1143,441 1140,438 1023,438 1020,441 988,441 985,445 953,445 949,448 907,448 904,452 801,452 798,455 787,455 784,459 776,459 773,462 769,462 766,466 762,466 755,473 752,473 738,487 738,491"/>
      <TextLine id="line_3c7936d7-8430-4fab-a058-d6f5795e17bb">
        <Coords points="559,344 585,352 625,380 669,380 725,408 773,452 809,452 853,417 1217,412 1837,420 1881,463 1926,464 1926,537 1608,537 1601,544 1537,545 1410,536 1321,541 1313,549 1193,553 559,557"/>
        <Baseline points="594,525 644,522 694,522 744,524 794,526 844,526 894,526 944,526 994,525 1044,525 1094,523 1144,523 1194,522 1244,522 1294,522 1344,525 1394,526 1444,527 1494,528 1544,528 1594,528 1644,528 1694,526 1744,526 1794,524 1844,522 1892,519"/>
        <Word id="word_bca0a7d6-2d2e-46ef-b69e-4c2d57b114bb">
          <Coords points="592,490 642,487 694,487 717,488 715,533 694,532 645,532 595,535"/>
          <TextEquiv>
            <Unicode>Aen</Unicode>
          </TextEquiv>
        </Word>
        <Word id="word_2b10fb51-5a9b-44b7-ba0a-135760d55aaf">
          <Coords points="758,490 795,491 837,491 837,536 794,536 756,534"/>
          <TextEquiv>
            <Unicode>d'</Unicode>
          </TextEquiv>
        </Word>
        <Word id="word_896e3e2f-5433-4cf2-93c0-03c4f58a668a">
          <Coords points="878,491 894,491 944,491 993,490 1044,490 1079,489 1081,534 1044,535 994,535 944,536 894,536 878,536"/>
          <TextEquiv>
            <Unicode>Ed=le</Unicode>
          </TextEquiv>
        </Word>
        <Word id="word_6d3d129b-4c72-4045-ad8c-3607c27cbc30">
          <Coords points="1123,487 1146,488 1193,487 1244,487 1284,487 1284,532 1244,532 1194,532 1144,533 1121,532"/>
          <TextEquiv>
            <Unicode>h=rn</Unicode>
          </TextEquiv>
        </Word>
        <Word id="word_66a93db2-e11a-46b8-be15-de88d9a1349a">
          <Coords points="1329,487 1349,490 1395,491 1445,492 1495,493 1527,493 1527,538 1494,538 1444,537 1394,536 1343,535 1323,532"/>
          <TextEquiv>
            <Unicode>Raden</Unicode>
          </TextEquiv>
        </Word>
        <Word id="word_8a4a1cf2-db90-402a-8f71-72327f087299">
          <Coords points="1567,493 1594,493 1644,493 1647,493 1649,538 1644,538 1594,538 1567,538"/>
          <TextEquiv>
            <Unicode>en</Unicode>
          </TextEquiv>
        </Word>
        <Word id="word_bfb47d99-ea67-48a2-8fc1-573a9a50cf8f">
          <Coords points="1688,491 1693,491 1744,491 1793,489 1843,487 1890,484 1892,529 1844,532 1794,534 1744,536 1694,536 1689,536"/>
          <TextEquiv>
            <Unicode>direc</Unicode>
          </TextEquiv>
        </Word>
        <TextEquiv conf="0.8578467139219883">
          <Unicode>Aen d' Ed=le h=rn Raden en direc</Unicode>
        </TextEquiv>
        <TextStyle xHeight="45"/>
      </TextLine>
    </TextRegion>
    <TextRegion id="region_214c9812-d5be-44ce-820f-20f9ac875dda_1" custom="structure {type:paragraph;}">
      <Coords points="2919,808 2852,801 2689,815 2538,794 2400,794 2199,812 1952,808 1627,830 1271,823 978,844 932,854 889,883 868,974 879,1038 865,1105 865,1169 886,1218 889,1564 904,1744 896,2012 904,2199 882,2351 882,2605 900,2757 896,2814 907,2867 900,2941 911,2980 921,3198 914,3527 925,3876 942,3904 1009,3929 1278,3936 1405,3922 2086,3926 2615,3897 2912,3901 2943,3890 2958,3873 2968,3837 2965,3474 2975,3153 2965,3043 2968,2210 2958,2136 2954,1765 2936,1642 2954,1373 2936,1207 2898,1066 2873,1045 2834,1038 2742,1066 2594,1087 2435,1077 1786,1091 1623,1077 1518,1056 1479,1038 1751,1003 2531,996 2672,1003 2739,978 2735,907 2746,900 2873,904 2898,893 2922,854"/>
      <TextLine id="line_86b1c946-8547-4f0e-9293-72f0e9c0ea16">
        <Coords points="854,719 1448,723 1811,711 2199,726 2650,726 2690,759 2814,758 2890,766 2930,798 2971,815 2971,887 2654,883 2630,900 2604,880 2522,884 2514,892 2435,888 2420,880 2203,884 2176,895 2043,892 2019,915 1996,922 1965,896 1955,904 1835,899 1827,907 1795,907 1767,934 1713,892 1659,892 1628,919 1607,902 1587,903 1556,934 1547,927 1523,934 1490,911 1443,951 1415,950 1395,930 1288,930 1277,919 1252,931 1152,926 1136,910 980,911 904,982 876,994 854,994"/>
        <Baseline points="889,898 939,902 989,900 1039,898 1089,896 1139,893 1189,890 1239,888 1289,885 1339,884 1389,883 1439,881 1489,880 1539,880 1589,880 1639,877 1689,877 1739,875 1789,873 1839,872 1889,870 1939,869 1989,868 2039,868 2089,869 2139,870 2189,869 2239,869 2289,868 2339,868 2389,867 2439,867 2489,868 2539,869 2589,866 2639,869 2689,870 2739,870 2789,871 2839,874 2889,874 2937,870"/>
        <Word id="word_ea2dd000-4b12-40d6-8e6c-387a3814bfb5">
          <Coords points="892,863 942,867 988,865 1038,863 1088,861 1137,858 1143,858 1145,903 1140,903 1089,906 1039,908 989,910 938,912 888,908"/>
          <TextEquiv>
            <Unicode>gelieven</Unicode>
          </TextEquiv>
        </Word>
        <Word id="word_a49feaf2-eba1-4018-8754-4a0cad82147e">
          <Coords points="1175,856 1187,855 1238,853 1287,850 1336,849 1337,894 1290,895 1239,898 1190,900 1177,901"/>
          <TextEquiv>
            <Unicode>VEEd:</Unicode>
          </TextEquiv>
        </Word>
        <Word id="word_6dae2fd8-a49a-4df0-ac0f-f6ae3da5dac2">
          <Coords points="1368,848 1388,848 1438,846 1464,845 1465,890 1439,891 1389,893 1369,893"/>
          <TextEquiv>
            <Unicode>bij</Unicode>
          </TextEquiv>
        </Word>
        <Word id="word_99df4216-0957-40fb-b2d9-22ecd1ec5e23">
          <Coords points="1497,845 1539,845 1589,845 1637,842 1689,842 1738,840 1788,838 1838,837 1888,835 1938,834 1988,833 2039,833 2042,833 2041,878 2039,878 1989,878 1939,879 1889,880 1839,882 1789,883 1739,885 1689,887 1640,887 1589,890 1539,890 1497,890"/>
          <TextEquiv>
            <Unicode>d'nevensgevoughde</Unicode>
          </TextEquiv>
        </Word>
        <Word id="word_ed01c483-da1e-409e-89d7-139e9fc31548">
          <Coords points="2074,834 2090,834 2140,835 2188,834 2233,834 2233,879 2189,879 2139,880 2089,879 2073,879"/>
          <TextEquiv>
            <Unicode>Copie</Unicode>
          </TextEquiv>
        </Word>
        <Word id="word_469ab84f-b79d-4481-99a7-293a41980548">
          <Coords points="2264,834 2288,833 2329,833 2329,878 2289,878 2265,879"/>
          <TextEquiv>
            <Unicode>te</Unicode>
          </TextEquiv>
        </Word>
        <Word id="word_dfea643f-be47-4f45-939f-daa487655444">
          <Coords points="2360,833 2388,832 2439,832 2490,833 2540,834 2587,831 2641,834 2650,834 2649,879 2638,879 2590,876 2539,879 2489,878 2439,877 2389,877 2361,878"/>
          <TextEquiv>
            <Unicode>beooghen,</Unicode>
          </TextEquiv>
        </Word>
        <Word id="word_db87e1a3-a2e6-49d4-b363-8c2b3fe54136">
          <Coords points="2682,835 2690,835 2739,835 2790,836 2811,837 2809,882 2789,881 2739,880 2689,880 2681,880"/>
          <TextEquiv>
            <Unicode>daer</Unicode>
          </TextEquiv>
        </Word>
        <Word id="word_5361e5a7-766d-4baa-963c-bb8d435110da">
          <Coords points="2841,839 2889,839 2934,835 2938,880 2889,884 2841,884"/>
          <TextEquiv>
            <Unicode>toe</Unicode>
          </TextEquiv>
        </Word>
        <TextEquiv conf="0.9089546886879826">
          <Unicode>gelieven VEEd: bij d'nevensgevoughde Copie te beooghen, daer toe</Unicode>
        </TextEquiv>
        <TextStyle xHeight="53"/>
      </TextLine>
      <TextLine id="line_9098ee63-b977-4499-a916-9afeb3f2b797">
        <Coords points="858,992 908,980 984,909 1132,908 1152,925 1258,925 1273,917 1284,928 1396,928 1420,951 1443,952 1472,928 1496,930 1503,924 1538,933 1576,900 1611,900 1630,917 1664,886 1764,888 1777,882 1788,892 1831,892 1859,904 1955,904 1967,897 1992,920 2019,893 2263,881 2423,881 2431,888 2511,893 2523,882 2583,882 2591,874 2607,874 2635,888 2759,895 2792,922 2792,994 2503,994 2455,1026 2395,1026 2355,997 2315,997 2304,989 2262,1022 2167,1026 2047,1025 2035,1013 1919,1026 1268,1022 1248,1013 1088,1013 1032,1014 1016,1030 858,1030"/>
        <Baseline points="893,996 943,998 993,995 1043,994 1093,996 1143,993 1193,990 1243,988 1293,987 1343,985 1393,984 1443,984 1493,983 1543,983 1593,983 1643,984 1693,982 1743,981 1793,980 1843,980 1893,979 1943,978 1993,978 2043,977 2093,976 2143,975 2193,975 2243,974 2293,973 2343,972 2393,968 2443,969 2493,970 2543,971 2593,970 2643,970 2693,972 2743,974 2758,977"/>
        <Word id="word_cdef74d9-aed5-4c61-b909-88cb9cff5a77">
          <Coords points="894,961 944,963 991,960 1019,959 1020,1004 994,1005 943,1008 893,1006"/>
          <TextEquiv>
            <Unicode>mij,</Unicode>
          </TextEquiv>
        </Word>
        <Word id="word_508ea9d5-6ab8-4448-8d14-c00fb1354d20">
          <Coords points="1053,959 1095,961 1141,958 1175,956 1178,1001 1144,1003 1092,1006 1050,1004"/>
          <TextEquiv>
            <Unicode>omme</Unicode>
          </TextEquiv>
        </Word>
        <Word id="word_cc4c236c-b14c-4065-9f09-d2a117310eee">
          <Coords points="1208,954 1242,953 1271,952 1272,997 1243,998 1209,999"/>
          <TextEquiv>
            <Unicode>in</Unicode>
          </TextEquiv>
        </Word>
        <Word id="word_1b66a2e0-b477-44d3-a393-5dda28bd7ee9">
          <Coords points="1302,952 1341,950 1392,949 1443,949 1461,949 1462,994 1443,994 1393,994 1343,995 1304,997"/>
          <TextEquiv>
            <Unicode>desen</Unicode>
          </TextEquiv>
        </Word>
        <Word id="word_fdccfea3-2253-4106-9f82-67ae04bec845">
          <Coords points="1493,948 1543,948 1593,948 1644,949 1692,947 1742,946 1746,946 1747,991 1743,991 1693,992 1643,994 1593,993 1543,993 1493,993"/>
          <TextEquiv>
            <Unicode>redijten</Unicode>
          </TextEquiv>
        </Word>
        <Word id="word_9011bf28-5011-41df-9956-1230c1465714">
          <Coords points="1777,945 1792,945 1841,945 1841,990 1793,990 1778,990"/>
          <TextEquiv>
            <Unicode>te</Unicode>
          </TextEquiv>
        </Word>
        <Word id="word_7e65ef1b-10ff-45fa-96ee-a1d96ad0cd47">
          <Coords points="1871,945 1891,944 1942,943 1993,943 2042,942 2092,941 2142,940 2158,940 2158,985 2143,985 2093,986 2043,987 1993,988 1943,988 1893,989 1873,990"/>
          <TextEquiv>
            <Unicode>vermijden</Unicode>
          </TextEquiv>
        </Word>
        <Word id="word_3f806c21-1794-4422-b03a-b83e2d8a11e8">
          <Coords points="2189,940 2193,940 2242,939 2292,938 2342,937 2376,934 2380,979 2343,982 2293,983 2243,984 2193,985 2189,985"/>
          <TextEquiv>
            <Unicode>voorts</Unicode>
          </TextEquiv>
        </Word>
        <Word id="word_7d815d5e-9337-46ce-8606-5ebbd7aa36b2">
          <Coords points="2413,932 2446,934 2494,935 2544,936 2592,935 2643,935 2665,936 2663,981 2643,980 2593,980 2543,981 2493,980 2442,979 2410,977"/>
          <TextEquiv>
            <Unicode>Referere</Unicode>
          </TextEquiv>
        </Word>
        <Word id="word_edc30c67-7fbb-4c9a-9a90-cdc43192e5c1">
          <Coords points="2696,937 2744,939 2765,943 2756,987 2743,984 2695,982"/>
          <TextEquiv>
            <Unicode>/.</Unicode>
          </TextEquiv>
        </Word>
        <TextEquiv conf="0.8412743387981849">
          <Unicode>mij, omme in desen redijten te vermijden voorts Referere /.</Unicode>
        </TextEquiv>
        <TextStyle xHeight="41"/>
      </TextLine>
      <TextLine id="line_0c049de1-e4d1-49c1-b9b4-00fde71dc463">
        <Coords points="778,1071 816,1035 1005,1035 1032,1015 1256,1015 1292,1043 1544,1038 1572,1050 1883,1051 1935,1046 1947,1034 2032,1039 2047,1024 2239,1019 2247,1027 2263,1027 2295,999 2359,999 2431,1062 2455,1062 2487,1078 2925,1078 2940,1084 2940,1155 2879,1155 2855,1175 2781,1176 2771,1168 2731,1168 2680,1219 2670,1211 2664,1217 2639,1215 2603,1183 2551,1183 2531,1163 2507,1163 2489,1172 2476,1159 2371,1156 2347,1180 2231,1179 2208,1156 2139,1156 2063,1160 2027,1188 1991,1192 1971,1191 1951,1171 1600,1168 1584,1184 1436,1184 1391,1224 1384,1217 1204,1217 1172,1238 1128,1207 860,1203 821,1239 808,1229 778,1229"/>
        <Baseline points="813,1180 863,1174 913,1170 963,1169 1013,1170 1063,1168 1113,1165 1163,1166 1213,1166 1263,1165 1313,1164 1363,1163 1413,1164 1463,1164 1513,1163 1563,1161 1613,1160 1663,1160 1713,1158 1763,1157 1813,1156 1863,1155 1913,1153 1963,1152 2013,1151 2063,1149 2113,1149 2163,1147 2213,1147 2263,1146 2313,1147 2363,1147 2413,1147 2463,1147 2513,1149 2563,1150 2613,1150 2663,1151 2713,1151 2763,1150 2813,1148 2863,1145 2906,1138"/>
        <Word id="word_fbd39cc6-e05f-4f06-8894-96e7c312e556">
          <Coords points="809,1145 859,1139 872,1138 876,1183 864,1184 814,1190"/>
          <TextEquiv>
            <Unicode>tt</Unicode>
          </TextEquiv>
        </Word>
        <Word id="word_79a15ca7-f2c5-4714-8da6-e7e406851fe8">
          <Coords points="904,1136 910,1135 962,1134 1001,1135 1000,1180 963,1179 914,1180 907,1181"/>
          <TextEquiv>
            <Unicode>wat</Unicode>
          </TextEquiv>
        </Word>
        <Word id="word_5a01866b-65f7-4902-8ea3-23620be029f4">
          <Coords points="1029,1135 1060,1133 1111,1130 1164,1131 1213,1131 1262,1130 1312,1129 1362,1128 1414,1129 1438,1129 1438,1174 1413,1174 1363,1173 1313,1174 1263,1175 1213,1176 1163,1176 1114,1175 1064,1178 1032,1180"/>
          <TextEquiv>
            <Unicode>Consideratie,</Unicode>
          </TextEquiv>
        </Word>
        <Word id="word_10aec83f-bc5f-4340-be7e-9de16b2ed41a">
          <Coords points="1468,1129 1512,1128 1562,1126 1593,1125 1594,1170 1563,1171 1513,1173 1469,1174"/>
          <TextEquiv>
            <Unicode>ende</Unicode>
          </TextEquiv>
        </Word>
        <Word id="word_7ceae0dd-f695-4f25-bda6-a399e8c2332f">
          <Coords points="1625,1125 1663,1125 1712,1123 1718,1123 1719,1168 1713,1168 1663,1170 1625,1170"/>
          <TextEquiv>
            <Unicode>tot</Unicode>
          </TextEquiv>
        </Word>
        <Word id="word_3b36f918-6b8d-4a3a-af07-dcf4737b5258">
          <Coords points="1749,1122 1762,1122 1812,1121 1862,1120 1912,1118 1962,1117 1968,1117 1969,1162 1963,1162 1913,1163 1863,1165 1813,1166 1763,1167 1750,1167"/>
          <TextEquiv>
            <Unicode>welcken</Unicode>
          </TextEquiv>
        </Word>
        <Word id="word_cb8d8a75-6f50-42d6-84bf-637d2bc6b6fc">
          <Coords points="1999,1116 2012,1116 2062,1114 2113,1114 2162,1112 2188,1112 2188,1157 2163,1157 2113,1159 2063,1159 2013,1161 2000,1161"/>
          <TextEquiv>
            <Unicode>eijnde</Unicode>
          </TextEquiv>
        </Word>
        <Word id="word_0e5c41d3-178d-4b8d-b529-3a550e326402">
          <Coords points="2218,1112 2262,1111 2314,1112 2363,1112 2413,1112 2438,1112 2438,1157 2413,1157 2363,1157 2313,1157 2263,1156 2219,1157"/>
          <TextEquiv>
            <Unicode>stluijt</Unicode>
          </TextEquiv>
        </Word>
        <Word id="word_6f50cdc0-8f50-4d38-bc04-dd64306558d1">
          <Coords points="2471,1112 2515,1114 2564,1115 2613,1115 2626,1115 2625,1160 2613,1160 2563,1160 2513,1159 2469,1157"/>
          <TextEquiv>
            <Unicode>Schip</Unicode>
          </TextEquiv>
        </Word>
        <Word id="word_7a7c2381-c411-47df-95c6-b7c3e6b42ff4">
          <Coords points="2657,1116 2664,1116 2713,1116 2718,1116 2719,1161 2713,1161 2663,1161 2656,1161"/>
          <TextEquiv>
            <Unicode>d'</Unicode>
          </TextEquiv>
        </Word>
        <Word id="word_533766e3-360d-4b19-818d-c07538611d50">
          <Coords points="2750,1115 2762,1115 2812,1113 2861,1110 2900,1103 2908,1148 2864,1155 2813,1158 2763,1160 2751,1160"/>
          <TextEquiv>
            <Unicode>Wolff</Unicode>
          </TextEquiv>
        </Word>
        <TextEquiv conf="0.8494477468640478">
          <Unicode>tt wat Consideratie, ende tot welcken eijnde stluijt Schip d' Wolff</Unicode>
        </TextEquiv>
        <TextStyle xHeight="52"/>
      </TextLine>
      <TextLine id="line_9e4df81b-fd2d-4fb0-9187-50b949d22eed">
        <Coords points="843,1204 1129,1208 1161,1236 1173,1238 1183,1228 1190,1232 1217,1205 1388,1205 1400,1213 1432,1184 1568,1185 1588,1181 1600,1169 1952,1172 1972,1192 1992,1193 2028,1189 2060,1161 2209,1157 2236,1181 2344,1181 2372,1157 2475,1157 2490,1172 2531,1164 2555,1184 2603,1184 2639,1215 2668,1221 2680,1220 2731,1169 2771,1168 2849,1244 2860,1244 2912,1196 2912,1268 2072,1269 1987,1273 1948,1305 1876,1304 1860,1288 1768,1288 1760,1280 1444,1285 1424,1305 1169,1305 1042,1297 843,1301"/>
        <Baseline points="878,1291 928,1292 978,1290 1028,1288 1078,1288 1128,1285 1178,1283 1228,1283 1278,1282 1328,1279 1378,1277 1428,1275 1478,1274 1528,1272 1578,1271 1628,1270 1678,1269 1728,1268 1778,1268 1828,1268 1878,1267 1928,1265 1978,1263 2028,1263 2078,1262 2128,1261 2178,1260 2228,1259 2278,1258 2328,1257 2378,1255 2428,1257 2478,1255 2528,1253 2578,1254 2628,1253 2678,1253 2728,1255 2778,1255 2828,1254 2878,1251"/>
        <Word id="word_d9fbe1ee-9a74-433d-a8a5-7428470a0fea">
          <Coords points="879,1256 929,1257 977,1255 978,1300 928,1302 878,1301"/>
          <TextEquiv>
            <Unicode>van</Unicode>
          </TextEquiv>
        </Word>
        <Word id="word_9f381d14-bb2b-4853-8395-d69a24908d47">
          <Coords points="1010,1254 1027,1253 1078,1253 1126,1250 1177,1248 1228,1248 1244,1248 1245,1293 1228,1293 1178,1293 1129,1295 1078,1298 1028,1298 1012,1299"/>
          <TextEquiv>
            <Unicode>Malacca</Unicode>
          </TextEquiv>
        </Word>
        <Word id="word_72d4c339-e7e3-47f6-801c-a41a511e4312">
          <Coords points="1277,1247 1277,1247 1326,1244 1377,1242 1427,1240 1477,1239 1527,1237 1577,1236 1578,1281 1528,1282 1478,1284 1428,1285 1378,1287 1329,1289 1278,1292 1278,1292"/>
          <TextEquiv>
            <Unicode>herwaerts</Unicode>
          </TextEquiv>
        </Word>
        <Word id="word_dd67383a-1b08-4106-a650-6acf8669a0df">
          <Coords points="1611,1235 1627,1235 1677,1234 1727,1233 1745,1233 1745,1278 1728,1278 1678,1279 1628,1280 1611,1280"/>
          <TextEquiv>
            <Unicode>ende</Unicode>
          </TextEquiv>
        </Word>
        <Word id="word_57e2ade5-e4b0-48d2-b7dd-784cd54678f0">
          <Coords points="1778,1233 1778,1233 1828,1233 1877,1232 1927,1230 1977,1228 1978,1273 1928,1275 1878,1277 1828,1278 1778,1278 1778,1278"/>
          <TextEquiv>
            <Unicode>voorts</Unicode>
          </TextEquiv>
        </Word>
        <Word id="word_98f7fc75-8224-48b5-b2e1-f96240a951bf">
          <Coords points="2014,1227 2031,1228 2077,1227 2127,1226 2144,1226 2145,1271 2128,1271 2078,1272 2027,1273 2010,1272"/>
          <TextEquiv>
            <Unicode>naer</Unicode>
          </TextEquiv>
        </Word>
        <Word id="word_f9f1f07b-705e-4c3c-9a63-b0dcbbfd717d">
          <Coords points="2177,1225 2177,1225 2227,1224 2244,1224 2245,1269 2228,1269 2178,1270 2178,1270"/>
          <TextEquiv>
            <Unicode>d'</Unicode>
          </TextEquiv>
        </Word>
        <Word id="word_fd229c73-3abd-4952-803e-a39764ed335b">
          <Coords points="2277,1223 2277,1223 2327,1222 2377,1220 2429,1222 2443,1221 2445,1266 2428,1267 2378,1265 2328,1267 2278,1268 2278,1268"/>
          <TextEquiv>
            <Unicode>Custe</Unicode>
          </TextEquiv>
        </Word>
        <Word id="word_c21b8372-fc26-4582-9e9c-9f130b0f32b4">
          <Coords points="2477,1220 2477,1220 2527,1218 2579,1219 2578,1264 2528,1263 2478,1265 2478,1265"/>
          <TextEquiv>
            <Unicode>van</Unicode>
          </TextEquiv>
        </Word>
        <Word id="word_2778b040-9594-4575-9a93-873754da8ebf">
          <Coords points="2608,1220 2625,1218 2678,1218 2729,1220 2778,1220 2778,1265 2728,1265 2678,1263 2629,1263 2612,1265"/>
          <TextEquiv>
            <Unicode>India</Unicode>
          </TextEquiv>
        </Word>
        <Word id="word_a62b9d70-07db-4cc1-bb28-913640f63919">
          <Coords points="2809,1220 2826,1219 2876,1216 2878,1261 2829,1264 2812,1265"/>
          <TextEquiv>
            <Unicode>te</Unicode>
          </TextEquiv>
        </Word>
        <TextEquiv conf="0.9091617798175802">
          <Unicode>van Malacca herwaerts ende voorts naer d' Custe van India te</Unicode>
        </TextEquiv>
        <TextStyle xHeight="39"/>
      </TextLine>
      <TextLine id="line_9697514f-d861-4f17-91f7-a5cb99e97f56">
        <Coords points="860,1301 1425,1305 1445,1285 1761,1280 1769,1288 1861,1288 1877,1304 1949,1305 1987,1273 2363,1268 2516,1272 2556,1296 2644,1300 2656,1312 2692,1319 2861,1319 2861,1391 2249,1385 2237,1397 2217,1401 2161,1401 2141,1388 2113,1412 1861,1412 1837,1396 1613,1393 1593,1412 1393,1412 1381,1424 1178,1419 1143,1451 1113,1423 1086,1415 1065,1432 1038,1436 998,1475 978,1483 950,1467 886,1407 860,1401"/>
        <Baseline points="895,1397 945,1399 995,1398 1045,1396 1095,1393 1145,1392 1195,1390 1245,1390 1295,1388 1345,1385 1395,1384 1445,1383 1495,1381 1545,1380 1595,1380 1645,1378 1695,1378 1745,1378 1795,1377 1845,1376 1895,1374 1945,1374 1995,1374 2045,1374 2095,1373 2145,1372 2195,1372 2245,1373 2295,1372 2345,1372 2395,1372 2445,1371 2495,1369 2545,1368 2595,1368 2645,1367 2695,1367 2745,1369 2795,1372 2827,1374"/>
        <Word id="word_de7e2389-1f83-43b4-81e4-a0104191ca2e">
          <Coords points="896,1362 946,1364 994,1363 1044,1361 1093,1358 1144,1357 1194,1355 1232,1355 1232,1400 1195,1400 1145,1402 1096,1403 1045,1406 995,1408 945,1409 895,1407"/>
          <TextEquiv>
            <Unicode>verseijlen,</Unicode>
          </TextEquiv>
        </Word>
        <Word id="word_4a02a4d0-0ac4-4105-ba60-0d9aa17cbc57">
          <Coords points="1261,1355 1293,1353 1343,1350 1394,1349 1444,1348 1494,1346 1544,1345 1595,1345 1644,1343 1662,1343 1662,1388 1645,1388 1595,1390 1545,1390 1495,1391 1445,1393 1395,1394 1346,1395 1296,1398 1264,1400"/>
          <TextEquiv>
            <Unicode>geprojecteert</Unicode>
          </TextEquiv>
        </Word>
        <Word id="word_aa461790-278b-4f32-b753-f186842cd9b5">
          <Coords points="1692,1343 1695,1343 1745,1343 1784,1342 1784,1387 1745,1388 1695,1388 1692,1388"/>
          <TextEquiv>
            <Unicode>is,</Unicode>
          </TextEquiv>
        </Word>
        <Word id="word_4db052b5-40d7-4234-8a8a-77f027fe9723">
          <Coords points="1814,1342 1844,1341 1894,1339 1945,1339 1995,1339 2045,1339 2090,1338 2091,1383 2045,1384 1995,1384 1945,1384 1895,1384 1845,1386 1815,1387"/>
          <TextEquiv>
            <Unicode>vertrouwe</Unicode>
          </TextEquiv>
        </Word>
        <Word id="word_811b7ff7-1bce-4cf8-9824-3a73ea32376f">
          <Coords points="2121,1337 2144,1337 2195,1337 2245,1338 2244,1383 2195,1382 2145,1382 2122,1382"/>
          <TextEquiv>
            <Unicode>uEd:</Unicode>
          </TextEquiv>
        </Word>
        <Word id="word_974ea023-dd11-4a37-950b-ee05a24b8b99">
          <Coords points="2272,1339 2292,1337 2345,1337 2395,1337 2397,1337 2398,1382 2395,1382 2345,1382 2296,1382 2276,1384"/>
          <TextEquiv>
            <Unicode>door</Unicode>
          </TextEquiv>
        </Word>
        <Word id="word_dd0e22bc-9949-4c81-8afa-b3e42ae43ad1">
          <Coords points="2428,1336 2444,1336 2494,1334 2520,1334 2521,1378 2495,1379 2445,1381 2429,1381"/>
          <TextEquiv>
            <Unicode>den</Unicode>
          </TextEquiv>
        </Word>
        <Word id="word_9cc561f9-a43b-4f79-858a-800b4bd341e0">
          <Coords points="2551,1333 2595,1333 2644,1332 2695,1332 2746,1334 2797,1337 2829,1339 2826,1384 2794,1382 2745,1379 2695,1377 2645,1377 2595,1378 2551,1378"/>
          <TextEquiv>
            <Unicode>President</Unicode>
          </TextEquiv>
        </Word>
        <TextEquiv conf="0.9323627986831805">
          <Unicode>verseijlen, geprojecteert is, vertrouwe uEd: door den President</Unicode>
        </TextEquiv>
        <TextStyle xHeight="42"/>
      </TextLine>
      <TextLine id="line_61b40070-eddf-4e31-bfaf-e1ed0b2210eb">
        <Coords points="839,1400 881,1403 977,1483 997,1475 1037,1436 1064,1432 1085,1415 1108,1419 1142,1451 1177,1419 1381,1424 1393,1412 1593,1412 1613,1393 1837,1396 1861,1412 2116,1411 2144,1419 2164,1400 2236,1397 2252,1384 2500,1384 2548,1423 2660,1419 2672,1428 2728,1428 2764,1415 2876,1415 2896,1434 2961,1434 2961,1506 2544,1501 2533,1512 2472,1512 2452,1500 2340,1497 2298,1513 2100,1501 2072,1509 2060,1521 1972,1525 1932,1549 1914,1536 1765,1536 1745,1516 1566,1529 1552,1516 1473,1516 1465,1508 1333,1509 1325,1517 1293,1512 839,1521"/>
        <Baseline points="874,1508 924,1513 974,1512 1024,1512 1074,1509 1124,1507 1174,1506 1224,1503 1274,1502 1324,1500 1374,1498 1424,1495 1474,1493 1524,1491 1574,1492 1624,1491 1674,1492 1724,1491 1774,1491 1824,1491 1874,1489 1924,1489 1974,1488 2024,1484 2074,1483 2124,1482 2174,1481 2224,1479 2274,1479 2324,1479 2374,1479 2424,1480 2474,1481 2524,1480 2574,1481 2624,1481 2674,1481 2724,1482 2774,1481 2824,1482 2874,1484 2924,1488 2927,1489"/>
        <Word id="word_fbb1103b-e77f-484f-b4ee-8687cbf06ba7">
          <Coords points="877,1473 927,1478 973,1477 1024,1477 1072,1474 1089,1473 1090,1518 1075,1519 1024,1522 974,1522 923,1523 873,1518"/>
          <TextEquiv>
            <Unicode>Arnold</Unicode>
          </TextEquiv>
        </Word>
        <Word id="word_04e286bf-d5c8-4373-b4e6-15034344f2ea">
          <Coords points="1125,1472 1173,1471 1196,1470 1199,1515 1174,1516 1126,1517"/>
          <TextEquiv>
            <Unicode>d'</Unicode>
          </TextEquiv>
        </Word>
        <Word id="word_66b21b74-9ae2-4d4b-94e1-421550c889d5">
          <Coords points="1234,1467 1274,1467 1323,1465 1373,1463 1422,1460 1473,1458 1521,1456 1522,1501 1474,1503 1425,1505 1374,1508 1324,1510 1274,1512 1234,1512"/>
          <TextEquiv>
            <Unicode>Vlamingh</Unicode>
          </TextEquiv>
        </Word>
        <Word id="word_85eb2f92-d653-4538-9835-97266d0c732f">
          <Coords points="1563,1455 1579,1457 1623,1456 1667,1457 1666,1502 1624,1501 1573,1502 1557,1500"/>
          <TextEquiv>
            <Unicode>van</Unicode>
          </TextEquiv>
        </Word>
        <Word id="word_fcfd713a-0123-4522-9e35-35321c9de73e">
          <Coords points="1700,1458 1722,1456 1774,1456 1824,1456 1873,1454 1924,1454 1973,1453 2021,1449 2061,1448 2062,1493 2025,1494 1974,1498 1924,1499 1874,1499 1824,1501 1774,1501 1725,1501 1703,1503"/>
          <TextEquiv>
            <Unicode>Oudtshoorn</Unicode>
          </TextEquiv>
        </Word>
        <Word id="word_95fceb27-8a5b-472a-8e05-7af0338fd6d7">
          <Coords points="2098,1448 2123,1447 2173,1446 2223,1444 2274,1444 2278,1444 2278,1489 2274,1489 2224,1489 2174,1491 2124,1492 2098,1493"/>
          <TextEquiv>
            <Unicode>lange</Unicode>
          </TextEquiv>
        </Word>
        <Word id="word_e350f42b-900b-411d-8bb7-a9b8d27a5a00">
          <Coords points="2314,1444 2324,1444 2374,1444 2425,1445 2459,1446 2458,1491 2424,1490 2374,1489 2324,1489 2314,1489"/>
          <TextEquiv>
            <Unicode>voor</Unicode>
          </TextEquiv>
        </Word>
        <Word id="word_28d0f413-bd86-44ee-803d-4070dea34190">
          <Coords points="2493,1446 2522,1445 2575,1446 2624,1446 2674,1446 2676,1446 2675,1491 2674,1491 2624,1491 2574,1491 2524,1490 2495,1491"/>
          <TextEquiv>
            <Unicode>desen</Unicode>
          </TextEquiv>
        </Word>
        <Word id="word_92116808-e9c4-4a8b-8ee3-3a0297481425">
          <Coords points="2712,1447 2725,1447 2773,1446 2825,1447 2875,1449 2927,1453 2938,1456 2924,1498 2923,1498 2874,1494 2824,1492 2774,1491 2724,1492 2711,1492"/>
          <TextEquiv>
            <Unicode>aenge¬</Unicode>
          </TextEquiv>
        </Word>
        <TextEquiv conf="0.9332960583109333">
          <Unicode>Arnold d' Vlamingh van Oudtshoorn lange voor desen aenge¬</Unicode>
        </TextEquiv>
        <TextStyle xHeight="40"/>
      </TextLine>
      <TextLine id="line_6cd2e261-c0d3-4b44-a553-f3ed25bcc866">
        <Coords points="866,1521 1292,1512 1324,1517 1332,1509 1464,1508 1476,1516 1553,1516 1573,1528 1744,1516 1776,1539 1907,1539 1923,1552 1975,1525 2059,1521 2087,1496 2199,1504 2219,1512 2299,1513 2343,1496 2423,1496 2459,1505 2527,1505 2535,1497 2859,1504 2879,1512 2915,1547 2952,1547 2952,1619 2843,1609 2760,1690 2735,1668 2599,1662 2547,1615 2524,1612 2299,1620 2291,1628 2259,1632 2235,1631 2219,1619 2171,1619 2159,1628 2043,1628 2035,1636 2015,1635 1999,1619 1963,1619 1931,1636 1272,1636 1232,1635 1220,1627 866,1632"/>
        <Baseline points="901,1622 951,1622 1001,1619 1051,1617 1101,1615 1151,1613 1201,1612 1251,1612 1301,1610 1351,1609 1401,1607 1451,1607 1501,1606 1551,1604 1601,1604 1651,1603 1701,1602 1751,1601 1801,1601 1851,1601 1901,1599 1951,1599 2001,1598 2051,1598 2101,1597 2151,1595 2201,1594 2251,1593 2301,1593 2351,1592 2401,1591 2451,1591 2501,1591 2551,1592 2601,1594 2651,1595 2701,1594 2751,1594 2801,1596 2851,1597 2901,1600 2918,1602"/>
        <Word id="word_ba572786-800e-4336-97eb-193393da444b">
          <Coords points="901,1587 951,1587 999,1584 1050,1582 1100,1580 1140,1578 1142,1623 1101,1625 1051,1627 1002,1629 951,1632 901,1632"/>
          <TextEquiv>
            <Unicode>cundicht</Unicode>
          </TextEquiv>
        </Word>
        <Word id="word_e34aef79-1421-4ab0-9e17-993bd4565d3d">
          <Coords points="1172,1577 1201,1577 1251,1577 1261,1577 1263,1622 1251,1622 1201,1622 1172,1622"/>
          <TextEquiv>
            <Unicode>sal</Unicode>
          </TextEquiv>
        </Word>
        <Word id="word_200e10af-2e7b-48a7-a6eb-d0dcb3e92035">
          <Coords points="1291,1575 1300,1575 1350,1574 1400,1572 1443,1572 1443,1617 1401,1617 1351,1619 1301,1620 1293,1620"/>
          <TextEquiv>
            <Unicode>zijn,</Unicode>
          </TextEquiv>
        </Word>
        <Word id="word_062b4830-3eb9-4a35-8d31-bc9a701117d9">
          <Coords points="1472,1572 1500,1571 1550,1569 1601,1569 1650,1568 1653,1568 1654,1613 1651,1613 1601,1614 1551,1614 1501,1616 1473,1617"/>
          <TextEquiv>
            <Unicode>echter</Unicode>
          </TextEquiv>
        </Word>
        <Word id="word_987e6c02-20bf-4a6e-9252-8585d21e754d">
          <Coords points="1683,1567 1700,1567 1750,1566 1801,1566 1834,1566 1834,1611 1801,1611 1751,1611 1701,1612 1684,1612"/>
          <TextEquiv>
            <Unicode>hebbe</Unicode>
          </TextEquiv>
        </Word>
        <Word id="word_00f65be5-cfcb-44b4-ad10-ce92b0a91c5e">
          <Coords points="1862,1566 1899,1564 1951,1564 1984,1563 1985,1608 1951,1609 1902,1609 1865,1611"/>
          <TextEquiv>
            <Unicode>niet</Unicode>
          </TextEquiv>
        </Word>
        <Word id="word_e5f9607d-9a97-469e-9b30-e09cc14aed20">
          <Coords points="2015,1563 2051,1563 2100,1562 2150,1560 2165,1560 2166,1605 2151,1605 2101,1607 2051,1608 2015,1608"/>
          <TextEquiv>
            <Unicode>wille</Unicode>
          </TextEquiv>
        </Word>
        <Word id="word_c6d47c0e-70a3-47c2-acee-b81af2298611">
          <Coords points="2195,1559 2200,1559 2250,1558 2301,1558 2350,1557 2400,1556 2451,1556 2467,1556 2467,1601 2451,1601 2401,1601 2351,1602 2301,1603 2251,1603 2201,1604 2196,1604"/>
          <TextEquiv>
            <Unicode>naerlaten</Unicode>
          </TextEquiv>
        </Word>
        <Word id="word_fca4b243-9bef-45fa-a7e1-89e15135121d">
          <Coords points="2497,1556 2501,1556 2552,1557 2558,1557 2556,1602 2551,1602 2501,1601 2497,1601"/>
          <TextEquiv>
            <Unicode>d'</Unicode>
          </TextEquiv>
        </Word>
        <Word id="word_1deedd8a-27e1-406b-93a0-026febd5e7f7">
          <Coords points="2588,1558 2602,1559 2652,1560 2700,1559 2751,1559 2802,1561 2852,1562 2903,1565 2922,1567 2917,1612 2900,1610 2851,1607 2801,1606 2751,1604 2701,1604 2651,1605 2601,1604 2587,1603"/>
          <TextEquiv>
            <Unicode>geschriften</Unicode>
          </TextEquiv>
        </Word>
        <TextEquiv conf="0.9002081257113641">
          <Unicode>cundicht sal zijn, echter hebbe niet wille naerlaten d' geschriften</Unicode>
        </TextEquiv>
        <TextStyle xHeight="46"/>
      </TextLine>
      <TextLine id="line_1c714789-f484-497c-8a98-0c5a4a76bcd1">
        <Coords points="871,1631 1928,1635 1952,1631 1964,1619 1996,1618 2012,1634 2036,1635 2154,1631 2168,1622 2288,1631 2300,1619 2533,1614 2579,1611 2587,1603 2797,1603 2844,1647 2989,1646 2989,1718 2731,1707 2708,1721 2436,1721 2424,1731 2324,1730 2308,1742 2220,1718 2172,1719 2148,1742 2116,1741 2100,1726 1980,1734 1949,1719 1829,1719 1793,1723 1777,1738 1745,1738 1737,1746 1573,1745 1523,1774 1436,1774 1402,1741 1273,1737 1266,1730 1225,1730 1189,1742 1033,1731 1005,1758 871,1758"/>
        <Baseline points="906,1729 956,1724 1006,1722 1056,1722 1106,1720 1156,1719 1206,1719 1256,1718 1306,1716 1356,1714 1406,1713 1456,1712 1506,1712 1556,1711 1606,1709 1656,1707 1706,1707 1756,1705 1806,1705 1856,1704 1906,1703 1956,1702 2006,1702 2056,1701 2106,1701 2156,1701 2206,1700 2256,1699 2306,1699 2356,1699 2406,1699 2456,1698 2506,1698 2556,1697 2606,1697 2656,1698 2706,1697 2756,1697 2806,1697 2856,1697 2906,1698 2955,1701"/>
        <Word id="word_3dcd94c8-a542-4ddc-bd5b-e8a9b905110d">
          <Coords points="903,1694 953,1689 992,1688 994,1732 957,1734 907,1739"/>
          <TextEquiv>
            <Unicode>mij</Unicode>
          </TextEquiv>
        </Word>
        <Word id="word_da64795b-2c98-4f4f-a186-66d6958e09c1">
          <Coords points="1024,1686 1057,1687 1105,1685 1139,1684 1140,1729 1106,1730 1056,1732 1023,1731"/>
          <TextEquiv>
            <Unicode>dien</Unicode>
          </TextEquiv>
        </Word>
        <Word id="word_3b8adde4-1d50-4c4e-b6c6-486c35861e52">
          <Coords points="1169,1684 1206,1684 1255,1683 1285,1682 1287,1727 1256,1728 1206,1729 1169,1729"/>
          <TextEquiv>
            <Unicode>ende</Unicode>
          </TextEquiv>
        </Word>
        <Word id="word_34b09956-559a-4207-8486-16b3aa138801">
          <Coords points="1314,1681 1355,1679 1405,1678 1455,1677 1491,1677 1491,1722 1456,1722 1406,1723 1356,1724 1316,1726"/>
          <TextEquiv>
            <Unicode>anders</Unicode>
          </TextEquiv>
        </Word>
        <Word id="word_4d36d224-ff2c-42b5-a74a-70719d4b81ca">
          <Coords points="1519,1677 1555,1676 1605,1674 1655,1672 1706,1672 1724,1671 1726,1716 1706,1717 1656,1717 1606,1719 1556,1721 1521,1722"/>
          <TextEquiv>
            <Unicode>aengaen</Unicode>
          </TextEquiv>
        </Word>
        <Word id="word_93fea829-d011-4c91-af5c-69bc36c66ead">
          <Coords points="1753,1670 1755,1670 1806,1670 1855,1669 1905,1668 1955,1667 2006,1667 2055,1666 2106,1666 2156,1666 2193,1665 2194,1710 2156,1711 2106,1711 2056,1711 2006,1712 1956,1712 1906,1713 1856,1714 1806,1715 1756,1715 1755,1715"/>
          <TextEquiv>
            <Unicode>gecommuniceert,</Unicode>
          </TextEquiv>
        </Word>
        <Word id="word_52937494-4fe4-4425-ab21-3d50941d1701">
          <Coords points="2222,1665 2255,1664 2306,1664 2311,1664 2311,1709 2306,1709 2256,1709 2223,1710"/>
          <TextEquiv>
            <Unicode>bij</Unicode>
          </TextEquiv>
        </Word>
        <Word id="word_66a396f5-cce2-4715-b24e-9e291ccdfe6b">
          <Coords points="2340,1664 2356,1664 2406,1664 2455,1663 2487,1663 2487,1708 2456,1708 2406,1709 2356,1709 2340,1709"/>
          <TextEquiv>
            <Unicode>desen</Unicode>
          </TextEquiv>
        </Word>
        <Word id="word_dd1ae22a-de64-4937-b510-8c97a4e304c1">
          <Coords points="2515,1663 2555,1662 2574,1662 2574,1707 2556,1707 2516,1708"/>
          <TextEquiv>
            <Unicode>te</Unicode>
          </TextEquiv>
        </Word>
        <Word id="word_52c9f065-4f20-4289-889a-5b8e1be89def">
          <Coords points="2604,1662 2606,1662 2657,1663 2705,1662 2756,1662 2806,1662 2809,1662 2809,1707 2806,1707 2756,1707 2706,1707 2656,1708 2606,1707 2604,1707"/>
          <TextEquiv>
            <Unicode>vougen,</Unicode>
          </TextEquiv>
        </Word>
        <Word id="word_08b2fc8b-0d42-428b-a007-8f9c2b8fccd6">
          <Coords points="2838,1662 2856,1662 2907,1663 2957,1666 2954,1711 2906,1708 2856,1707 2838,1707"/>
          <TextEquiv>
            <Unicode>doch</Unicode>
          </TextEquiv>
        </Word>
        <TextEquiv conf="0.9231479023698203">
          <Unicode>mij dien ende anders aengaen gecommuniceert, bij desen te vougen, doch</Unicode>
        </TextEquiv>
        <TextStyle xHeight="40"/>
      </TextLine>
      <TextLine id="efebd9ed-d205-40d9-8107-ee1c29308038">
        <Coords points="845,1758 1007,1758 1035,1730 1104,1730 1135,1742 1187,1742 1227,1729 1267,1729 1275,1737 1401,1741 1433,1773 1522,1774 1571,1745 1775,1738 1799,1714 1943,1717 1979,1734 2019,1734 2031,1725 2099,1725 2115,1741 2147,1742 2171,1718 2219,1717 2271,1734 2315,1738 2323,1730 2426,1730 2435,1721 2711,1725 2730,1706 2895,1709 2919,1717 2943,1741 2976,1745 2976,1817 2791,1817 2763,1841 2499,1844 2468,1814 2457,1821 2327,1817 2315,1826 2295,1816 2211,1814 2182,1833 2169,1825 2091,1825 2067,1845 2019,1853 1771,1848 1719,1865 1643,1861 1631,1852 1543,1853 1535,1861 1427,1860 1415,1848 1339,1853 1323,1840 1063,1840 1057,1834 959,1834 899,1841 890,1849 845,1849"/>
        <Baseline points="880,1832 930,1829 980,1826 1030,1823 1080,1821 1130,1818 1180,1816 1230,1818 1280,1816 1330,1817 1380,1817 1430,1816 1480,1816 1530,1816 1580,1816 1630,1814 1680,1813 1730,1812 1780,1811 1830,1810 1880,1809 1930,1808 1980,1808 2030,1804 2080,1803 2130,1805 2180,1804 2230,1803 2280,1801 2330,1803 2380,1804 2430,1805 2480,1805 2530,1804 2580,1805 2630,1805 2680,1805 2730,1804 2780,1803 2830,1804 2880,1802 2930,1801 2942,1800"/>
        <Word id="word_e3d48997-1079-413e-8623-4ed084a73947">
          <Coords points="878,1797 928,1794 978,1791 1007,1789 1009,1834 981,1836 931,1839 881,1842"/>
          <TextEquiv>
            <Unicode>door</Unicode>
          </TextEquiv>
        </Word>
        <Word id="word_d71aec51-bdfb-4a80-94a3-358b52dbf1f3">
          <Coords points="1040,1787 1079,1786 1103,1785 1106,1829 1080,1831 1041,1832"/>
          <TextEquiv>
            <Unicode>'t</Unicode>
          </TextEquiv>
        </Word>
        <Word id="word_75ab98a9-02e9-4600-849f-ccda0ecbb98b">
          <Coords points="1136,1783 1179,1781 1231,1783 1279,1781 1299,1781 1298,1826 1280,1826 1230,1828 1180,1826 1138,1828"/>
          <TextEquiv>
            <Unicode>Spade</Unicode>
          </TextEquiv>
        </Word>
        <Word id="word_3231a924-aec1-4ea4-ac9b-d80a20624276">
          <Coords points="1331,1782 1380,1782 1429,1781 1480,1781 1530,1781 1580,1781 1619,1779 1621,1824 1580,1826 1530,1826 1480,1826 1430,1826 1380,1827 1331,1827"/>
          <TextEquiv>
            <Unicode>aenlanden</Unicode>
          </TextEquiv>
        </Word>
        <Word id="word_d517148f-24b6-42d8-8783-3327112c6594">
          <Coords points="1653,1778 1680,1778 1729,1777 1749,1777 1750,1822 1730,1822 1680,1823 1653,1823"/>
          <TextEquiv>
            <Unicode>van</Unicode>
          </TextEquiv>
        </Word>
        <Word id="word_c5950ff5-d577-4b03-894d-7886e633e43b">
          <Coords points="1781,1776 1829,1775 1879,1774 1929,1773 1980,1773 2027,1769 2039,1769 2040,1814 2031,1814 1980,1818 1930,1818 1880,1819 1830,1820 1782,1821"/>
          <TextEquiv>
            <Unicode>genoemde</Unicode>
          </TextEquiv>
        </Word>
        <Word id="word_100473ef-ff49-474b-baef-4a7a0b988343">
          <Coords points="2071,1768 2079,1768 2131,1770 2179,1769 2229,1768 2264,1767 2266,1812 2230,1813 2180,1814 2130,1815 2080,1813 2072,1813"/>
          <TextEquiv>
            <Unicode>fluijt</Unicode>
          </TextEquiv>
        </Word>
        <Word id="word_8a97c2ae-e1e0-4b51-8738-7d3b1b5ff53f">
          <Coords points="2300,1765 2333,1768 2381,1769 2431,1770 2459,1770 2459,1815 2430,1815 2380,1814 2329,1813 2297,1810"/>
          <TextEquiv>
            <Unicode>Schip</Unicode>
          </TextEquiv>
        </Word>
        <Word id="word_e122e4f7-c1dd-4ab7-933a-3bf0308a27fa">
          <Coords points="2490,1770 2529,1769 2581,1770 2630,1770 2680,1770 2716,1769 2717,1814 2680,1815 2630,1815 2580,1815 2530,1814 2491,1815"/>
          <TextEquiv>
            <Unicode>alhier,</Unicode>
          </TextEquiv>
        </Word>
        <Word id="word_09dccdb5-8275-4531-8b63-dd70d0570e5e">
          <Coords points="2748,1769 2779,1768 2831,1769 2879,1767 2929,1766 2939,1765 2943,1810 2930,1811 2880,1812 2830,1814 2780,1813 2749,1814"/>
          <TextEquiv>
            <Unicode>zijnde</Unicode>
          </TextEquiv>
        </Word>
        <TextEquiv conf="0.9057762477319053">
          <Unicode>door 't Spade aenlanden van genoemde fluijt Schip alhier, zijnde</Unicode>
        </TextEquiv>
        <TextStyle xHeight="40"/>
      </TextLine>
      <TextLine id="f36d3c0b-68a4-4d4d-a55f-c96d84dd7fd4">
        <Coords points="866,1847 940,1835 1057,1831 1068,1839 1324,1838 1356,1846 1412,1846 1424,1855 1540,1850 1733,1866 1780,1838 1798,1847 1944,1847 1984,1815 2080,1814 2088,1822 2167,1822 2190,1830 2216,1814 2302,1814 2312,1823 2468,1818 2496,1846 2557,1846 2564,1839 2764,1839 2784,1826 2892,1826 2940,1869 2985,1869 2985,1941 2908,1938 2900,1930 2624,1931 2608,1939 2292,1939 2285,1946 2112,1954 2083,1935 2016,1935 1988,1962 1788,1961 1765,1939 1712,1939 1692,1956 1648,1962 1600,1961 1580,1942 1388,1943 1380,1950 1336,1954 866,1958"/>
        <Baseline points="901,1941 951,1938 1001,1934 1051,1933 1101,1932 1151,1930 1201,1928 1251,1928 1301,1928 1351,1927 1401,1926 1451,1924 1501,1922 1551,1922 1601,1922 1651,1921 1701,1920 1751,1919 1801,1918 1851,1916 1901,1916 1951,1914 2001,1914 2051,1913 2101,1913 2151,1913 2201,1914 2251,1915 2301,1915 2351,1914 2401,1915 2451,1914 2501,1914 2551,1913 2601,1913 2651,1913 2701,1914 2751,1915 2801,1916 2851,1917 2901,1918 2951,1924"/>
        <Word id="word_035ba5e8-cae3-4675-85f5-2d00854e080a">
          <Coords points="899,1906 949,1903 964,1902 968,1947 952,1948 902,1951"/>
          <TextEquiv>
            <Unicode>'t</Unicode>
          </TextEquiv>
        </Word>
        <Word id="word_73e165de-d012-4d2b-829d-72536bb73b0a">
          <Coords points="997,1899 998,1899 1050,1898 1100,1897 1150,1895 1200,1893 1231,1893 1231,1938 1201,1938 1151,1940 1101,1942 1051,1943 1002,1944 1001,1944"/>
          <TextEquiv>
            <Unicode>noorder</Unicode>
          </TextEquiv>
        </Word>
        <Word id="word_ca084c20-831c-4023-b3be-0a9b25cc131c">
          <Coords points="1265,1893 1301,1893 1350,1892 1400,1891 1450,1889 1462,1889 1463,1934 1451,1934 1401,1936 1351,1937 1301,1938 1265,1938"/>
          <TextEquiv>
            <Unicode>Mouson</Unicode>
          </TextEquiv>
        </Word>
        <Word id="word_c70b748c-f6c8-422f-bc96-8fb64c0b1310">
          <Coords points="1495,1887 1500,1887 1551,1887 1601,1887 1650,1886 1661,1886 1662,1931 1651,1931 1601,1932 1551,1932 1501,1932 1496,1932"/>
          <TextEquiv>
            <Unicode>onder</Unicode>
          </TextEquiv>
        </Word>
        <Word id="word_0cd149b4-d824-4ecc-9b52-e75583113eb3">
          <Coords points="1694,1885 1700,1885 1750,1884 1760,1884 1761,1929 1751,1929 1701,1930 1695,1930"/>
          <TextEquiv>
            <Unicode>d'</Unicode>
          </TextEquiv>
        </Word>
        <Word id="word_57ebb4bc-6c8a-4f7d-9b49-6a0cdfa8c4ad">
          <Coords points="1793,1883 1800,1883 1850,1881 1893,1881 1893,1926 1851,1926 1801,1928 1794,1928"/>
          <TextEquiv>
            <Unicode>wal</Unicode>
          </TextEquiv>
        </Word>
        <Word id="word_4d210000-76f8-42c3-a0a8-1c3004fc978a">
          <Coords points="1923,1881 1948,1879 2001,1879 2050,1878 2091,1878 2091,1923 2051,1923 2001,1924 1952,1924 1927,1926"/>
          <TextEquiv>
            <Unicode>langs</Unicode>
          </TextEquiv>
        </Word>
        <Word id="word_03c4d2c9-690f-444a-bcaf-4aedd97d1ff2">
          <Coords points="2124,1878 2151,1878 2202,1879 2252,1880 2257,1880 2257,1925 2251,1925 2201,1924 2151,1923 2124,1923"/>
          <TextEquiv>
            <Unicode>ende</Unicode>
          </TextEquiv>
        </Word>
        <Word id="word_99f0aef8-8c98-4217-acc2-76484ca46092">
          <Coords points="2290,1880 2301,1880 2350,1879 2357,1879 2356,1924 2351,1924 2301,1925 2290,1925"/>
          <TextEquiv>
            <Unicode>in</Unicode>
          </TextEquiv>
        </Word>
        <Word id="word_21c83a3b-a43c-4b3d-91e5-a2bd7d46240c">
          <Coords points="2390,1880 2402,1880 2450,1879 2488,1879 2488,1924 2451,1924 2401,1925 2389,1925"/>
          <TextEquiv>
            <Unicode>zee</Unicode>
          </TextEquiv>
        </Word>
        <Word id="word_3f76328f-7c90-4681-9c35-7193e304a250">
          <Coords points="2520,1879 2550,1878 2601,1878 2621,1878 2621,1923 2601,1923 2551,1923 2522,1924"/>
          <TextEquiv>
            <Unicode>ten</Unicode>
          </TextEquiv>
        </Word>
        <Word id="word_a1e50baa-6610-4a6f-9092-0551c30b4f58">
          <Coords points="2654,1878 2702,1879 2752,1880 2802,1881 2852,1882 2902,1883 2955,1889 2950,1934 2901,1928 2851,1927 2801,1926 2751,1925 2701,1924 2653,1923"/>
          <TextEquiv>
            <Unicode>merendeel</Unicode>
          </TextEquiv>
        </Word>
        <TextEquiv conf="0.9027107446765209">
          <Unicode>'t noorder Mouson onder d' wal langs ende in zee ten merendeel</Unicode>
        </TextEquiv>
        <TextStyle xHeight="45"/>
      </TextLine>
      <TextLine id="line_1afc09d6-a4f9-4a9f-8569-32d1ef2f5157">
        <Coords points="861,1958 959,1958 967,1950 1207,1950 1257,1946 1265,1938 1384,1934 1407,1950 1443,1941 1579,1941 1599,1961 1651,1962 1691,1957 1715,1934 1758,1933 1803,1973 1863,1973 1894,1982 1918,1977 1949,1989 2034,1989 2046,2001 2068,1998 2114,1954 2210,1950 2234,1934 2270,1929 2294,1938 2498,1941 2518,1957 2822,1957 2834,1966 2911,1961 2911,2033 2860,2026 2826,2038 2662,2037 2622,2070 2530,2070 2510,2078 2478,2057 2402,2057 2386,2045 2194,2045 2162,2074 2146,2073 2106,2049 2078,2050 2063,2065 2040,2061 2030,2069 1836,2065 1796,2101 1743,2100 1715,2073 1563,2065 1503,2074 1478,2054 1359,2062 1347,2074 1219,2073 1171,2113 1103,2113 1094,2104 1023,2104 1015,2096 861,2096"/>
        <Baseline points="896,2065 946,2064 996,2062 1046,2060 1096,2058 1146,2054 1196,2051 1246,2048 1296,2047 1346,2044 1396,2042 1446,2041 1496,2040 1546,2039 1596,2036 1646,2035 1696,2033 1746,2032 1796,2033 1846,2032 1896,2031 1946,2029 1996,2028 2046,2028 2096,2027 2146,2026 2196,2024 2246,2024 2296,2023 2346,2023 2396,2023 2446,2023 2496,2022 2546,2020 2596,2020 2646,2020 2696,2020 2746,2019 2796,2018 2846,2017 2877,2016"/>
        <Word id="word_eb2b05a7-8d97-4712-acda-8dca7686ad91">
          <Coords points="895,2030 945,2029 995,2027 1045,2025 1095,2023 1143,2019 1168,2018 1171,2063 1147,2064 1096,2068 1046,2070 996,2072 946,2074 896,2075"/>
          <TextEquiv>
            <Unicode>verlopen,</Unicode>
          </TextEquiv>
        </Word>
        <Word id="word_e6440199-a3bf-42de-8d49-34d735dcdf48">
          <Coords points="1198,2016 1244,2013 1261,2013 1262,2058 1247,2058 1201,2061"/>
          <TextEquiv>
            <Unicode>in</Unicode>
          </TextEquiv>
        </Word>
        <Word id="word_c90f6ec9-f7de-44d9-ae01-e7804fb93ab4">
          <Coords points="1291,2012 1295,2012 1344,2009 1395,2007 1444,2006 1444,2051 1396,2052 1347,2054 1296,2057 1292,2057"/>
          <TextEquiv>
            <Unicode>allen</Unicode>
          </TextEquiv>
        </Word>
        <Word id="word_6b22a6f8-e8dd-417c-9363-0e2acb5e3ef8">
          <Coords points="1474,2005 1495,2005 1545,2004 1594,2001 1645,2000 1695,1998 1718,1998 1719,2043 1696,2043 1646,2045 1597,2046 1546,2049 1496,2050 1475,2050"/>
          <TextEquiv>
            <Unicode>gevallen</Unicode>
          </TextEquiv>
        </Word>
        <Word id="word_2ba8f0cd-e7a1-421d-b789-9f76bb2e4999">
          <Coords points="1750,1997 1797,1998 1845,1997 1870,1997 1871,2041 1846,2042 1796,2043 1749,2042"/>
          <TextEquiv>
            <Unicode>geen</Unicode>
          </TextEquiv>
        </Word>
        <Word id="word_eaecaddd-8a1d-4ec2-b873-2d971b81790d">
          <Coords points="1900,1996 1945,1994 1995,1993 2046,1993 2084,1992 2085,2037 2046,2038 1996,2038 1946,2039 1902,2041"/>
          <TextEquiv>
            <Unicode>langer</Unicode>
          </TextEquiv>
        </Word>
        <Word id="word_9ac798be-0e93-4af2-be72-be6d112869c9">
          <Coords points="2114,1992 2145,1991 2195,1989 2237,1989 2237,2034 2196,2034 2146,2036 2115,2037"/>
          <TextEquiv>
            <Unicode>tijt</Unicode>
          </TextEquiv>
        </Word>
        <Word id="word_159b3917-a095-4218-9f46-150680d01bae">
          <Coords points="2266,1989 2295,1988 2346,1988 2359,1988 2359,2033 2346,2033 2296,2033 2268,2034"/>
          <TextEquiv>
            <Unicode>als</Unicode>
          </TextEquiv>
        </Word>
        <Word id="word_396253af-e597-44d2-97b9-082edb4373c6">
          <Coords points="2389,1988 2396,1988 2446,1988 2480,1987 2481,2032 2446,2033 2396,2033 2389,2033"/>
          <TextEquiv>
            <Unicode>tot</Unicode>
          </TextEquiv>
        </Word>
        <Word id="word_3263b156-e01e-40c5-a57a-970882402ba8">
          <Coords points="2509,1987 2544,1985 2572,1985 2572,2030 2546,2030 2512,2032"/>
          <TextEquiv>
            <Unicode>'t</Unicode>
          </TextEquiv>
        </Word>
        <Word id="word_a5550493-ccd3-4454-9d8e-987ab41033a5">
          <Coords points="2603,1985 2646,1985 2696,1985 2745,1984 2754,1984 2755,2029 2746,2029 2696,2030 2646,2030 2603,2030"/>
          <TextEquiv>
            <Unicode>begin</Unicode>
          </TextEquiv>
        </Word>
        <Word id="word_8e482459-55b2-490e-bc5a-518b0b241f73">
          <Coords points="2785,1983 2795,1983 2845,1982 2876,1981 2877,2026 2846,2027 2796,2028 2786,2028"/>
          <TextEquiv>
            <Unicode>van</Unicode>
          </TextEquiv>
        </Word>
        <TextEquiv conf="0.9245067064507799">
          <Unicode>verlopen, in allen gevallen geen langer tijt als tot 't begin van</Unicode>
        </TextEquiv>
        <TextStyle xHeight="42"/>
      </TextLine>
      <TextLine id="line_580686f7-b6bf-4627-bf38-cfb9f53f0d33">
        <Coords points="879,2094 1013,2094 1025,2105 1177,2110 1217,2074 1304,2075 1316,2067 1341,2067 1360,2051 1472,2047 1508,2074 1564,2066 1716,2074 1748,2103 1793,2103 1836,2066 2028,2070 2039,2062 2056,2066 2084,2050 2127,2050 2159,2075 2203,2038 2239,2046 2391,2046 2403,2058 2618,2071 2650,2039 2826,2039 2853,2035 2867,2023 2906,2062 2935,2058 2935,2130 2503,2131 2331,2139 2316,2154 1904,2151 1864,2190 1840,2189 1805,2154 1728,2154 1660,2166 1624,2198 1563,2198 1551,2206 1496,2169 1464,2169 1457,2162 1336,2166 1320,2182 1296,2186 1137,2177 1121,2190 1081,2190 1055,2206 1017,2205 993,2181 879,2181"/>
        <Baseline points="914,2169 964,2169 1014,2167 1064,2166 1114,2165 1164,2164 1214,2162 1264,2160 1314,2158 1364,2157 1414,2155 1464,2154 1514,2152 1564,2150 1614,2150 1664,2150 1714,2148 1764,2146 1814,2146 1864,2145 1914,2144 1964,2142 2014,2141 2064,2140 2114,2139 2164,2139 2214,2136 2264,2135 2314,2132 2364,2130 2414,2128 2464,2126 2514,2124 2564,2123 2614,2122 2664,2120 2714,2118 2764,2116 2814,2116 2864,2116 2901,2113"/>
        <Word id="word_3dfcc21f-ef7a-47a6-9172-aed33a182127">
          <Coords points="914,2134 964,2134 1013,2132 1042,2131 1042,2176 1014,2177 964,2179 914,2179"/>
          <TextEquiv>
            <Unicode>Men,</Unicode>
          </TextEquiv>
        </Word>
        <Word id="word_ed528b15-5098-4297-9572-0f634e7760a6">
          <Coords points="1074,2131 1113,2130 1163,2129 1169,2129 1171,2174 1164,2174 1114,2175 1074,2176"/>
          <TextEquiv>
            <Unicode>als</Unicode>
          </TextEquiv>
        </Word>
        <Word id="word_d0ee2174-c2ef-44d8-9888-7a546d98808e">
          <Coords points="1201,2127 1213,2127 1263,2125 1313,2123 1363,2122 1413,2120 1426,2120 1427,2165 1414,2165 1364,2167 1314,2168 1264,2170 1214,2172 1203,2172"/>
          <TextEquiv>
            <Unicode>wanneer</Unicode>
          </TextEquiv>
        </Word>
        <Word id="word_0654884d-6a91-45c1-b3ad-cbccef6fc4b3">
          <Coords points="1458,2119 1463,2119 1513,2117 1554,2115 1555,2160 1514,2162 1464,2164 1459,2164"/>
          <TextEquiv>
            <Unicode>men</Unicode>
          </TextEquiv>
        </Word>
        <Word id="word_4a784132-8dfe-4cad-88b0-a94751e2d166">
          <Coords points="1588,2114 1615,2115 1664,2115 1713,2113 1763,2111 1814,2111 1863,2110 1913,2109 1963,2107 1971,2107 1972,2152 1964,2152 1914,2154 1864,2155 1814,2156 1764,2156 1714,2158 1664,2160 1614,2160 1587,2159"/>
          <TextEquiv>
            <Unicode>genootsaeckt</Unicode>
          </TextEquiv>
        </Word>
        <Word id="word_62aaf59e-26d8-4d5d-9da5-55337386b1f5">
          <Coords points="2003,2106 2013,2106 2063,2105 2113,2104 2162,2104 2164,2104 2165,2149 2164,2149 2114,2149 2064,2150 2014,2151 2004,2151"/>
          <TextEquiv>
            <Unicode>werdt</Unicode>
          </TextEquiv>
        </Word>
        <Word id="word_feaae4b5-183a-4e7d-9f9a-f41444766145">
          <Coords points="2194,2102 2212,2101 2263,2100 2312,2097 2323,2097 2325,2142 2315,2142 2264,2145 2215,2146 2197,2147"/>
          <TextEquiv>
            <Unicode>door</Unicode>
          </TextEquiv>
        </Word>
        <Word id="word_2a185428-3bbe-47de-a148-bc637fbbfb06">
          <Coords points="2355,2095 2363,2095 2413,2093 2419,2093 2421,2138 2414,2138 2364,2140 2357,2140"/>
          <TextEquiv>
            <Unicode>d'</Unicode>
          </TextEquiv>
        </Word>
        <Word id="word_3c0023c9-35bf-4546-8062-65f0edb3b360">
          <Coords points="2451,2091 2463,2091 2513,2089 2563,2088 2613,2087 2663,2085 2707,2083 2709,2128 2664,2130 2614,2132 2564,2133 2514,2134 2464,2136 2453,2136"/>
          <TextEquiv>
            <Unicode>aencomen</Unicode>
          </TextEquiv>
        </Word>
        <Word id="word_5dd115f3-4ac7-4a5b-b47a-b4d860130f88">
          <Coords points="2739,2082 2763,2081 2814,2081 2864,2081 2898,2078 2902,2123 2864,2126 2814,2126 2764,2126 2741,2127"/>
          <TextEquiv>
            <Unicode>harde</Unicode>
          </TextEquiv>
        </Word>
        <TextEquiv conf="0.9150661218159462">
          <Unicode>Men, als wanneer men genootsaeckt werdt door d' aencomen harde</Unicode>
        </TextEquiv>
        <TextStyle xHeight="36"/>
      </TextLine>
      <TextLine id="line_9a33644b-f09a-48fd-a3ca-53878a97299b">
        <Coords points="911,2183 997,2183 1021,2207 1049,2208 1077,2192 1125,2188 1141,2175 1321,2184 1341,2164 1394,2164 1401,2171 1497,2171 1549,2211 1573,2196 1621,2200 1649,2172 1689,2156 1806,2156 1845,2192 1861,2192 1901,2152 1992,2148 2544,2148 2864,2135 2896,2147 2917,2166 2917,2238 2540,2238 2520,2240 2496,2260 2384,2260 2364,2251 2321,2248 2174,2248 2148,2264 2072,2268 1829,2264 1821,2272 1625,2276 1557,2275 1544,2267 1537,2274 1385,2281 1349,2307 1344,2302 1298,2326 1245,2276 1185,2280 1149,2311 1061,2311 1045,2299 911,2302"/>
        <Baseline points="946,2269 996,2274 1046,2275 1096,2274 1146,2271 1196,2269 1246,2268 1296,2267 1346,2264 1396,2262 1446,2260 1496,2257 1546,2254 1596,2253 1646,2252 1696,2251 1746,2249 1796,2247 1846,2246 1896,2244 1946,2243 1996,2242 2046,2242 2096,2241 2146,2241 2196,2240 2246,2239 2296,2238 2346,2237 2396,2234 2446,2233 2496,2232 2546,2229 2596,2227 2646,2224 2696,2224 2746,2224 2796,2221 2846,2218 2883,2221"/>
        <Word id="word_af8719a3-beb8-45ae-b954-3d7a29bf223f">
          <Coords points="949,2234 999,2239 1047,2240 1095,2239 1144,2236 1195,2234 1196,2234 1197,2279 1196,2279 1147,2281 1096,2284 1046,2285 995,2284 945,2279"/>
          <TextEquiv>
            <Unicode>Stormen</Unicode>
          </TextEquiv>
        </Word>
        <Word id="word_f15a69a9-b5ef-47c8-b436-a007b92ecdaf">
          <Coords points="1232,2233 1245,2233 1295,2232 1302,2232 1305,2276 1296,2277 1246,2278 1233,2278"/>
          <TextEquiv>
            <Unicode>d'</Unicode>
          </TextEquiv>
        </Word>
        <Word id="word_c609b4d8-91d3-48f1-b18a-2bc8343c1ef0">
          <Coords points="1338,2229 1344,2229 1395,2227 1445,2225 1494,2222 1518,2221 1520,2266 1497,2267 1446,2270 1396,2272 1347,2274 1341,2274"/>
          <TextEquiv>
            <Unicode>Custe</Unicode>
          </TextEquiv>
        </Word>
        <Word id="word_c811070b-70dc-4151-9342-df4d7c5d3e03">
          <Coords points="1555,2218 1596,2218 1645,2217 1663,2217 1663,2262 1646,2262 1596,2263 1556,2263"/>
          <TextEquiv>
            <Unicode>van</Unicode>
          </TextEquiv>
        </Word>
        <Word id="word_7419cd4b-c602-41aa-ace9-4e90a1059399">
          <Coords points="1698,2216 1745,2214 1795,2212 1845,2211 1877,2210 1879,2255 1846,2256 1796,2257 1746,2259 1700,2261"/>
          <TextEquiv>
            <Unicode>India</Unicode>
          </TextEquiv>
        </Word>
        <Word id="word_c4a32373-f540-4eca-b53b-bb09c11320c0">
          <Coords points="1914,2208 1946,2208 1985,2207 1986,2252 1946,2253 1914,2253"/>
          <TextEquiv>
            <Unicode>te</Unicode>
          </TextEquiv>
        </Word>
        <Word id="word_c3e302cf-4dd4-4248-b30e-ecdffa144b73">
          <Coords points="2023,2206 2047,2207 2095,2206 2146,2206 2195,2205 2245,2204 2295,2203 2344,2202 2345,2247 2296,2248 2246,2249 2196,2250 2146,2251 2096,2251 2046,2252 2022,2251"/>
          <TextEquiv>
            <Unicode>verlaten,</Unicode>
          </TextEquiv>
        </Word>
        <Word id="word_603ec579-d208-4f0f-b22b-fb2e297eed75">
          <Coords points="2376,2202 2391,2199 2445,2198 2495,2197 2544,2194 2595,2192 2644,2189 2668,2189 2668,2234 2647,2234 2596,2237 2547,2239 2496,2242 2446,2243 2398,2244 2383,2246"/>
          <TextEquiv>
            <Unicode>overigh,</Unicode>
          </TextEquiv>
        </Word>
        <Word id="word_b97efd07-33b1-49bf-9f22-5ab45c636b63">
          <Coords points="2704,2189 2746,2189 2794,2186 2844,2183 2886,2186 2882,2231 2847,2228 2797,2231 2746,2234 2704,2234"/>
          <TextEquiv>
            <Unicode>heeft</Unicode>
          </TextEquiv>
        </Word>
        <TextEquiv conf="0.9622087085157899">
          <Unicode>Stormen d' Custe van India te verlaten, overigh, heeft</Unicode>
        </TextEquiv>
        <TextStyle xHeight="38"/>
      </TextLine>
      <TextLine id="line_25d03130-7dc9-45df-b83b-5bc687937262">
        <Coords points="848,2301 890,2301 918,2292 1036,2292 1058,2309 1150,2309 1186,2281 1251,2277 1282,2308 1318,2317 1398,2277 1538,2275 1545,2268 1627,2277 1818,2273 1826,2265 2069,2269 2149,2265 2179,2249 2273,2248 2365,2252 2389,2268 2661,2268 2669,2276 2783,2289 2793,2282 2910,2282 2910,2354 2689,2354 2681,2361 2537,2361 2518,2376 2413,2376 2353,2435 2337,2423 2296,2423 2242,2369 2218,2372 2201,2388 2177,2366 2097,2369 2053,2396 1919,2396 1871,2369 1850,2384 1808,2384 1797,2373 1578,2380 1538,2404 1486,2408 1458,2407 1430,2392 1346,2396 1334,2408 1146,2408 1131,2396 1042,2400 987,2451 943,2463 866,2459 848,2467"/>
        <Baseline points="883,2395 933,2392 983,2391 1033,2389 1083,2388 1133,2387 1183,2386 1233,2386 1283,2385 1333,2384 1383,2383 1433,2382 1483,2378 1533,2375 1583,2372 1633,2370 1683,2368 1733,2366 1783,2364 1833,2362 1883,2362 1933,2360 1983,2359 2033,2358 2083,2356 2133,2355 2183,2355 2233,2352 2283,2351 2333,2351 2383,2348 2433,2345 2483,2342 2533,2342 2583,2341 2633,2339 2683,2337 2733,2336 2783,2335 2833,2335 2876,2337"/>
        <Word id="word_39b105e3-10f4-4c70-9acd-bc1ff088af5b">
          <Coords points="881,2360 931,2357 953,2357 954,2402 934,2402 884,2405"/>
          <TextEquiv>
            <Unicode>d'</Unicode>
          </TextEquiv>
        </Word>
        <Word id="word_d5bef9d4-20b0-443a-91e0-6e38d77f48ec">
          <Coords points="988,2356 1031,2354 1082,2353 1132,2352 1182,2351 1233,2351 1282,2350 1332,2349 1382,2348 1432,2347 1450,2346 1453,2390 1433,2392 1383,2393 1333,2394 1283,2395 1233,2396 1183,2396 1133,2397 1083,2398 1033,2399 990,2401"/>
          <TextEquiv>
            <Unicode>gedestineerde</Unicode>
          </TextEquiv>
        </Word>
        <Word id="word_b5ee560a-97a9-4602-a987-c41fd7fd592a">
          <Coords points="1486,2343 1531,2340 1581,2337 1632,2335 1682,2333 1700,2332 1702,2377 1683,2378 1633,2380 1584,2382 1534,2385 1489,2388"/>
          <TextEquiv>
            <Unicode>reijse</Unicode>
          </TextEquiv>
        </Word>
        <Word id="word_68929afe-f8ee-44b6-8b40-e75b305a2c33">
          <Coords points="1736,2331 1782,2329 1832,2327 1883,2327 1932,2325 1982,2324 2032,2323 2056,2322 2058,2367 2033,2368 1983,2369 1933,2370 1883,2372 1833,2372 1783,2374 1737,2376"/>
          <TextEquiv>
            <Unicode>derwaerts</Unicode>
          </TextEquiv>
        </Word>
        <Word id="word_955ca229-1b99-452d-8240-80203e16f6af">
          <Coords points="2092,2321 2132,2320 2183,2320 2231,2317 2235,2317 2236,2362 2234,2362 2183,2365 2133,2365 2093,2366"/>
          <TextEquiv>
            <Unicode>geen</Unicode>
          </TextEquiv>
        </Word>
        <Word id="word_7920ac5a-7c01-4cf4-bf2f-bf670c5973d2">
          <Coords points="2270,2316 2282,2316 2333,2316 2381,2313 2431,2310 2481,2307 2533,2307 2582,2306 2625,2304 2627,2349 2583,2351 2533,2352 2484,2352 2434,2355 2384,2358 2333,2361 2283,2361 2271,2361"/>
          <TextEquiv>
            <Unicode>voortgangh</Unicode>
          </TextEquiv>
        </Word>
        <Word id="word_f53967c1-a4b6-466f-bb0b-0bf17dcf2ec2">
          <Coords points="2661,2303 2682,2302 2732,2301 2782,2300 2833,2300 2878,2302 2876,2347 2833,2345 2783,2345 2733,2346 2683,2347 2663,2348"/>
          <TextEquiv>
            <Unicode>cunnen</Unicode>
          </TextEquiv>
        </Word>
        <TextEquiv conf="0.9430087134175854">
          <Unicode>d' gedestineerde reijse derwaerts geen voortgangh cunnen</Unicode>
        </TextEquiv>
        <TextStyle xHeight="42"/>
      </TextLine>
      <TextLine id="line_94ea4160-6aa8-4067-b396-5e94979e106d">
        <Coords points="865,2459 930,2459 940,2466 975,2455 1039,2400 1132,2396 1147,2408 1335,2408 1347,2396 1430,2392 1459,2407 1483,2408 1539,2404 1575,2380 1723,2373 1806,2373 1823,2384 1851,2384 1875,2369 1921,2396 2051,2396 2095,2369 2177,2365 2200,2388 2219,2372 2240,2369 2303,2427 2343,2427 2355,2437 2419,2376 2520,2376 2535,2361 2803,2364 2827,2387 2867,2387 2879,2396 3004,2396 3000,2473 2887,2473 2832,2461 2671,2461 2099,2477 2039,2481 2015,2505 1979,2513 1943,2485 1887,2493 1663,2493 1623,2497 1587,2533 1539,2532 1505,2508 1492,2517 1447,2521 1319,2516 1258,2573 1207,2568 1188,2580 1178,2572 1135,2572 1111,2548 1015,2548 971,2520 865,2520"/>
        <Baseline points="900,2509 950,2509 1000,2506 1050,2504 1100,2501 1150,2498 1200,2497 1250,2496 1300,2495 1350,2493 1400,2490 1450,2488 1500,2487 1550,2484 1600,2481 1650,2479 1700,2478 1750,2477 1800,2476 1850,2475 1900,2473 1950,2472 2000,2470 2050,2469 2100,2466 2150,2465 2200,2462 2250,2460 2300,2459 2350,2457 2400,2455 2450,2454 2500,2454 2550,2454 2600,2453 2650,2452 2700,2452 2750,2451 2800,2452 2850,2451 2900,2451 2950,2451 2970,2451"/>
        <Word id="word_b90bc745-e8fe-4373-81f5-8806e3680366">
          <Coords points="900,2474 950,2474 998,2471 1049,2469 1083,2467 1086,2512 1050,2514 1001,2516 950,2519 900,2519"/>
          <TextEquiv>
            <Unicode>nemen,</Unicode>
          </TextEquiv>
        </Word>
        <Word id="word_06782fc8-8440-4ce2-897e-fe81a6f7f99a">
          <Coords points="1114,2465 1148,2463 1199,2462 1239,2461 1240,2506 1200,2507 1151,2508 1117,2510"/>
          <TextEquiv>
            <Unicode>daer</Unicode>
          </TextEquiv>
        </Word>
        <Word id="word_d6e58c93-18ce-475c-991c-108ef8381a69">
          <Coords points="1270,2461 1299,2460 1349,2458 1392,2455 1395,2500 1350,2503 1300,2505 1271,2506"/>
          <TextEquiv>
            <Unicode>mede</Unicode>
          </TextEquiv>
        </Word>
        <Word id="word_b90ab237-7e69-464b-a3a0-f860fb40704a">
          <Coords points="1424,2454 1449,2453 1499,2452 1546,2449 1549,2494 1500,2497 1450,2498 1425,2498"/>
          <TextEquiv>
            <Unicode>(ons</Unicode>
          </TextEquiv>
        </Word>
        <Word id="word_142e7389-7a93-4aa7-adbc-643fb3227a46">
          <Coords points="1577,2447 1598,2446 1649,2444 1699,2443 1749,2442 1799,2441 1849,2440 1856,2440 1858,2485 1850,2485 1800,2486 1750,2487 1700,2488 1650,2489 1601,2491 1580,2492"/>
          <TextEquiv>
            <Unicode>oordeels)</Unicode>
          </TextEquiv>
        </Word>
        <Word id="word_a24e12ca-f6d5-4309-a3a3-22150d7cee79">
          <Coords points="1887,2438 1899,2438 1949,2437 1999,2435 2049,2434 2098,2431 2149,2430 2164,2429 2167,2474 2150,2475 2101,2476 2050,2479 2000,2480 1950,2482 1900,2483 1889,2483"/>
          <TextEquiv>
            <Unicode>weijnich.</Unicode>
          </TextEquiv>
        </Word>
        <Word id="word_65cecf05-473b-4a33-aef8-adea4f9f7f53">
          <Coords points="2195,2427 2198,2427 2249,2425 2289,2424 2290,2469 2250,2470 2201,2472 2198,2472"/>
          <TextEquiv>
            <Unicode>ten</Unicode>
          </TextEquiv>
        </Word>
        <Word id="word_e77183c1-a53a-4834-916b-3aa45688c150">
          <Coords points="2319,2424 2348,2422 2399,2420 2449,2419 2500,2419 2537,2419 2537,2464 2500,2464 2450,2464 2400,2465 2351,2467 2321,2469"/>
          <TextEquiv>
            <Unicode>aensien</Unicode>
          </TextEquiv>
        </Word>
        <Word id="word_93522d81-ba3a-4374-8fd5-5a469be5db87">
          <Coords points="2567,2419 2599,2418 2649,2417 2700,2417 2749,2416 2801,2417 2846,2416 2847,2461 2800,2462 2750,2461 2700,2462 2650,2462 2600,2463 2568,2464"/>
          <TextEquiv>
            <Unicode>eensdeels</Unicode>
          </TextEquiv>
        </Word>
        <Word id="word_42a60ef6-6cf7-499f-92a8-813a3d1a2d2e">
          <Coords points="2878,2415 2901,2416 2950,2416 2970,2416 2970,2461 2950,2461 2900,2461 2877,2460"/>
          <TextEquiv>
            <Unicode>den</Unicode>
          </TextEquiv>
        </Word>
        <TextEquiv conf="0.9078008422719382">
          <Unicode>nemen, daer mede (ons oordeels) weijnich. ten aensien eensdeels den</Unicode>
        </TextEquiv>
        <TextStyle xHeight="41"/>
      </TextLine>
      <TextLine id="line_1921967d-4b93-4556-9173-6b3a489bce21">
        <Coords points="848,2521 970,2521 994,2529 1014,2549 1110,2549 1134,2573 1190,2578 1205,2569 1253,2574 1317,2514 1425,2514 1433,2506 1449,2514 1491,2514 1518,2506 1541,2529 1589,2530 1609,2514 1638,2514 1649,2503 1833,2503 1928,2479 1941,2479 1968,2506 2013,2506 2044,2479 2060,2475 2643,2467 2743,2458 2871,2466 2920,2509 2920,2582 2464,2587 2457,2594 2391,2594 2379,2606 2312,2601 2302,2591 2072,2594 1972,2598 1956,2610 1625,2618 1609,2634 848,2633"/>
        <Baseline points="883,2620 933,2619 983,2616 1033,2613 1083,2610 1133,2607 1183,2607 1233,2607 1283,2601 1333,2601 1383,2604 1433,2603 1483,2602 1533,2601 1583,2601 1633,2600 1683,2598 1733,2597 1783,2596 1833,2595 1883,2593 1933,2593 1983,2591 2033,2589 2083,2587 2133,2585 2183,2584 2233,2583 2283,2584 2333,2583 2383,2582 2433,2579 2483,2577 2533,2577 2583,2576 2633,2574 2683,2573 2733,2573 2783,2574 2833,2573 2883,2570 2886,2565"/>
        <Word id="word_d3948f69-2f18-4f78-8b26-0dd5848b35f4">
          <Coords points="882,2585 932,2584 981,2581 1031,2578 1081,2575 1131,2572 1183,2572 1233,2572 1259,2569 1264,2613 1233,2617 1183,2617 1134,2617 1084,2620 1034,2623 984,2626 933,2629 883,2630"/>
          <TextEquiv>
            <Unicode>Oppercoop.l</Unicode>
          </TextEquiv>
        </Word>
        <Word id="word_0ca57f71-41ab-419b-8de6-88861b47a014">
          <Coords points="1299,2564 1335,2566 1385,2569 1400,2569 1401,2614 1382,2614 1333,2611 1297,2609"/>
          <TextEquiv>
            <Unicode>S„r</Unicode>
          </TextEquiv>
        </Word>
        <Word id="word_7e609276-9321-4ae0-ae1d-f513f66318a1">
          <Coords points="1435,2568 1482,2567 1532,2566 1583,2566 1632,2565 1682,2563 1712,2562 1713,2607 1683,2608 1633,2610 1583,2611 1533,2611 1483,2612 1436,2613"/>
          <TextEquiv>
            <Unicode>Cornelis</Unicode>
          </TextEquiv>
        </Word>
        <Word id="word_a4cc6a46-6bc0-4132-9c32-ef55d4fde3f6">
          <Coords points="1746,2562 1782,2561 1832,2560 1850,2559 1851,2604 1833,2605 1783,2606 1747,2607"/>
          <TextEquiv>
            <Unicode>van</Unicode>
          </TextEquiv>
        </Word>
        <Word id="word_5b682824-68f9-4b37-b12c-fff84c8ddccf">
          <Coords points="1886,2558 1933,2558 1982,2556 2032,2554 2057,2553 2059,2598 2033,2599 1983,2601 1933,2603 1886,2603"/>
          <TextEquiv>
            <Unicode>Sanen</Unicode>
          </TextEquiv>
        </Word>
        <Word id="word_ffae59f5-4a50-4166-8b2b-6a2ba376b271">
          <Coords points="2092,2552 2132,2550 2182,2549 2196,2549 2197,2594 2183,2594 2133,2595 2093,2597"/>
          <TextEquiv>
            <Unicode>tot</Unicode>
          </TextEquiv>
        </Word>
        <Word id="word_fe7aa7f1-a7b9-43c1-aecb-bb31fc936826">
          <Coords points="2231,2548 2232,2548 2284,2549 2332,2548 2382,2547 2431,2544 2482,2542 2533,2542 2582,2541 2632,2539 2680,2538 2681,2583 2633,2584 2583,2586 2533,2587 2483,2587 2434,2589 2383,2592 2333,2593 2283,2594 2233,2593 2232,2593"/>
          <TextEquiv>
            <Unicode>'saffhandelen</Unicode>
          </TextEquiv>
        </Word>
        <Word id="word_5a801ac8-a33c-43b2-aab2-12261ddb0d14">
          <Coords points="2717,2537 2734,2538 2784,2539 2832,2538 2856,2547 2881,2535 2894,2570 2884,2580 2833,2583 2783,2584 2733,2583 2715,2582"/>
          <TextEquiv>
            <Unicode>vande</Unicode>
          </TextEquiv>
        </Word>
        <TextEquiv conf="0.91197993768851">
          <Unicode>Oppercoop.l S„r Cornelis van Sanen tot 'saffhandelen vande</Unicode>
        </TextEquiv>
        <TextStyle xHeight="40"/>
      </TextLine>
      <TextLine id="ad19f77f-f5b2-42f0-8aee-028301fff718">
        <Coords points="837,2632 1611,2633 1631,2613 1671,2613 1679,2605 1723,2613 1959,2609 1967,2601 1999,2597 2099,2593 2260,2593 2275,2601 2300,2593 2311,2604 2378,2605 2390,2593 2447,2585 2627,2588 2675,2624 2719,2628 2956,2630 2956,2703 2775,2703 2742,2693 2734,2701 2551,2700 2534,2713 2519,2713 2500,2701 2367,2701 2340,2712 2326,2705 2296,2727 2267,2712 2111,2713 2079,2740 2043,2752 1979,2751 1940,2713 1783,2720 1763,2740 1703,2744 1599,2744 1556,2720 1531,2720 1403,2724 1371,2736 1327,2740 1051,2739 837,2748"/>
        <Baseline points="872,2735 922,2739 972,2735 1022,2731 1072,2728 1122,2725 1172,2724 1222,2721 1272,2719 1322,2717 1372,2715 1422,2713 1472,2711 1522,2708 1572,2705 1622,2706 1672,2706 1722,2705 1772,2703 1822,2702 1872,2701 1922,2700 1972,2700 2022,2700 2072,2700 2122,2696 2172,2694 2222,2693 2272,2693 2322,2690 2372,2688 2422,2686 2472,2683 2522,2682 2572,2681 2622,2680 2672,2680 2722,2679 2772,2679 2822,2679 2872,2681 2922,2686"/>
        <Word id="word_781db558-f32d-4a79-8a27-8f13ed6faa1a">
          <Coords points="875,2700 925,2704 969,2700 1019,2696 1070,2693 1120,2690 1171,2689 1220,2686 1243,2685 1245,2730 1223,2731 1172,2734 1123,2735 1073,2738 1023,2741 973,2745 921,2749 871,2745"/>
          <TextEquiv>
            <Unicode>differentien</Unicode>
          </TextEquiv>
        </Word>
        <Word id="word_863c0194-c874-42aa-841b-e4f66c4e3068">
          <Coords points="1274,2684 1321,2682 1371,2680 1421,2678 1471,2676 1520,2673 1553,2671 1556,2716 1523,2718 1472,2721 1422,2723 1372,2725 1322,2727 1276,2729"/>
          <TextEquiv>
            <Unicode>raeckende</Unicode>
          </TextEquiv>
        </Word>
        <Word id="word_8d8ba489-f90f-4a4b-95e4-5d0d5a858d2c">
          <Coords points="1588,2669 1624,2671 1648,2671 1648,2716 1621,2716 1585,2714"/>
          <TextEquiv>
            <Unicode>d'</Unicode>
          </TextEquiv>
        </Word>
        <Word id="word_fb350de9-0d9a-42c2-ae3c-249723fbbf9d">
          <Coords points="1678,2671 1721,2670 1771,2668 1821,2667 1871,2666 1896,2666 1897,2711 1872,2711 1822,2712 1772,2713 1722,2715 1679,2716"/>
          <TextEquiv>
            <Unicode>Malacxe</Unicode>
          </TextEquiv>
        </Word>
        <Word id="word_07a6af89-5ba0-4fc6-8c2a-931c3e86e625">
          <Coords points="1928,2665 1972,2665 2022,2665 2072,2665 2119,2661 2144,2660 2146,2705 2123,2706 2072,2710 2022,2710 1972,2710 1928,2710"/>
          <TextEquiv>
            <Unicode>thollen</Unicode>
          </TextEquiv>
        </Word>
        <Word id="word_43786bd7-db6a-4320-95f0-6f0a13b2e865">
          <Coords points="2176,2659 2221,2658 2272,2658 2299,2656 2301,2701 2272,2703 2222,2703 2177,2704"/>
          <TextEquiv>
            <Unicode>ende</Unicode>
          </TextEquiv>
        </Word>
        <Word id="word_33395ee0-fd59-4e30-a902-0b389149bf85">
          <Coords points="2330,2654 2371,2653 2421,2651 2470,2648 2521,2647 2571,2646 2621,2645 2672,2645 2721,2644 2772,2644 2798,2644 2798,2689 2772,2689 2722,2689 2672,2690 2622,2690 2572,2691 2522,2692 2473,2693 2422,2696 2372,2698 2332,2699"/>
          <TextEquiv>
            <Unicode>gerechticheden,</Unicode>
          </TextEquiv>
        </Word>
        <Word id="word_16ded809-f02e-40ce-aa89-fa38fb39df86">
          <Coords points="2831,2644 2874,2646 2925,2651 2921,2696 2872,2691 2828,2689"/>
          <TextEquiv>
            <Unicode>met</Unicode>
          </TextEquiv>
        </Word>
        <TextEquiv conf="0.9108674589419447">
          <Unicode>differentien raeckende d' Malacxe thollen ende gerechticheden, met</Unicode>
        </TextEquiv>
        <TextStyle xHeight="44"/>
      </TextLine>
      <TextLine id="line_9ceeccdb-a391-4b92-944d-8aba158dad53">
        <Coords points="879,2749 1033,2740 1329,2741 1369,2737 1389,2721 1533,2716 1564,2716 1597,2744 1701,2745 1761,2741 1793,2710 1930,2710 1942,2713 1981,2752 2037,2753 2085,2737 2109,2713 2234,2713 2297,2725 2330,2701 2342,2709 2357,2698 2495,2697 2513,2713 2534,2713 2549,2701 2733,2702 2743,2693 2773,2701 2809,2732 2982,2734 2982,2806 2745,2802 2657,2889 2625,2887 2589,2857 2549,2857 2501,2809 2329,2814 2277,2862 2221,2866 2121,2861 2113,2853 2053,2853 2036,2865 2024,2853 1953,2853 1937,2837 1857,2838 1849,2846 1801,2846 1793,2854 1621,2853 1601,2833 1397,2838 1385,2850 1297,2850 1277,2870 1133,2870 1113,2853 1077,2854 1061,2870 879,2865"/>
        <Baseline points="914,2846 964,2845 1014,2842 1064,2839 1114,2835 1164,2831 1214,2830 1264,2828 1314,2827 1364,2826 1414,2821 1464,2819 1514,2818 1564,2817 1614,2815 1664,2815 1714,2814 1764,2813 1814,2812 1864,2811 1914,2809 1964,2808 2014,2807 2064,2807 2114,2806 2164,2804 2214,2803 2264,2801 2314,2799 2364,2797 2414,2795 2464,2793 2514,2793 2564,2792 2614,2790 2664,2789 2714,2789 2764,2788 2814,2788 2864,2788 2914,2790 2948,2789"/>
        <Word id="word_ddef4b1e-7824-4d39-8092-517399122db2">
          <Coords points="913,2811 963,2810 1010,2807 1013,2852 964,2855 914,2856"/>
          <TextEquiv>
            <Unicode>den</Unicode>
          </TextEquiv>
        </Word>
        <Word id="word_8d791f9b-dd87-48f7-b90f-8c3c8bd38538">
          <Coords points="1043,2805 1062,2804 1111,2800 1161,2796 1213,2795 1263,2793 1307,2792 1308,2837 1264,2838 1214,2840 1165,2841 1115,2845 1065,2849 1046,2850"/>
          <TextEquiv>
            <Unicode>Viceroij</Unicode>
          </TextEquiv>
        </Word>
        <Word id="word_512b432c-5fe2-4ee1-945b-da6d2eb80bf7">
          <Coords points="1340,2791 1363,2791 1402,2787 1407,2832 1364,2836 1340,2836"/>
          <TextEquiv>
            <Unicode>In</Unicode>
          </TextEquiv>
        </Word>
        <Word id="word_e87c567a-4263-431e-a52d-5bec33333bd0">
          <Coords points="1439,2784 1465,2784 1513,2783 1563,2782 1568,2782 1570,2827 1564,2827 1514,2828 1464,2829 1438,2829"/>
          <TextEquiv>
            <Unicode>Goa,</Unicode>
          </TextEquiv>
        </Word>
        <Word id="word_70c84dac-b1f3-440e-9a7e-345505c81d26">
          <Coords points="1601,2780 1613,2780 1664,2780 1700,2779 1701,2824 1664,2825 1614,2825 1603,2825"/>
          <TextEquiv>
            <Unicode>bij</Unicode>
          </TextEquiv>
        </Word>
        <Word id="word_155d7ffe-37c5-447a-b5d5-fd6d2d58fd5b">
          <Coords points="1733,2779 1763,2778 1813,2777 1863,2776 1896,2775 1898,2820 1864,2821 1814,2822 1764,2823 1734,2824"/>
          <TextEquiv>
            <Unicode>uEEd:</Unicode>
          </TextEquiv>
        </Word>
        <Word id="word_675e055c-f69b-4987-a3bc-f654f9f14223">
          <Coords points="1930,2773 1964,2773 2013,2772 2064,2772 2113,2771 2163,2769 2213,2768 2263,2766 2313,2764 2363,2762 2413,2760 2421,2760 2423,2805 2414,2805 2364,2807 2314,2809 2264,2811 2214,2813 2164,2814 2114,2816 2064,2817 2014,2817 1964,2818 1931,2818"/>
          <TextEquiv>
            <Unicode>g'authoriseert,</Unicode>
          </TextEquiv>
        </Word>
        <Word id="word_8381230c-93ed-45fd-ae3c-476aa3d9d5d4">
          <Coords points="2454,2758 2463,2758 2514,2758 2521,2758 2521,2803 2514,2803 2464,2803 2456,2803"/>
          <TextEquiv>
            <Unicode>'t</Unicode>
          </TextEquiv>
        </Word>
        <Word id="word_542fb3f5-f8d4-4ee1-be91-c6c7b46aad73">
          <Coords points="2553,2757 2563,2757 2613,2755 2663,2754 2714,2754 2763,2753 2814,2753 2817,2753 2817,2798 2814,2798 2764,2798 2714,2799 2664,2799 2614,2800 2564,2802 2554,2802"/>
          <TextEquiv>
            <Unicode>gedoente</Unicode>
          </TextEquiv>
        </Word>
        <Word id="word_83f3995d-f252-47a4-8a0c-5ec64ea2eba7">
          <Coords points="2849,2753 2864,2753 2915,2755 2947,2754 2948,2799 2914,2800 2864,2798 2849,2798"/>
          <TextEquiv>
            <Unicode>der</Unicode>
          </TextEquiv>
        </Word>
        <TextEquiv conf="0.9311173559292161">
          <Unicode>den Viceroij In Goa, bij uEEd: g'authoriseert, 't gedoente der</Unicode>
        </TextEquiv>
        <TextStyle xHeight="45"/>
      </TextLine>
      <TextLine id="e8b703ef-c639-4eac-864c-c97cb9a9857a">
        <Coords points="846,2876 912,2876 940,2867 1060,2872 1080,2855 1116,2855 1132,2871 1275,2872 1299,2852 1383,2852 1399,2836 1604,2836 1623,2852 1795,2852 1827,2821 1879,2817 1930,2817 1970,2855 2022,2855 2030,2863 2054,2855 2114,2855 2254,2864 2274,2860 2330,2813 2538,2813 2550,2801 2606,2797 2666,2797 2689,2817 2869,2824 2881,2832 2962,2836 3001,2848 3014,2836 3011,2912 2989,2897 2969,2917 2913,2917 2894,2905 2825,2905 2817,2913 2374,2913 2342,2917 2247,3003 2226,2986 2214,2986 2178,2951 2122,2947 2054,2948 2030,2972 1875,2975 1847,2987 1783,2982 1758,2998 1735,2975 1713,2975 1705,2967 1532,2964 1515,2947 1475,2951 1455,2944 1423,2948 1336,3026 1319,3010 1291,3010 1235,2959 1219,2955 1200,2956 1131,3012 1106,2990 1084,2982 846,2987"/>
        <Baseline points="881,2962 931,2959 981,2952 1031,2948 1081,2946 1131,2942 1181,2939 1231,2936 1281,2934 1331,2932 1381,2930 1431,2928 1481,2926 1531,2924 1581,2923 1631,2920 1681,2919 1731,2919 1781,2918 1831,2917 1881,2916 1931,2914 1981,2914 2031,2912 2081,2912 2131,2910 2181,2909 2231,2908 2281,2906 2331,2905 2381,2904 2431,2903 2481,2901 2531,2899 2581,2899 2631,2897 2681,2897 2731,2899 2781,2899 2831,2898 2881,2895 2931,2893 2980,2891"/>
        <Word id="word_b0299cf6-2b8a-4421-8e16-168615d8ccce">
          <Coords points="879,2927 929,2924 976,2917 1028,2913 1080,2911 1128,2907 1179,2904 1191,2903 1194,2948 1182,2949 1132,2952 1081,2956 1032,2958 982,2962 932,2969 882,2972"/>
          <TextEquiv>
            <Unicode>Portugesen</Unicode>
          </TextEquiv>
        </Word>
        <Word id="word_d39c0d38-e6f7-4bf7-a5d9-f848695a150b">
          <Coords points="1223,2901 1229,2901 1280,2899 1330,2897 1380,2895 1411,2894 1413,2939 1381,2940 1331,2942 1281,2944 1232,2946 1225,2946"/>
          <TextEquiv>
            <Unicode>alhier</Unicode>
          </TextEquiv>
        </Word>
        <Word id="word_aa4bf74b-9453-4b66-b9c6-3648a91ff0a0">
          <Coords points="1443,2893 1480,2891 1530,2889 1569,2888 1570,2933 1531,2934 1481,2936 1445,2937"/>
          <TextEquiv>
            <Unicode>ende</Unicode>
          </TextEquiv>
        </Word>
        <Word id="word_30eed254-64a8-4a60-bfe7-a04964aa06d1">
          <Coords points="1598,2888 1628,2885 1680,2884 1726,2884 1726,2929 1681,2929 1632,2930 1602,2933"/>
          <TextEquiv>
            <Unicode>Inde</Unicode>
          </TextEquiv>
        </Word>
        <Word id="word_6a568fff-dd07-4079-93fc-b922ec99d7ed">
          <Coords points="1756,2884 1780,2883 1830,2882 1880,2881 1930,2879 1981,2879 2030,2877 2071,2877 2071,2922 2031,2922 1981,2924 1931,2924 1881,2926 1831,2927 1781,2928 1758,2929"/>
          <TextEquiv>
            <Unicode>quartieren</Unicode>
          </TextEquiv>
        </Word>
        <Word id="word_722e24ed-df1f-4b91-b2f5-111d52de3a1f">
          <Coords points="2100,2877 2129,2875 2180,2874 2227,2873 2228,2918 2181,2919 2132,2920 2103,2922"/>
          <TextEquiv>
            <Unicode>daer</Unicode>
          </TextEquiv>
        </Word>
        <Word id="word_e542daea-2ad0-468f-86d5-0110c8fa26ef">
          <Coords points="2257,2873 2279,2871 2330,2870 2380,2869 2430,2868 2480,2866 2508,2865 2510,2910 2481,2911 2431,2913 2381,2914 2331,2915 2282,2916 2260,2917"/>
          <TextEquiv>
            <Unicode>ontrent,</Unicode>
          </TextEquiv>
        </Word>
        <Word id="word_3b1644f7-7061-4b92-b22f-2ea6f8488596">
          <Coords points="2542,2864 2581,2864 2630,2862 2667,2862 2667,2907 2631,2907 2581,2909 2541,2909"/>
          <TextEquiv>
            <Unicode>uEd.</Unicode>
          </TextEquiv>
        </Word>
        <Word id="word_2f700510-c0a7-414c-b35d-41bca8670e78">
          <Coords points="2700,2862 2733,2864 2781,2864 2791,2864 2792,2909 2781,2909 2730,2909 2697,2907"/>
          <TextEquiv>
            <Unicode>ten</Unicode>
          </TextEquiv>
        </Word>
        <Word id="word_c5ff69d1-2c71-489b-9b32-95126a1564e0">
          <Coords points="2823,2863 2830,2863 2879,2860 2930,2858 2978,2856 2980,2901 2931,2903 2882,2905 2831,2908 2823,2908"/>
          <TextEquiv>
            <Unicode>Prin„</Unicode>
          </TextEquiv>
        </Word>
        <TextEquiv conf="0.9377644875113376">
          <Unicode>Portugesen alhier ende Inde quartieren daer ontrent, uEd. ten Prin„</Unicode>
        </TextEquiv>
        <TextStyle xHeight="43"/>
      </TextLine>
      <TextLine id="line_554c3070-5047-490c-93fb-bea349b05b5a">
        <Coords points="886,2988 984,2986 992,2979 1084,2983 1133,3011 1196,2952 1216,2951 1236,2959 1292,3011 1319,3011 1337,3027 1435,2936 1492,2936 1532,2964 1591,2963 1603,2975 1643,2975 1655,2985 1695,2985 1707,2992 1723,2976 1735,2975 1762,2999 1807,2963 2021,2960 2047,2947 2124,2947 2159,2917 2818,2913 2826,2905 2895,2905 2914,2920 2959,2920 2959,2993 2951,3001 2782,3005 2750,3032 2730,3031 2710,3015 2427,3016 2387,3056 2351,3056 2327,3051 2307,3031 2169,3024 2111,3036 2076,3071 1947,3063 1919,3079 1807,3079 1767,3051 1703,3051 1695,3043 1547,3044 1531,3056 1447,3052 1431,3068 1308,3064 1292,3079 1220,3079 1197,3060 1159,3060 1136,3064 1088,3110 1066,3090 1037,3114 1019,3119 976,3119 960,3106 886,3102"/>
        <Baseline points="921,3062 971,3061 1021,3058 1071,3055 1121,3054 1171,3052 1221,3050 1271,3048 1321,3046 1371,3045 1421,3043 1471,3041 1521,3039 1571,3036 1621,3033 1671,3032 1721,3033 1771,3032 1821,3030 1871,3028 1921,3026 1971,3024 2021,3022 2071,3020 2121,3018 2171,3017 2221,3014 2271,3013 2321,3013 2371,3011 2421,3009 2471,3008 2521,3007 2571,3005 2621,3005 2671,3003 2721,3003 2771,3000 2821,2992 2871,2985 2921,2977 2925,2975"/>
        <Word id="word_37574964-8ccb-484f-835b-f20bc78e7118">
          <Coords points="920,3027 970,3026 1019,3023 1069,3020 1114,3019 1115,3064 1072,3065 1022,3068 971,3071 921,3072"/>
          <TextEquiv>
            <Unicode>cipale</Unicode>
          </TextEquiv>
        </Word>
        <Word id="word_46dbdc83-63ce-4f9f-b2a7-4f23dd5a2514">
          <Coords points="1145,3019 1169,3017 1220,3015 1270,3013 1320,3011 1341,3011 1342,3056 1321,3056 1271,3058 1221,3060 1172,3062 1148,3063"/>
          <TextEquiv>
            <Unicode>bekent</Unicode>
          </TextEquiv>
        </Word>
        <Word id="word_fedb6563-cd8c-47f8-9d4f-8756da252f25">
          <Coords points="1373,3010 1420,3008 1470,3006 1520,3004 1569,3001 1619,2998 1664,2997 1665,3042 1622,3043 1572,3046 1521,3049 1471,3051 1421,3053 1374,3055"/>
          <TextEquiv>
            <Unicode>gewerden,</Unicode>
          </TextEquiv>
        </Word>
        <Word id="word_2c565ff9-53de-4379-911e-6946db8892d6">
          <Coords points="1700,2997 1723,2998 1770,2997 1820,2995 1825,2995 1827,3040 1821,3040 1771,3042 1720,3043 1697,3041"/>
          <TextEquiv>
            <Unicode>ende</Unicode>
          </TextEquiv>
        </Word>
        <Word id="word_e60e8e54-a8bc-4baf-81ce-91dc3604271f">
          <Coords points="1858,2993 1870,2993 1920,2991 1955,2990 1957,3035 1921,3036 1871,3038 1860,3038"/>
          <TextEquiv>
            <Unicode>wij</Unicode>
          </TextEquiv>
        </Word>
        <Word id="word_41495f28-db0e-4207-a50f-513618b19315">
          <Coords points="1987,2988 2020,2987 2070,2985 2084,2984 2086,3029 2071,3030 2021,3032 1989,3033"/>
          <TextEquiv>
            <Unicode>tot</Unicode>
          </TextEquiv>
        </Word>
        <Word id="word_d549a4f9-ec58-40dd-b28c-dded12825b5b">
          <Coords points="2117,2983 2120,2983 2170,2982 2219,2979 2270,2978 2321,2978 2343,2977 2345,3022 2321,3023 2271,3023 2222,3024 2171,3027 2121,3028 2118,3028"/>
          <TextEquiv>
            <Unicode>verdere</Unicode>
          </TextEquiv>
        </Word>
        <Word id="word_6d40ae3f-2329-4992-a26d-c90061b6a84d">
          <Coords points="2376,2976 2420,2974 2470,2973 2520,2972 2570,2970 2621,2970 2667,2968 2669,3013 2621,3015 2571,3015 2521,3017 2471,3018 2421,3019 2377,3021"/>
          <TextEquiv>
            <Unicode>enquesten</Unicode>
          </TextEquiv>
        </Word>
        <Word id="word_fee3cf78-4562-481a-8335-5a05f0ab578e">
          <Coords points="2703,2967 2723,2968 2769,2965 2815,2957 2866,2950 2909,2944 2915,2942 2929,2984 2923,2987 2872,2995 2823,3002 2772,3010 2720,3013 2700,3012"/>
          <TextEquiv>
            <Unicode>daarl=j</Unicode>
          </TextEquiv>
        </Word>
        <TextEquiv conf="0.898635158651209">
          <Unicode>cipale bekent gewerden, ende wij tot verdere enquesten daarl=j</Unicode>
        </TextEquiv>
        <TextStyle xHeight="40"/>
      </TextLine>
      <TextLine id="line_949adf5c-7a27-4bb1-a47b-256be245a134">
        <Coords points="898,3103 956,3103 972,3118 1018,3119 1037,3114 1067,3091 1108,3122 1140,3122 1184,3139 1208,3119 1228,3115 1264,3080 1292,3080 1316,3063 1432,3068 1448,3052 1676,3043 1768,3055 1808,3080 1920,3080 1948,3063 2076,3072 2112,3037 2140,3025 2308,3032 2328,3051 2384,3056 2424,3020 2716,3020 2736,3036 2927,3043 2960,3047 2984,3071 3017,3069 3016,3144 3004,3134 2992,3141 2632,3140 2623,3149 2599,3151 2585,3137 2544,3137 2488,3141 2460,3165 2388,3164 2370,3148 2292,3148 2272,3165 2216,3152 2168,3152 2127,3189 2072,3193 2035,3192 1994,3156 1972,3157 1960,3169 1929,3153 1884,3153 1852,3185 1792,3185 1777,3200 1712,3164 1592,3164 1574,3173 1524,3173 1482,3209 1252,3204 1232,3184 1028,3184 898,3193"/>
        <Baseline points="933,3173 983,3172 1033,3169 1083,3167 1133,3164 1183,3162 1233,3160 1283,3158 1333,3156 1383,3154 1433,3152 1483,3150 1533,3149 1583,3147 1633,3144 1683,3143 1733,3142 1783,3141 1833,3139 1883,3138 1933,3136 1983,3134 2033,3133 2083,3132 2133,3132 2183,3133 2233,3132 2283,3131 2333,3129 2383,3127 2433,3126 2483,3123 2533,3122 2583,3121 2633,3122 2683,3120 2733,3119 2783,3119 2833,3119 2883,3119 2933,3120 2983,3125"/>
        <Word id="word_19766f88-338a-42d7-b9fa-57a6706230ae">
          <Coords points="932,3138 982,3137 1031,3134 1082,3132 1117,3130 1120,3175 1083,3177 1034,3179 983,3182 933,3183"/>
          <TextEquiv>
            <Unicode>doende</Unicode>
          </TextEquiv>
        </Word>
        <Word id="word_4887a331-adfe-45ed-9be5-1e3ffdcb9206">
          <Coords points="1149,3128 1182,3127 1232,3125 1282,3123 1304,3122 1306,3167 1283,3168 1233,3170 1183,3172 1151,3173"/>
          <TextEquiv>
            <Unicode>zijn,</Unicode>
          </TextEquiv>
        </Word>
        <Word id="word_e2c340ab-24ff-43d5-b626-4ec1b6a4df30">
          <Coords points="1335,3121 1382,3119 1428,3117 1430,3162 1383,3164 1337,3166"/>
          <TextEquiv>
            <Unicode>ten</Unicode>
          </TextEquiv>
        </Word>
        <Word id="word_3c0e79ab-0f79-41e7-8923-34055a9c1a7f">
          <Coords points="1459,3116 1482,3115 1532,3114 1582,3112 1631,3109 1682,3108 1709,3107 1710,3152 1683,3153 1634,3154 1583,3157 1533,3159 1483,3160 1461,3161"/>
          <TextEquiv>
            <Unicode>anderen,</Unicode>
          </TextEquiv>
        </Word>
        <Word id="word_2b799197-4361-4758-8678-46bc29955ff4">
          <Coords points="1740,3107 1782,3106 1801,3105 1803,3150 1783,3151 1741,3152"/>
          <TextEquiv>
            <Unicode>d'</Unicode>
          </TextEquiv>
        </Word>
        <Word id="word_b01bcb03-a438-42e7-ad2d-2e608fe6fc22">
          <Coords points="1833,3104 1882,3103 1932,3101 1956,3100 1958,3145 1933,3146 1883,3148 1834,3149"/>
          <TextEquiv>
            <Unicode>mede</Unicode>
          </TextEquiv>
        </Word>
        <Word id="word_b9d0559e-698b-43a9-bdaf-c571417de084">
          <Coords points="1988,3099 2032,3098 2082,3097 2133,3097 2184,3098 2206,3098 2207,3143 2183,3143 2133,3142 2083,3142 2033,3143 1989,3144"/>
          <TextEquiv>
            <Unicode>gegeven</Unicode>
          </TextEquiv>
        </Word>
        <Word id="word_68d1a554-a046-4d5f-957e-aedcb3810722">
          <Coords points="2237,3097 2282,3096 2332,3094 2382,3092 2432,3091 2481,3088 2532,3087 2582,3086 2634,3087 2682,3085 2703,3085 2704,3130 2683,3130 2633,3132 2583,3131 2533,3132 2484,3133 2433,3136 2383,3137 2333,3139 2283,3141 2238,3142"/>
          <TextEquiv>
            <Unicode>Coopmanschapper</Unicode>
          </TextEquiv>
        </Word>
        <Word id="word_859b6efb-a822-4890-bc28-72ac2b3ebf81">
          <Coords points="2735,3084 2783,3084 2833,3084 2859,3084 2859,3129 2833,3129 2783,3129 2735,3129"/>
          <TextEquiv>
            <Unicode>door</Unicode>
          </TextEquiv>
        </Word>
        <Word id="word_879337a1-a562-4d1c-8976-86f558b879ad">
          <Coords points="2891,3084 2934,3085 2986,3090 2982,3135 2933,3130 2890,3129"/>
          <TextEquiv>
            <Unicode>ons</Unicode>
          </TextEquiv>
        </Word>
        <TextEquiv conf="0.9233064599629113">
          <Unicode>doende zijn, ten anderen, d' mede gegeven Coopmanschapper door ons</Unicode>
        </TextEquiv>
        <TextStyle xHeight="43"/>
      </TextLine>
      <TextLine id="line_1b524f66-9b41-49ee-bd6c-262c0b1b67bc">
        <Coords points="2366,3198 2382,3182 2400,3185 2447,3138 2551,3130 2598,3130 2606,3138 2618,3130 2646,3138 2654,3130 2671,3130 2683,3117 2683,3189 2650,3194 2639,3205 2629,3198 2613,3213 2572,3190 2556,3202 2526,3198 2515,3209 2492,3198 2387,3203 2381,3209 2366,3202"/>
        <Baseline points="2401,3197 2451,3191 2501,3188 2551,3184 2601,3179 2649,3172"/>
        <Word id="word_c3e5d0a7-4f1b-4f31-93a1-f61524e64d8b">
          <Coords points="2397,3162 2447,3156 2499,3153 2548,3149 2598,3144 2644,3137 2650,3182 2602,3189 2552,3194 2502,3198 2452,3201 2402,3207"/>
          <TextEquiv>
            <Unicode>cunnen</Unicode>
          </TextEquiv>
        </Word>
        <TextEquiv conf="0.6857954456390015">
          <Unicode>cunnen</Unicode>
        </TextEquiv>
        <TextStyle xHeight="22"/>
      </TextLine>
      <TextLine id="e2cf8eb5-4d34-46f8-913a-c0f96577bbe3">
        <Coords points="894,3195 1060,3195 1080,3183 1228,3182 1240,3191 1352,3191 1388,3163 1548,3155 1624,3163 1640,3151 1929,3151 1955,3171 1989,3166 2032,3195 2124,3194 2168,3151 2241,3151 2256,3163 2316,3166 2340,3190 2355,3190 2380,3207 2493,3199 2516,3209 2532,3195 2559,3202 2573,3191 2623,3218 2684,3167 2860,3166 2868,3174 2912,3174 2920,3182 2980,3182 3004,3203 3057,3171 3057,3244 3028,3244 3015,3236 3004,3244 2892,3244 2868,3264 2568,3264 2556,3276 2484,3276 2460,3259 2320,3259 2296,3272 2164,3272 2121,3256 2024,3256 1992,3268 1884,3264 1837,3307 1800,3275 1748,3276 1730,3264 1721,3273 1448,3272 1415,3304 1392,3312 1379,3312 1341,3276 1308,3276 1293,3291 1220,3287 1200,3300 1096,3304 1079,3291 1044,3288 1032,3300 1012,3304 894,3308"/>
        <Baseline points="929,3284 979,3282 1029,3280 1079,3278 1129,3276 1179,3274 1229,3270 1279,3267 1329,3264 1379,3263 1429,3261 1479,3258 1529,3256 1579,3254 1629,3254 1679,3251 1729,3250 1779,3251 1829,3250 1879,3248 1929,3246 1979,3244 2029,3241 2079,3239 2129,3239 2179,3239 2229,3237 2279,3237 2329,3235 2379,3233 2429,3234 2479,3235 2529,3233 2579,3231 2629,3228 2679,3227 2729,3228 2779,3228 2829,3228 2879,3227 2929,3226 2979,3226 3023,3227"/>
        <Word id="word_b14d101a-0417-4ed7-b7d8-df4aa5f7ab9f">
          <Coords points="928,3249 978,3247 1028,3245 1078,3243 1115,3242 1117,3286 1079,3288 1029,3290 979,3292 929,3294"/>
          <TextEquiv>
            <Unicode>metter</Unicode>
          </TextEquiv>
        </Word>
        <Word id="word_6730753a-3d1b-4866-89b4-cce830b80bc2">
          <Coords points="1146,3240 1178,3239 1226,3235 1271,3232 1273,3277 1230,3280 1179,3284 1148,3285"/>
          <TextEquiv>
            <Unicode>tijt</Unicode>
          </TextEquiv>
        </Word>
        <Word id="word_e3903412-535c-46ce-9fd4-dad0b69c24e6">
          <Coords points="1302,3231 1327,3229 1378,3228 1428,3226 1477,3223 1528,3221 1578,3219 1616,3219 1616,3264 1579,3264 1529,3266 1480,3268 1429,3271 1379,3273 1330,3274 1304,3275"/>
          <TextEquiv>
            <Unicode>verhandelt</Unicode>
          </TextEquiv>
        </Word>
        <Word id="word_fa575f93-cca8-406d-8d00-78a10eda25c7">
          <Coords points="1644,3219 1676,3216 1728,3215 1773,3216 1772,3261 1729,3260 1680,3261 1649,3264"/>
          <TextEquiv>
            <Unicode>ende</Unicode>
          </TextEquiv>
        </Word>
        <Word id="word_36b164a3-2ddd-4eb9-acc7-f3679f728999">
          <Coords points="1802,3217 1827,3215 1878,3213 1928,3211 1978,3209 2027,3206 2078,3204 2129,3204 2179,3204 2228,3202 2241,3202 2241,3247 2229,3247 2179,3249 2129,3249 2079,3249 2030,3251 1979,3254 1929,3256 1879,3258 1830,3260 1804,3261"/>
          <TextEquiv>
            <Unicode>gebeneficieert</Unicode>
          </TextEquiv>
        </Word>
        <Word id="word_4b5c37a8-f689-45c0-a901-08b5dff29119">
          <Coords points="2273,3202 2279,3202 2328,3200 2378,3198 2430,3199 2461,3200 2460,3245 2429,3244 2379,3243 2329,3245 2279,3247 2273,3247"/>
          <TextEquiv>
            <Unicode>sullen</Unicode>
          </TextEquiv>
        </Word>
        <Word id="word_81baf71d-8058-44a9-9522-0d995158c978">
          <Coords points="2489,3200 2527,3198 2578,3196 2627,3193 2678,3192 2711,3193 2710,3238 2679,3237 2630,3238 2579,3241 2530,3243 2492,3245"/>
          <TextEquiv>
            <Unicode>werden,</Unicode>
          </TextEquiv>
        </Word>
        <Word id="word_c7a1e833-df0e-4e48-aa21-9b248e340cd9">
          <Coords points="2741,3193 2779,3193 2829,3193 2878,3192 2928,3191 2979,3191 3024,3192 3023,3237 2979,3236 2929,3236 2879,3237 2829,3238 2779,3238 2741,3238"/>
          <TextEquiv>
            <Unicode>versuijmt</Unicode>
          </TextEquiv>
        </Word>
        <TextEquiv conf="0.909977007143251">
          <Unicode>metter tijt verhandelt ende gebeneficieert sullen werden, versuijmt</Unicode>
        </TextEquiv>
        <TextStyle xHeight="38"/>
      </TextLine>
      <TextLine id="line_590c8346-4ccd-4873-9004-ecad62c7d204">
        <Coords points="893,3310 1007,3306 1055,3293 1081,3293 1095,3305 1131,3306 1143,3298 1203,3298 1219,3289 1296,3289 1323,3314 1371,3306 1387,3314 1443,3270 1499,3269 1507,3277 1607,3282 1683,3274 1714,3258 1733,3266 1970,3258 1990,3250 2118,3253 2158,3270 2279,3267 2286,3273 2310,3262 2466,3261 2482,3277 2614,3277 2622,3285 2959,3285 2959,3357 2570,3357 2558,3366 2534,3366 2498,3386 2478,3385 2457,3365 2070,3366 2046,3378 1919,3382 1908,3374 1791,3374 1655,3378 1643,3386 1567,3382 1559,3390 1511,3382 1503,3390 1447,3398 1400,3432 1380,3417 1347,3417 1335,3405 1313,3421 1207,3421 1191,3409 1171,3409 1160,3398 1131,3398 1087,3433 1047,3405 893,3406"/>
        <Baseline points="928,3397 978,3396 1028,3394 1078,3393 1128,3390 1178,3386 1228,3384 1278,3383 1328,3379 1378,3376 1428,3373 1478,3370 1528,3369 1578,3368 1628,3367 1678,3365 1728,3364 1778,3366 1828,3365 1878,3364 1928,3362 1978,3359 2028,3357 2078,3356 2128,3356 2178,3354 2228,3351 2278,3349 2328,3349 2378,3347 2428,3345 2478,3344 2528,3344 2578,3343 2628,3343 2678,3343 2728,3343 2778,3344 2828,3342 2878,3340 2925,3340"/>
        <Word id="word_95d583b2-a707-418a-a4f2-75937c4f4473">
          <Coords points="927,3362 977,3361 1019,3359 1021,3404 978,3406 928,3407"/>
          <TextEquiv>
            <Unicode>sal</Unicode>
          </TextEquiv>
        </Word>
        <Word id="word_47d40951-b822-4d89-aa4f-cc2b8bf83389">
          <Coords points="1051,3358 1078,3358 1126,3355 1175,3351 1203,3350 1205,3395 1179,3396 1129,3400 1078,3403 1051,3403"/>
          <TextEquiv>
            <Unicode>zijn,</Unicode>
          </TextEquiv>
        </Word>
        <Word id="word_418b5e80-7225-4a3d-9dbc-3e7b6f52eaf3">
          <Coords points="1235,3349 1277,3348 1325,3344 1376,3341 1426,3338 1476,3335 1527,3334 1541,3334 1542,3379 1528,3379 1479,3380 1429,3383 1379,3386 1329,3389 1278,3393 1235,3394"/>
          <TextEquiv>
            <Unicode>dienvolgen</Unicode>
          </TextEquiv>
        </Word>
        <Word id="word_e1728564-dbd0-47fe-b12e-3781ce8a221d">
          <Coords points="1572,3333 1577,3333 1627,3332 1677,3330 1727,3329 1779,3331 1818,3330 1819,3375 1778,3376 1728,3374 1678,3375 1628,3377 1578,3378 1573,3378"/>
          <TextEquiv>
            <Unicode>geseijde</Unicode>
          </TextEquiv>
        </Word>
        <Word id="word_b1913fce-078a-4707-85f3-df65f11a4123">
          <Coords points="1849,3330 1877,3329 1927,3327 1976,3324 2027,3322 2077,3321 2126,3321 2126,3366 2078,3366 2028,3367 1979,3369 1928,3372 1878,3374 1850,3375"/>
          <TextEquiv>
            <Unicode>Coopmans.</Unicode>
          </TextEquiv>
        </Word>
        <Word id="word_beac263a-74a4-42c9-b030-819454aa045d">
          <Coords points="2153,3321 2175,3319 2226,3316 2277,3314 2328,3314 2377,3312 2401,3311 2403,3356 2378,3357 2328,3359 2278,3359 2229,3361 2179,3364 2158,3366"/>
          <TextEquiv>
            <Unicode>behouden</Unicode>
          </TextEquiv>
        </Word>
        <Word id="word_48531f02-7f69-4b58-a959-b118fc27f595">
          <Coords points="2432,3310 2477,3309 2528,3309 2555,3308 2556,3353 2528,3354 2478,3354 2433,3355"/>
          <TextEquiv>
            <Unicode>ende</Unicode>
          </TextEquiv>
        </Word>
        <Word id="word_1490579a-b526-4afc-afcf-f8a8f199c379">
          <Coords points="2587,3308 2628,3308 2678,3308 2710,3308 2710,3353 2678,3353 2628,3353 2587,3353"/>
          <TextEquiv>
            <Unicode>daer</Unicode>
          </TextEquiv>
        </Word>
        <Word id="word_da89ab65-7d0b-4582-8d02-ab68b15c0139">
          <Coords points="2741,3308 2779,3309 2827,3307 2877,3305 2925,3305 2925,3350 2878,3350 2828,3352 2778,3354 2740,3353"/>
          <TextEquiv>
            <Unicode>vooren</Unicode>
          </TextEquiv>
        </Word>
        <TextEquiv conf="0.9147872698883827">
          <Unicode>sal zijn, dienvolgen geseijde Coopmans. behouden ende daer vooren</Unicode>
        </TextEquiv>
        <TextStyle xHeight="38"/>
      </TextLine>
      <TextLine id="d28406fa-b1b5-4119-a212-f720717e7bf2">
        <Coords points="870,3410 1044,3405 1077,3433 1088,3434 1132,3398 1157,3398 1172,3409 1196,3409 1212,3422 1314,3421 1323,3413 1379,3417 1397,3433 1463,3378 1517,3378 1536,3390 1560,3390 1572,3381 1708,3374 1888,3378 1895,3385 1903,3377 1938,3385 1957,3374 1973,3381 2075,3386 2127,3382 2148,3362 2201,3362 2216,3370 2456,3365 2484,3386 2500,3386 2532,3369 2876,3373 2892,3386 2981,3385 2981,3457 2792,3454 2756,3482 2736,3486 2384,3478 2344,3469 2245,3477 2148,3474 1936,3486 1919,3497 1772,3501 1761,3493 1728,3493 1715,3501 1636,3497 1628,3505 1396,3505 1355,3511 1328,3529 1308,3529 1268,3569 1249,3576 1227,3560 1212,3564 1200,3552 1144,3552 1124,3532 1080,3533 1064,3548 1056,3541 1020,3566 870,3560"/>
        <Baseline points="905,3524 955,3519 1005,3514 1055,3512 1105,3510 1155,3507 1205,3501 1255,3498 1305,3498 1355,3495 1405,3490 1455,3488 1505,3486 1555,3484 1605,3481 1655,3479 1705,3477 1755,3474 1805,3472 1855,3470 1905,3469 1955,3466 2005,3462 2055,3461 2105,3461 2155,3460 2205,3458 2255,3455 2305,3454 2355,3454 2405,3454 2455,3454 2505,3452 2555,3451 2605,3450 2655,3449 2705,3447 2755,3446 2805,3445 2855,3443 2905,3442 2947,3440"/>
        <Word id="word_29e5c036-ceca-40e5-83ab-7835e0f4eb71">
          <Coords points="902,3489 952,3484 974,3482 979,3527 956,3529 906,3534"/>
          <TextEquiv>
            <Unicode>'t</Unicode>
          </TextEquiv>
        </Word>
        <Word id="word_6160f212-8526-495a-9e6c-e6be6687398b">
          <Coords points="1013,3478 1054,3477 1104,3475 1153,3472 1201,3466 1253,3463 1303,3463 1305,3463 1306,3508 1305,3508 1256,3508 1206,3511 1156,3517 1105,3520 1055,3522 1014,3523"/>
          <TextEquiv>
            <Unicode>Comptoir</Unicode>
          </TextEquiv>
        </Word>
        <Word id="word_3f9d7a11-ab4b-4c53-9881-9b842b5de9da">
          <Coords points="1340,3461 1353,3460 1402,3455 1454,3453 1504,3451 1554,3449 1558,3449 1561,3494 1555,3494 1505,3496 1455,3498 1406,3500 1356,3505 1343,3506"/>
          <TextEquiv>
            <Unicode>Genrl.</Unicode>
          </TextEquiv>
        </Word>
        <Word id="word_072f6692-209d-4414-850e-9fcb70d1e979">
          <Coords points="1595,3447 1603,3446 1654,3444 1704,3442 1704,3442 1707,3487 1705,3487 1655,3489 1606,3491 1598,3491"/>
          <TextEquiv>
            <Unicode>van</Unicode>
          </TextEquiv>
        </Word>
        <Word id="word_ca59e366-57a1-4080-9362-006bd7bd813f">
          <Coords points="1741,3440 1753,3439 1804,3437 1854,3435 1904,3434 1923,3433 1926,3478 1905,3479 1855,3480 1805,3482 1756,3484 1743,3485"/>
          <TextEquiv>
            <Unicode>India</Unicode>
          </TextEquiv>
        </Word>
        <Word id="word_435a7452-28c3-4fec-9028-fc2a50392488">
          <Coords points="1959,3431 2002,3427 2054,3426 2071,3426 2071,3471 2055,3471 2006,3472 1963,3476"/>
          <TextEquiv>
            <Unicode>ter</Unicode>
          </TextEquiv>
        </Word>
        <Word id="word_0deeb6a4-f04d-4e54-8436-c7a4ad922bc1">
          <Coords points="2107,3426 2154,3425 2204,3423 2253,3420 2289,3419 2290,3464 2256,3465 2205,3468 2155,3470 2108,3471"/>
          <TextEquiv>
            <Unicode>Somme</Unicode>
          </TextEquiv>
        </Word>
        <Word id="word_ca6b056a-4c4c-461e-a517-f2af8c6811e3">
          <Coords points="2327,3419 2356,3419 2405,3419 2436,3419 2436,3464 2405,3464 2355,3464 2326,3464"/>
          <TextEquiv>
            <Unicode>van</Unicode>
          </TextEquiv>
        </Word>
        <Word id="word_bca01563-a513-4eb4-8d1a-75b99d94d4c9">
          <Coords points="2470,3419 2503,3417 2508,3417 2509,3462 2506,3462 2473,3464"/>
          <TextEquiv>
            <Unicode>f</Unicode>
          </TextEquiv>
        </Word>
        <Word id="word_e1ff07b3-dcf1-4820-9464-e6f2349813cd">
          <Coords points="2545,3416 2554,3416 2604,3415 2654,3414 2704,3412 2754,3411 2804,3410 2854,3408 2904,3407 2945,3405 2947,3450 2905,3452 2855,3453 2805,3455 2755,3456 2705,3457 2655,3459 2605,3460 2555,3461 2546,3461"/>
          <TextEquiv>
            <Unicode>26065„19„1.</Unicode>
          </TextEquiv>
        </Word>
        <TextEquiv conf="0.8318513124719163">
          <Unicode>'t Comptoir Genrl. van India ter Somme van f 26065„19„1.</Unicode>
        </TextEquiv>
        <TextStyle xHeight="45"/>
      </TextLine>
      <TextLine id="dc525a99-3ab7-468c-b772-07f645eef440">
        <Coords points="886,3562 1016,3561 1044,3535 1116,3534 1140,3550 1220,3550 1247,3567 1268,3567 1304,3531 1339,3527 1384,3499 1632,3495 1647,3502 1712,3502 1743,3484 1771,3480 2031,3468 2244,3467 2255,3476 2319,3476 2343,3467 2379,3476 2478,3475 2487,3484 2750,3484 2794,3452 2832,3452 2874,3491 3039,3500 3035,3575 3014,3559 2798,3564 2758,3603 2745,3607 2729,3598 2623,3591 2609,3603 2447,3598 2431,3582 2391,3576 2327,3580 2285,3611 2247,3610 2231,3594 2202,3589 2183,3599 2171,3592 1895,3595 1882,3607 1663,3599 1631,3607 1583,3646 1507,3646 1491,3641 1452,3607 1412,3607 1388,3611 1360,3639 1132,3642 1120,3650 886,3650"/>
        <Baseline points="921,3621 971,3617 1021,3615 1071,3615 1121,3615 1171,3613 1221,3610 1271,3606 1321,3602 1371,3599 1421,3596 1471,3594 1521,3593 1571,3590 1621,3588 1671,3586 1721,3584 1771,3583 1821,3581 1871,3578 1921,3575 1971,3575 2021,3572 2071,3569 2121,3567 2171,3567 2221,3565 2271,3565 2321,3564 2371,3564 2421,3562 2471,3561 2521,3558 2571,3556 2621,3555 2671,3554 2721,3554 2771,3555 2821,3555 2871,3556 2921,3557 2971,3557 3005,3555"/>
        <Word id="word_ff97cf83-065d-49c7-8974-d442ded301fe">
          <Coords points="918,3586 968,3582 1020,3580 1071,3580 1121,3580 1122,3580 1124,3625 1121,3625 1071,3625 1021,3625 972,3627 922,3631"/>
          <TextEquiv>
            <Unicode>bestaen</Unicode>
          </TextEquiv>
        </Word>
        <Word id="word_689f9a1b-a79d-4c91-87fc-f7586c4301a5">
          <Coords points="1151,3579 1170,3578 1219,3575 1265,3571 1269,3616 1222,3620 1171,3623 1153,3624"/>
          <TextEquiv>
            <Unicode>uijt</Unicode>
          </TextEquiv>
        </Word>
        <Word id="word_ba8d139c-6297-42d5-9143-b18639436c06">
          <Coords points="1294,3569 1318,3567 1369,3564 1419,3561 1440,3560 1442,3605 1422,3606 1372,3609 1322,3612 1298,3614"/>
          <TextEquiv>
            <Unicode>sulcx</Unicode>
          </TextEquiv>
        </Word>
        <Word id="word_f9be006d-24f6-46b0-a467-6fe620b63f5b">
          <Coords points="1469,3559 1470,3559 1520,3558 1555,3556 1558,3601 1521,3603 1471,3604 1471,3604"/>
          <TextEquiv>
            <Unicode>als</Unicode>
          </TextEquiv>
        </Word>
        <Word id="word_456492df-ec2c-4a5d-b72c-8efe50f3d08c">
          <Coords points="1585,3554 1620,3553 1643,3552 1645,3597 1621,3598 1587,3599"/>
          <TextEquiv>
            <Unicode>v:</Unicode>
          </TextEquiv>
        </Word>
        <Word id="word_52919143-c646-428e-adb4-a648e8bfd3e4">
          <Coords points="1672,3551 1720,3549 1759,3548 1760,3593 1721,3594 1674,3596"/>
          <TextEquiv>
            <Unicode>Ed:</Unicode>
          </TextEquiv>
        </Word>
        <Word id="word_933046fb-a094-441a-8b89-c6a665834aa9">
          <Coords points="1787,3548 1819,3546 1869,3543 1874,3543 1876,3588 1872,3588 1822,3591 1790,3593"/>
          <TextEquiv>
            <Unicode>bij</Unicode>
          </TextEquiv>
        </Word>
        <Word id="word_deb359b1-1115-4f1d-929f-671937ace164">
          <Coords points="1903,3541 1919,3540 1963,3540 1963,3585 1922,3585 1905,3586"/>
          <TextEquiv>
            <Unicode>d'</Unicode>
          </TextEquiv>
        </Word>
        <Word id="word_e8864f1b-b771-4933-8497-f9b5355acac2">
          <Coords points="1988,3540 2017,3537 2069,3534 2120,3532 2171,3532 2220,3530 2271,3530 2280,3530 2281,3575 2271,3575 2221,3575 2171,3577 2121,3577 2072,3579 2022,3582 1993,3585"/>
          <TextEquiv>
            <Unicode>Ingeheijde</Unicode>
          </TextEquiv>
        </Word>
        <Word id="word_a797436f-ef59-4af3-b9d2-b51244dd1646">
          <Coords points="2309,3529 2320,3529 2371,3529 2420,3527 2470,3526 2519,3523 2540,3522 2542,3567 2522,3568 2471,3571 2421,3572 2371,3574 2321,3574 2310,3574"/>
          <TextEquiv>
            <Unicode>memorie,</Unicode>
          </TextEquiv>
        </Word>
        <Word id="word_786a0291-673e-4b68-b84c-4687223b6ff6">
          <Coords points="2569,3521 2570,3521 2620,3520 2670,3519 2721,3519 2745,3519 2744,3564 2721,3564 2671,3564 2621,3565 2571,3566 2571,3566"/>
          <TextEquiv>
            <Unicode>sullen</Unicode>
          </TextEquiv>
        </Word>
        <Word id="word_c0f8e962-57b8-4722-b4cc-aba42a34ba78">
          <Coords points="2773,3520 2821,3520 2872,3521 2922,3522 2971,3522 3003,3520 3006,3565 2971,3567 2921,3567 2871,3566 2821,3565 2773,3565"/>
          <TextEquiv>
            <Unicode>gelieven</Unicode>
          </TextEquiv>
        </Word>
        <TextEquiv conf="0.8850843754029607">
          <Unicode>bestaen uijt sulcx als v: Ed: bij d' Ingeheijde memorie, sullen gelieven</Unicode>
        </TextEquiv>
        <TextStyle xHeight="42"/>
      </TextLine>
      <TextLine id="line_591236b3-1563-412d-8f40-8878550681f5">
        <Coords points="880,3644 1245,3644 1297,3640 1313,3628 1343,3624 1360,3608 1449,3607 1493,3643 1573,3648 1597,3640 1649,3596 1884,3604 1896,3596 2056,3596 2077,3592 2088,3581 2164,3581 2188,3573 2312,3581 2416,3576 2432,3580 2452,3599 2543,3599 2579,3616 2618,3608 2630,3596 2650,3607 2667,3595 2733,3595 2746,3607 2840,3609 2840,3681 2791,3673 2783,3681 2615,3689 2180,3685 2148,3689 2121,3712 2111,3704 2064,3704 2028,3693 2005,3700 1998,3693 1960,3693 1941,3708 1898,3697 1890,3705 1693,3709 1670,3732 1651,3716 1549,3708 1401,3721 1377,3717 1349,3741 1233,3741 1217,3757 1186,3761 1126,3752 1106,3736 1074,3737 1058,3753 880,3757"/>
        <Baseline points="915,3723 965,3725 1015,3724 1065,3721 1115,3719 1165,3717 1215,3715 1265,3712 1315,3710 1365,3708 1415,3706 1465,3704 1515,3701 1565,3697 1615,3696 1665,3695 1715,3689 1765,3687 1815,3684 1865,3682 1915,3682 1965,3680 2015,3679 2065,3678 2115,3678 2165,3676 2215,3673 2265,3670 2315,3669 2365,3669 2415,3669 2465,3668 2515,3667 2565,3666 2615,3665 2665,3664 2715,3663 2767,3664 2806,3664"/>
        <Word id="word_10cbc9bd-cf13-4746-95ad-632c05d573e7">
          <Coords points="916,3688 966,3690 984,3690 985,3735 965,3735 915,3733"/>
          <TextEquiv>
            <Unicode>te</Unicode>
          </TextEquiv>
        </Word>
        <Word id="word_7ac2e3c0-702b-4355-a384-401de3037304">
          <Coords points="1018,3689 1063,3686 1114,3684 1164,3682 1214,3680 1263,3677 1314,3675 1334,3674 1336,3719 1315,3720 1266,3722 1215,3725 1165,3727 1115,3729 1066,3731 1021,3734"/>
          <TextEquiv>
            <Unicode>beooghen,</Unicode>
          </TextEquiv>
        </Word>
        <Word id="word_fbd395bd-67b9-4bde-b01b-af8bd13e9ff3">
          <Coords points="1369,3673 1414,3671 1464,3669 1513,3666 1562,3662 1614,3661 1664,3660 1711,3654 1764,3652 1788,3651 1791,3695 1765,3697 1716,3699 1665,3705 1615,3706 1566,3707 1516,3711 1465,3714 1415,3716 1371,3718"/>
          <TextEquiv>
            <Unicode>gecrediteert</Unicode>
          </TextEquiv>
        </Word>
        <Word id="word_2623c63a-1bc1-4c7a-b9fd-3bf464095ea4">
          <Coords points="1824,3648 1864,3647 1915,3647 1964,3645 2014,3644 2064,3643 2070,3643 2070,3688 2065,3688 2015,3689 1965,3690 1915,3692 1865,3692 1825,3693"/>
          <TextEquiv>
            <Unicode>hebben,</Unicode>
          </TextEquiv>
        </Word>
        <Word id="word_0fa91b2e-f5c7-42fc-970c-50cbfcbf7c0b">
          <Coords points="2105,3643 2115,3643 2164,3641 2213,3638 2263,3635 2314,3634 2365,3634 2415,3634 2464,3633 2514,3632 2525,3632 2526,3677 2515,3677 2465,3678 2415,3679 2365,3679 2315,3679 2266,3680 2216,3683 2165,3686 2115,3688 2105,3688"/>
          <TextEquiv>
            <Unicode>meergenoemde</Unicode>
          </TextEquiv>
        </Word>
        <Word id="word_42826366-a779-4f0f-8283-aa3e2cbec00b">
          <Coords points="2560,3631 2564,3631 2614,3630 2630,3630 2631,3675 2615,3675 2565,3676 2561,3676"/>
          <TextEquiv>
            <Unicode>d:</Unicode>
          </TextEquiv>
        </Word>
        <Word id="word_1f59467c-a8f7-4f5c-98fa-a82d1adf2676">
          <Coords points="2665,3629 2714,3628 2768,3629 2806,3629 2806,3674 2767,3674 2715,3673 2666,3674"/>
          <TextEquiv>
            <Unicode>Wols</Unicode>
          </TextEquiv>
        </Word>
        <TextEquiv conf="0.940002805822047">
          <Unicode>te beooghen, gecrediteert hebben, meergenoemde d: Wols</Unicode>
        </TextEquiv>
        <TextStyle xHeight="38"/>
      </TextLine>
      <TextLine id="line_27845dcc-62f2-41a4-8276-6eb66a2d2cdd">
        <Coords points="2844,3590 2917,3590 2945,3615 2971,3615 2978,3608 2978,3679 2844,3684"/>
        <Baseline points="2879,3664 2929,3662 2944,3662"/>
        <Word id="word_2ef78209-e66d-4a19-9ce6-01082fc33a41">
          <Coords points="2878,3629 2928,3627 2944,3627 2944,3672 2929,3672 2879,3674"/>
          <TextEquiv>
            <Unicode>ƒ</Unicode>
          </TextEquiv>
        </Word>
        <TextEquiv conf="0.29202979803085327">
          <Unicode>ƒ</Unicode>
        </TextEquiv>
        <TextStyle xHeight="33"/>
      </TextLine>
      <TextLine id="c9727a22-1b24-419c-846a-92b561d2ac5a">
        <Coords points="881,3756 1055,3752 1071,3740 1107,3739 1123,3751 1187,3760 1219,3756 1235,3740 1351,3740 1375,3716 1472,3719 1511,3708 1611,3711 1647,3736 1671,3732 1695,3708 1811,3701 1855,3689 1951,3689 1962,3697 1978,3689 2011,3689 2042,3700 2127,3708 2154,3685 2194,3681 2610,3676 2618,3684 2698,3685 2784,3681 2799,3673 2818,3692 2858,3692 2890,3723 2983,3720 2983,3793 2972,3804 2954,3803 2931,3781 2758,3781 2670,3789 2658,3796 2502,3796 2465,3828 2318,3823 2302,3811 2098,3807 2082,3799 2066,3808 1934,3812 1895,3851 1779,3851 1667,3823 1559,3824 1511,3855 1411,3855 1383,3835 1355,3827 1248,3831 1231,3823 1131,3824 1087,3832 1075,3844 1051,3835 881,3840"/>
        <Baseline points="916,3820 966,3820 1016,3822 1066,3821 1116,3818 1166,3816 1216,3813 1266,3811 1316,3808 1366,3804 1416,3802 1466,3799 1516,3796 1566,3795 1616,3792 1666,3791 1716,3789 1766,3787 1816,3786 1866,3785 1916,3784 1966,3781 2016,3781 2066,3780 2116,3778 2166,3777 2216,3776 2266,3776 2316,3775 2366,3773 2416,3772 2466,3770 2516,3768 2566,3767 2616,3766 2666,3763 2716,3763 2766,3763 2816,3767 2866,3770 2916,3773 2949,3775"/>
        <Word id="word_250c0e5f-89cd-44d3-9a63-2355973787a5">
          <Coords points="916,3785 966,3785 1017,3787 1065,3786 1086,3785 1089,3830 1066,3831 1016,3832 966,3830 916,3830"/>
          <TextEquiv>
            <Unicode>Staet</Unicode>
          </TextEquiv>
        </Word>
        <Word id="word_00acb286-7724-476e-9870-97ffef9e9f55">
          <Coords points="1121,3783 1165,3781 1190,3780 1192,3824 1166,3826 1123,3828"/>
          <TextEquiv>
            <Unicode>in</Unicode>
          </TextEquiv>
        </Word>
        <Word id="word_eb3acc90-0645-46a6-b5e5-61b71258bf7b">
          <Coords points="1225,3777 1265,3776 1314,3773 1363,3769 1415,3767 1464,3764 1499,3762 1502,3807 1467,3809 1416,3812 1367,3814 1317,3818 1266,3821 1226,3822"/>
          <TextEquiv>
            <Unicode>weijnich</Unicode>
          </TextEquiv>
        </Word>
        <Word id="word_b2e2f7b4-6a2b-4b8c-8988-b6693faa3c5f">
          <Coords points="1536,3760 1566,3760 1614,3757 1665,3756 1715,3754 1741,3753 1743,3798 1716,3799 1666,3801 1617,3802 1566,3805 1536,3805"/>
          <TextEquiv>
            <Unicode>dagen,</Unicode>
          </TextEquiv>
        </Word>
        <Word id="word_e12b11fc-ad5c-4ed7-8066-120fc0af8368">
          <Coords points="1777,3752 1816,3751 1865,3750 1880,3750 1881,3795 1866,3795 1816,3796 1777,3797"/>
          <TextEquiv>
            <Unicode>ome</Unicode>
          </TextEquiv>
        </Word>
        <Word id="word_32de063d-5b9c-4b51-bf43-3cd44d0c0514">
          <Coords points="1914,3749 1915,3749 1964,3746 1984,3746 1984,3791 1967,3791 1916,3794 1915,3794"/>
          <TextEquiv>
            <Unicode>'t</Unicode>
          </TextEquiv>
        </Word>
        <Word id="word_c0886e5f-ac0f-42b6-96e3-ae905215b914">
          <Coords points="2018,3746 2065,3745 2115,3743 2156,3742 2157,3787 2116,3788 2066,3790 2019,3791"/>
          <TextEquiv>
            <Unicode>gene</Unicode>
          </TextEquiv>
        </Word>
        <Word id="word_69f2668c-9dea-4856-8792-72d5635b8c8f">
          <Coords points="2190,3742 2215,3741 2266,3741 2315,3740 2327,3740 2329,3784 2316,3785 2266,3786 2216,3786 2191,3787"/>
          <TextEquiv>
            <Unicode>noch</Unicode>
          </TextEquiv>
        </Word>
        <Word id="word_43559947-03ce-42cc-8d5a-727d4f2055ff">
          <Coords points="2362,3738 2365,3738 2415,3737 2465,3735 2515,3733 2565,3732 2615,3731 2664,3728 2716,3728 2766,3728 2814,3732 2810,3777 2766,3773 2716,3773 2667,3773 2616,3776 2566,3777 2516,3778 2466,3780 2416,3782 2366,3783 2364,3783"/>
          <TextEquiv>
            <Unicode>middelerwijle</Unicode>
          </TextEquiv>
        </Word>
        <Word id="word_dfa81dab-6637-4efd-9bad-b5f7b3f5ddf2">
          <Coords points="2847,3734 2867,3735 2918,3738 2951,3740 2948,3785 2915,3783 2866,3780 2845,3779"/>
          <TextEquiv>
            <Unicode>tot</Unicode>
          </TextEquiv>
        </Word>
        <TextEquiv conf="0.9317758562950581">
          <Unicode>Staet in weijnich dagen, ome 't gene noch middelerwijle tot</Unicode>
        </TextEquiv>
        <TextStyle xHeight="43"/>
      </TextLine>
      <TextLine id="line_474b9185-3493-4f00-a71d-5b52092eb40f">
        <Coords points="892,3821 938,3834 1058,3838 1162,3830 1178,3822 1231,3822 1250,3830 1366,3829 1395,3850 1418,3834 1441,3854 1513,3854 1525,3845 1553,3846 1581,3821 1665,3821 1685,3825 1712,3850 1769,3845 1781,3854 1893,3854 1937,3811 2069,3807 2085,3791 2133,3787 2431,3779 2453,3795 2660,3795 2688,3778 2839,3778 2929,3783 2977,3822 2977,3894 2656,3895 2628,3922 2580,3942 2285,3941 2245,3905 2224,3899 2182,3930 2171,3921 2113,3918 2061,3961 2001,3985 1413,3989 1398,3980 1090,3981 1066,3972 892,3977"/>
        <Baseline points="927,3917 977,3924 1027,3923 1077,3922 1127,3919 1177,3915 1227,3913 1277,3910 1327,3908 1377,3906 1427,3904 1477,3903 1527,3901 1577,3899 1627,3898 1677,3897 1727,3897 1777,3897 1827,3898 1877,3897 1927,3897 1977,3898 2027,3899 2077,3897 2127,3894 2177,3893 2227,3892 2277,3890 2327,3887 2377,3886 2427,3884 2477,3883 2527,3882 2577,3881 2627,3880 2677,3879 2727,3880 2777,3882 2827,3880 2877,3877 2927,3877 2943,3877"/>
        <Word id="word_7a1360fa-94b7-4827-a435-fdc1ad655db8">
          <Coords points="932,3882 982,3889 1026,3888 1076,3887 1125,3884 1174,3880 1226,3878 1275,3875 1320,3873 1322,3918 1278,3920 1227,3923 1178,3925 1128,3929 1077,3932 1027,3933 976,3934 926,3927"/>
          <TextEquiv>
            <Unicode>Surplement</Unicode>
          </TextEquiv>
        </Word>
        <Word id="word_a125eb4a-4582-49a1-960f-bf2e1b8ab29d">
          <Coords points="1360,3872 1376,3871 1426,3869 1476,3868 1478,3868 1480,3913 1477,3913 1427,3914 1377,3916 1362,3917"/>
          <TextEquiv>
            <Unicode>van</Unicode>
          </TextEquiv>
        </Word>
        <Word id="word_acd6934d-08e6-4346-af70-144f2e201dfb">
          <Coords points="1518,3866 1526,3866 1576,3864 1626,3863 1676,3862 1727,3862 1777,3862 1828,3863 1835,3863 1836,3908 1827,3908 1777,3907 1727,3907 1677,3907 1627,3908 1577,3909 1527,3911 1520,3911"/>
          <TextEquiv>
            <Unicode>Malaccas</Unicode>
          </TextEquiv>
        </Word>
        <Word id="word_58ac2170-3be9-4ecf-ac7e-e727ae349392">
          <Coords points="1875,3862 1876,3862 1927,3862 1978,3863 2028,3864 2076,3862 2125,3859 2151,3859 2152,3903 2128,3904 2077,3907 2027,3909 1977,3908 1927,3907 1877,3907 1876,3907"/>
          <TextEquiv>
            <Unicode>Eijscht</Unicode>
          </TextEquiv>
        </Word>
        <Word id="word_b847f9b5-84c7-4789-88ef-bdf974a6affb">
          <Coords points="2191,3858 2226,3857 2276,3855 2308,3853 2311,3898 2277,3900 2227,3902 2192,3903"/>
          <TextEquiv>
            <Unicode>soo</Unicode>
          </TextEquiv>
        </Word>
        <Word id="word_c1e1e4c5-3370-4b63-a5f3-e0a1bfe02502">
          <Coords points="2350,3851 2377,3851 2426,3849 2428,3849 2429,3894 2427,3894 2377,3896 2350,3896"/>
          <TextEquiv>
            <Unicode>na</Unicode>
          </TextEquiv>
        </Word>
        <Word id="word_45f730f7-7fb2-452c-9efd-ee90c3693ab0">
          <Coords points="2468,3848 2476,3848 2526,3847 2576,3846 2626,3845 2676,3844 2728,3845 2778,3847 2823,3845 2825,3890 2777,3892 2727,3890 2677,3889 2627,3890 2577,3891 2527,3892 2477,3893 2469,3893"/>
          <TextEquiv>
            <Unicode>doenlijck</Unicode>
          </TextEquiv>
        </Word>
        <Word id="word_0adc2a8e-d1fb-42ce-8b76-5756cf2b74a9">
          <Coords points="2860,3844 2873,3842 2927,3842 2943,3842 2943,3887 2927,3887 2878,3887 2865,3888"/>
          <TextEquiv>
            <Unicode>te</Unicode>
          </TextEquiv>
        </Word>
        <TextEquiv conf="0.9162783838707391">
          <Unicode>Surplement van Malaccas Eijscht soo na doenlijck te</Unicode>
        </TextEquiv>
        <TextStyle xHeight="48"/>
      </TextLine>
    </TextRegion>
    <TextRegion id="region_66419017-1639-4edf-a935-2c3b1576dd36_2" custom="structure {type:paragraph;}">
      <Coords points="1189,441 1200,441 1203,445 1211,445 1214,448 1225,448 1228,452 1235,452 1239,455 1249,455 1253,459 1263,459 1267,462 1278,462 1281,466 1295,466 1299,470 1313,470 1316,473 1323,473 1327,477 1338,477 1341,480 1352,480 1355,484 1362,484 1366,487 1373,487 1376,491 1380,487 1394,487 1398,491 1433,491 1436,487 1461,487 1468,494 1472,494 1475,498 1479,498 1482,501 1486,501 1489,505 1500,505 1503,508 1507,508 1514,515 1500,530 1482,530 1479,533 1465,533 1461,537 1415,537 1412,533 1376,533 1373,530 1369,533 1313,533 1309,537 1285,537 1299,537 1302,540 1341,540 1345,544 1369,544 1373,547 1553,547 1556,544 1581,544 1585,540 1620,540 1623,537 1814,537 1818,533 1828,533 1832,530 1839,530 1842,526 1846,526 1856,515 1856,498 1853,494 1853,484 1849,480 1849,477 1846,473 1846,470 1842,466 1839,466 1835,462 1832,462 1828,459 1821,459 1818,455 1779,455 1775,459 1726,459 1722,462 1698,462 1694,459 1616,459 1613,455 1560,455 1556,452 1514,452 1511,448 1458,448 1454,445 1426,445 1422,441 1383,441 1380,438 1203,438 1200,441"/>
    </TextRegion>
    <TextRegion id="region_596f8fa8-411a-42a9-b535-7f97881c7ac7">
      <Coords points="113,891 245,891 245,919 113,919"/>
      <TextLine id="line_23e88543-2384-42ac-a837-e26493abb856">
        <Coords points="78,837 107,837 152,866 167,861 175,869 253,874 278,855 278,927 253,918 190,923 115,994 78,998"/>
        <Baseline points="113,897 163,898 213,904 244,910"/>
        <Word id="word_5e30f759-c983-4169-ac6e-e19bb5f6501c">
          <Coords points="114,862 164,863 217,869 251,876 242,920 212,914 163,908 113,907"/>
          <TextEquiv>
            <Unicode>man</Unicode>
          </TextEquiv>
        </Word>
        <TextEquiv conf="0.8563878619510402">
          <Unicode>man</Unicode>
        </TextEquiv>
        <TextStyle xHeight="33"/>
      </TextLine>
    </TextRegion>
    <TextRegion id="region_72922545-daf0-44bd-8b53-86f2b06f230d">
      <Coords points="172,977 247,977 247,995 172,995"/>
      <TextLine id="line_3175f123-5e92-4424-af4d-1f5655038260">
        <Coords points="138,917 243,923 256,915 280,938 280,1010 250,1016 138,1014"/>
        <Baseline points="173,981 223,985 246,993"/>
        <Word id="word_d2f08127-1707-430b-91af-451b1d2573f4">
          <Coords points="176,946 226,950 257,960 243,1002 222,995 172,991"/>
          <TextEquiv>
            <Unicode>der</Unicode>
          </TextEquiv>
        </Word>
        <TextEquiv conf="0.9319444792432234">
          <Unicode>der</Unicode>
        </TextEquiv>
        <TextStyle xHeight="32"/>
      </TextLine>
    </TextRegion>
    <TextRegion id="region_7b38e377-ba99-42e2-851d-bba17ee99271">
      <Coords points="162,1981 231,1981 231,1989 162,1989"/>
      <TextLine id="line_2bbd0414-d46b-44bb-8df3-70596d605fa1">
        <Coords points="129,1920 147,1932 249,1937 260,1931 260,2002 129,2006"/>
        <Baseline points="164,1984 214,1985 226,1985"/>
        <Word id="word_f47819e2-20e8-4c70-9015-618db152fde3">
          <Coords points="165,1949 215,1950 226,1950 226,1995 214,1995 164,1994"/>
          <TextEquiv>
            <Unicode>ven,</Unicode>
          </TextEquiv>
        </Word>
        <TextEquiv conf="0.5472237119717019">
          <Unicode>ven,</Unicode>
        </TextEquiv>
        <TextStyle xHeight="31"/>
      </TextLine>
    </TextRegion>
    <TextRegion id="region_6105045d-006a-4125-9625-4b32941345a3">
      <Coords points="0,1980 40,1980 40,1990 0,1990"/>
      <TextLine id="line_0094fda4-1d6c-4110-a3e6-c2b45a5f1a11">
        <Coords points="0,1929 71,1928 71,2001 58,2002 15,2043 0,2037"/>
        <Baseline points="0,1985 37,1984"/>
        <Word id="word_b84a6d0c-9d1b-43b2-8bc3-ce0becdf1a3d">
          <Coords points="0,1950 36,1949 37,1994 0,1995"/>
          <TextEquiv>
            <Unicode>9</Unicode>
          </TextEquiv>
        </Word>
        <TextEquiv conf="0.026741070672869682">
          <Unicode>9</Unicode>
        </TextEquiv>
        <TextStyle xHeight="83"/>
      </TextLine>
    </TextRegion>
    <TextRegion id="c1236c9c-0241-4a49-a584-eac1fabcfe66">
      <Coords points="0,2191 43,2191 43,2200 0,2200"/>
      <TextLine id="f352ff44-856c-44de-aa88-370593e8ad1a">
        <Coords points="0,2128 68,2139 68,2211 0,2211"/>
        <Baseline points="0,2195 34,2194"/>
        <Word id="word_6ebc66d9-0cd3-42a4-bb09-727716844ff0">
          <Coords points="0,2160 33,2159 34,2204 0,2205"/>
          <TextEquiv>
            <Unicode>0</Unicode>
          </TextEquiv>
        </Word>
        <TextEquiv conf="0.08685731142759323">
          <Unicode>0</Unicode>
        </TextEquiv>
        <TextStyle xHeight="79"/>
      </TextLine>
    </TextRegion>
    <TextRegion id="region_25f112ce-cdad-49da-aeb8-1a95b7ac2239">
      <Coords points="0,2301 39,2301 39,2316 0,2316"/>
      <TextLine id="eeb81325-5831-4745-bfdf-4d4e8be3ca86">
        <Coords points="0,2235 21,2235 44,2255 72,2255 72,2326 0,2326"/>
        <Baseline points="0,2308 38,2309"/>
        <TextStyle xHeight="33"/>
      </TextLine>
    </TextRegion>
    <TextRegion id="c9238ecb-d89d-4a70-9909-769453da6ab4">
      <Coords points="0,2515 243,2515 243,2532 0,2532"/>
      <TextLine id="line_666db38f-fbae-43ba-ab1a-d32e37613e7a">
        <Coords points="0,2429 67,2433 122,2480 223,2480 243,2500 275,2468 275,2539 244,2539 178,2595 134,2555 114,2550 98,2534 0,2534"/>
        <Baseline points="0,2521 50,2521 100,2521 150,2522 200,2523 241,2522"/>
        <Word id="word_d2fc8fd1-b44a-4474-96d2-eee856e7836a">
          <Coords points="0,2486 50,2486 100,2486 151,2487 201,2488 240,2487 241,2532 200,2533 150,2532 100,2531 50,2531 0,2531"/>
          <TextEquiv>
            <Unicode>blyven</Unicode>
          </TextEquiv>
        </Word>
        <TextEquiv conf="0.8716491630964849">
          <Unicode>blyven</Unicode>
        </TextEquiv>
        <TextStyle xHeight="35"/>
      </TextLine>
    </TextRegion>
    <TextRegion id="c65f0af6-cf2a-487b-88c2-193398545f33">
      <Coords points="0,3068 24,3068 24,3074 0,3074"/>
      <TextLine id="bf63edd3-ee7b-480b-beae-b278b57cfc3a">
        <Coords points="0,3015 56,3015 56,3087 0,3087"/>
        <Baseline points="0,3071 22,3070"/>
        <TextStyle xHeight="32"/>
      </TextLine>
    </TextRegion>
    <TextRegion id="region_5c273567-54cf-47ad-9c63-5c03f7d6051c">
      <Coords points="168,3069 194,3069 194,3073 168,3073"/>
      <TextLine id="line_4a4586ec-ccee-47e2-b318-9275da0659bd">
        <Coords points="140,3015 226,3016 226,3088 140,3092"/>
        <Baseline points="175,3070 192,3071"/>
        <Word id="word_21d68f67-89e1-419d-babb-a2375e9977b1">
          <Coords points="177,3035 194,3036 191,3081 174,3080"/>
          <TextEquiv>
            <Unicode>den</Unicode>
          </TextEquiv>
        </Word>
        <TextEquiv conf="0.4624964003913215">
          <Unicode>den</Unicode>
        </TextEquiv>
        <TextStyle xHeight="31"/>
      </TextLine>
    </TextRegion>
    <TextRegion id="region_22b1f11a-5de1-4f38-a4e5-c6c0cb18586a">
      <Coords points="198,3588 243,3588 243,3596 198,3596"/>
      <TextLine id="line_808c9383-c7bf-4209-8511-e002c1f03b19">
        <Coords points="166,3544 215,3544 246,3556 265,3537 274,3537 274,3610 248,3636 234,3633 188,3672 166,3676"/>
        <Baseline points="201,3592 240,3592"/>
        <Word id="word_7e2e21bc-7a76-46c4-abb8-8ca9c1e24fe0">
          <Coords points="201,3557 240,3557 240,3602 201,3602"/>
          <TextEquiv>
            <Unicode>ten</Unicode>
          </TextEquiv>
        </Word>
        <TextEquiv conf="0.47653249175577844">
          <Unicode>ten</Unicode>
        </TextEquiv>
        <TextStyle xHeight="38"/>
      </TextLine>
    </TextRegion>
    <TextRegion id="c6f2cc96-be37-41a0-8fbe-3ce426880a9c">
      <Coords points="0,3801 23,3801 23,3809 0,3809"/>
      <TextLine id="line_62c0c416-9008-4a8c-9a9e-d247f0c80afb">
        <Coords points="0,3761 14,3761 26,3749 54,3749 54,3821 0,3821"/>
        <Baseline points="0,3805 20,3804"/>
        <TextStyle xHeight="76"/>
      </TextLine>
    </TextRegion>
    <TextRegion id="region_2bd7f142-e5eb-4725-84e9-242318e7764f">
      <Coords points="198,3916 240,3916 240,3922 198,3922"/>
      <TextLine id="line_35ac8fbb-33bf-4880-89ed-38e9e4395048">
        <Coords points="163,3863 271,3863 271,3936 251,3924 223,3937 163,3937"/>
        <Baseline points="198,3919 237,3919"/>
        <Word id="word_7ebb9ac1-921e-4fec-b206-12265607578a">
          <Coords points="198,3884 237,3884 237,3929 198,3929"/>
          <TextEquiv>
            <Unicode>ert</Unicode>
          </TextEquiv>
        </Word>
        <TextEquiv conf="0.48582460878876305">
          <Unicode>ert</Unicode>
        </TextEquiv>
        <TextStyle xHeight="31"/>
      </TextLine>
    </TextRegion>
  </Page>
</PcGts>
