3703 4828
1377 624 1571 679 Joan
1615 634 2197 690 Maatsuijcker
2244 646 2389 694 met
2437 650 2775 698 'tschip
2817 653 2919 700 d'
2964 655 3496 714 salamander,

1398 725 1565 773 ende
1605 729 1772 775 Tsas
1813 731 1938 779 van
1978 734 2229 783 gendt,
2269 738 2395 785 den
2435 741 2809 791 toestandt
2851 744 3272 796 derwaerts,

1391 822 1974 870 tverongelucken
2014 823 2223 869 (godt
2263 823 2554 870 betert)
2596 825 2721 871 van
2761 825 2804 871 t
2845 823 3053 869 jacht
3094 824 3178 870 de
3218 826 3511 885 schelvi

1381 915 1547 968 ende
1587 913 1832 959 eenige
1872 914 1995 960 van
2035 914 2076 959 s
2117 912 2361 959 Comp:s
2401 910 2769 957 dienaeren
2809 913 3053 962 daerop
3094 916 3216 962 ter
3256 916 3505 970 rheede

1343 1009 1524 1058 voor
1568 1006 1882 1055 Basora,
1925 1004 2328 1053 tvertreck
2371 1005 2507 1051 van
2551 1006 2596 1052 2
2640 1004 3133 1052 portugesche
3174 1008 3491 1056 schepen

1378 1108 1551 1159 uijt
1593 1105 1723 1153 goa
1764 1103 1937 1151 naer
1979 1098 2407 1149 portugael,
2450 1098 2622 1144 ende
2664 1097 2793 1143 der
2835 1095 3093 1141 selver
3135 1097 3479 1144 ladinge,

1390 1196 1782 1249 mitsgaders
1821 1189 2174 1240 diversche
2211 1187 2409 1234 novos
2446 1182 2605 1231 uijt
2643 1177 2918 1226 europa,
2956 1175 3192 1223 sullen
3231 1174 3506 1222 gelieve

1397 1291 1484 1339 te
1526 1289 1912 1338 vernemen,
1955 1287 2127 1333 daer
2167 1283 2298 1332 toe
2335 1279 2470 1327 mij
2512 1277 2684 1324 oock
2725 1272 2898 1322 omme
2936 1269 3112 1317 geen
3154 1263 3498 1313 nodelock

1370 1380 1682 1435 verhaal
1726 1379 1860 1425 van
1903 1378 2038 1423 een
2081 1372 2260 1422 ende
2301 1369 2615 1416 d'selve
2660 1366 2926 1414 saecke
2971 1365 3060 1411 te
3103 1360 3326 1409 doen,
3371 1359 3505 1405 mae

1414 1461 1615 1519 kort
1661 1458 1762 1505 Te
1808 1459 2008 1507 sijn
2055 1449 2452 1505 referere

1289 1663 1478 1710 Desen
1511 1664 1626 1712 dus
1664 1664 1851 1710 verre
1888 1663 2413 1710 geconsipieert,
2451 1662 2826 1710 verschijnt
2862 1662 2976 1710 van
3012 1665 3238 1712 Carcal
3275 1666 3502 1713 alhier

1385 1752 1514 1799 ter
1557 1753 1816 1799 rheede
1859 1751 2204 1798 seeckere
2245 1745 2678 1796 afgeheurde
2719 1746 3110 1793 schiampan
3151 1746 3502 1795 waermede

1366 1835 1485 1883 wel
1524 1828 1800 1879 apropos
1839 1826 2076 1873 become
2115 1826 2194 1872 26
2233 1825 2470 1871 packen
2509 1824 2628 1870 soo
2666 1823 3179 1870 gheschilderde
3218 1824 3338 1870 als
3376 1825 3494 1871 and

1382 1906 1703 1957 cleeden,
1743 1904 1944 1951 10800
1984 1902 2104 1948 stx
2145 1900 2626 1947 rochevellen,
2665 1901 2787 1948 100
2827 1904 2948 1951 stx
2987 1907 3230 1956 slaven
3267 1911 3429 1958 ende

1380 1990 1815 2044 slavinnen,
1857 1988 1988 2034 met
2031 1985 2248 2032 nader
2292 1985 2638 2034 advijsen
2682 1989 2899 2035 vande
2942 1991 3421 2042 Coopluijden

1373 2072 1665 2127 adriaen
1706 2065 1955 2116 vander
1996 2064 2287 2111 meijde,
2327 2065 2412 2111 en
2451 2066 2702 2114 govert
2742 2069 3115 2116 crackouw,
3156 2071 3496 2128 welckers

1360 2156 1620 2213 Copien
1661 2152 1832 2200 oocq
1873 2148 2128 2196 nodich
2171 2148 2383 2194 hebbe
2425 2147 2680 2195 geacht
2722 2150 2892 2196 hier
2934 2150 3061 2195 bij
3101 2149 3188 2195 te
3229 2144 3487 2194 vougen

1371 2239 1725 2293 sullende
1770 2237 1946 2284 Ued:
1988 2235 2167 2282 haer
2211 2233 2388 2279 uijt
2432 2234 2653 2281 onder
2697 2236 3007 2284 anderen
3050 2230 3405 2283 gelieven

1380 2332 1467 2379 te
1510 2328 1728 2376 sien,
1771 2327 1858 2373 d'
1902 2321 2468 2372 onrechtmatige
2508 2321 2597 2368 en
2641 2319 2860 2369 force
2900 2325 3347 2372 proceduren

1380 2414 1528 2462 der
1577 2407 2067 2459 portugesen
2114 2405 2263 2453 Int
2308 2403 2753 2450 aenhaelen
2802 2402 2949 2448 van
2997 2402 3048 2449 s
3096 2404 3244 2451 Com
3291 2400 3443 2450 p=r

1364 2499 1649 2562 thonij,
1689 2494 1851 2544 ende
1890 2487 2253 2537 desselffs
2293 2489 2656 2537 Ingeladen
2694 2492 3017 2538 goederen
3056 2492 3218 2539 voor
3258 2490 3500 2537 coulan

1374 2590 1494 2637 als
1533 2585 1615 2634 In
1654 2584 1735 2630 t'
1773 2578 2175 2628 recommeren
2215 2578 2335 2624 van
2375 2579 2696 2627 anderen,
2736 2581 2856 2627 tot
2896 2581 3297 2630 disrespect
3337 2576 3498 2625 onse

1401 2688 1611 2737 hrn.
1660 2682 1715 2731 e
1765 2658 2395 2725 principalen,
2445 2658 2657 2706 ende
2708 2662 3232 2715 destructie
3283 2662 3441 2711 van

1373 2760 1593 2811 haren
1636 2756 1944 2805 handel,
1987 2751 2207 2802 onder
2251 2746 2514 2794 nomen,
2558 2746 2910 2798 waerover
2953 2754 3129 2801 led:
3172 2751 3483 2800 gevalle

1388 2849 1559 2895 ende
1601 2849 1814 2895 ordre
1857 2846 2241 2895 hoedanich
2283 2846 2411 2893 ons
2453 2843 2624 2891 hier
2665 2840 2966 2888 tegens,
3008 2842 3178 2888 ende
3221 2838 3435 2887 deser

1369 2937 1602 2985 vrund
1647 2937 1927 2986 verder
1974 2937 2439 2984 opgeraept,
2485 2938 2674 2984 ende
2717 2935 3229 2988 g'usurpeert
3276 2933 3462 2980 rech

1375 3021 1505 3068 van
1549 3018 1937 3067 possessie
1980 3018 2067 3064 en
2106 3018 2627 3066 jurisdictie,
2670 3021 2886 3069 onder
2928 3021 3274 3067 pretecxt
3313 3020 3449 3068 van

1376 3109 1519 3170 hun
1563 3102 1975 3151 overlange
2020 3102 2478 3151 residentie
2524 3105 2706 3154 Inde
2752 3102 3026 3153 landen
3071 3100 3209 3147 van
3253 3099 3490 3145 madur

1364 3208 1538 3261 daer
1580 3201 1710 3250 van
1752 3197 1883 3245 bij
1925 3193 2055 3241 den
2097 3191 2358 3239 mijnen
2397 3194 2529 3242 p=r
2572 3193 2960 3242 heemstede
3004 3185 3479 3239 gementionee

1372 3298 1515 3346 met
1558 3289 1992 3342 verlangen
2039 3288 2182 3333 sal
2229 3283 2754 3333 affwachten,
2800 3279 3088 3328 sijnde
3135 3272 3422 3324 eenige

1381 3387 1662 3442 daghen
1708 3382 2125 3431 voorleden
2171 3381 2358 3428 vier
2401 3377 2913 3430 portugesche
2957 3358 3469 3420 vaertuijgen

1356 3481 1695 3544 geladen
1742 3475 1887 3525 met
1932 3468 2270 3520 ontrent
2316 3469 2461 3516 200
2500 3470 2841 3520 blaaren
2888 3469 3128 3517 peper
3176 3468 3367 3515 voor
3411 3462 3468 3512 s

1348 3585 1607 3646 Thome
1654 3564 2220 3627 aengelandt,
2271 3561 2475 3608 daer
2526 3559 2680 3606 van
2729 3557 2885 3604 wel
2936 3554 3398 3602 apparends

1355 3671 1614 3728 goede
1662 3656 2025 3712 partije
2074 3650 2281 3699 naer
2330 3643 2846 3693 bengaelen,
2893 3640 3104 3687 omme
3133 3641 3479 3687 aldaer

1370 3767 1465 3816 te
1511 3748 2119 3810 beneficeeren,
2162 3743 2445 3793 sullen
2489 3736 2959 3788 vervoeren,
3004 3737 3146 3783 des
3192 3737 3286 3784 te
3331 3732 3473 3781 mee

1368 3852 1497 3906 dan
1537 3845 1791 3895 nodich
1831 3839 2084 3891 achten
2124 3832 2251 3882 van
2293 3830 2418 3875 die
2457 3829 2712 3876 specie
2753 3829 2880 3875 tot
2921 3830 3006 3876 d'
3047 3831 3215 3878 hier
3256 3821 3467 3876 voren

1368 3941 1742 3997 g'eijste
1787 3930 2300 3985 quantiteijt
2347 3921 2906 3975 geprovideert
2952 3921 3278 3967 werden,
3323 3919 3419 3966 er

900 4076 1085 4132 Omme
1127 4059 1267 4116 dan
1309 4048 1405 4101 d'
1449 4035 1771 4091 suijder
1816 4024 2276 4079 quartieren
2320 4018 2414 4068 In
2458 4010 2919 4061 tansjouwer
2964 4010 3103 4056 ene
3149 3997 3426 4055 madure

1364 4131 1554 4183 naer
1600 4129 1695 4175 de
1741 4118 2119 4172 presente
2164 4103 2683 4161 constitutie
2729 4101 2872 4148 van
2918 4097 3106 4147 onse
3152 4096 3389 4146 Casse

1371 4224 1452 4271 Te
1489 4214 1931 4267 secoureren,
1970 4213 2131 4260 daer
2170 4211 2330 4257 door
2369 4210 2451 4256 d'
2488 4209 2930 4258 resterende,
2970 4207 3090 4254 end
3128 4196 3450 4251 weijnigh
