<?xml version="1.0" encoding="UTF-8"?>
<PcGts xmlns="http://schema.primaresearch.org/PAGE/gts/pagecontent/2013-07-15">
  <Metadata externalRef="a536d28e-c5a6-4520-b171-b4464d645f80">
    <Creator>Laypa</Creator>
    <Created>2023-09-08T02:20:20</Created>
    <LastChange>2023-09-08T03:38:14</LastChange>
    <Comment>license: CC0</Comment>
    <MetadataItem type="processingStep" name="layout-analysis" value="laypa">
      <Labels>
        <Label value="228a7d24385cff0e51687c00d0e65a2c2a9703d5" type="githash"/>
        <Label value="61334eb4-edff-4af5-b036-b5927f35bbcf" type="uuid"/>
        <Label value="https://hdl.handle.net/10622/VMSCBR" type="laypamodelremote"/>
      </Labels>
    </MetadataItem>
    <MetadataItem type="processingStep" name="region-analysis" value="laypa">
      <Labels>
        <Label value="0a3442b4-835c-44bc-9115-3fd08263a5dc" type="uuid"/>
        <Label value="https://hdl.handle.net/10622/DMAS2T" type="laypamodelremote"/>
      </Labels>
    </MetadataItem>
    <MetadataItem type="processingStep" name="htr" value="loghi-htr">
      <Labels>
        <Label value="9efb3e0ff4338dc6e07d110ac4d435f27f5b0e16&#10;" type="githash"/>
        <Label value="3a9bdaa3-493c-483e-bbb2-f51961b8e5a0" type="uuid"/>
        <Label value="64" type="batch_size"/>
        <Label value="https://hdl.handle.net/10622/X2JZYY" type="loghihtrmodelremote"/>
      </Labels>
    </MetadataItem>
    <MetadataItem type="processingStep" name="word-splitting" value="loghi-htr-tooling"/>
    <MetadataItem type="other" name="dataset" value="https://hdl.handle.net/10622/LVXSBW">
      <Labels>
        <Label value="VOC transcriptions v2 - GLOBALISE" type="name"/>
        <Label value="Dataset in pagexml and txt format, including data card." type="description"/>
        <Label value="https://globalise.huygens.knaw.nl/" type="creator"/>
        <Label value="https://hdl.handle.net/10622/LVXSBW" type="url"/>
      </Labels>
    </MetadataItem>
  </Metadata>
  <Page imageFilename="NL-HaNA_1.04.02_1161_0425.jpg" imageWidth="3403" imageHeight="5142">
    <ReadingOrder>
      <OrderedGroup id="orderedgroup_1cac8396-fd65-4072-921a-4a80cc262951">
        <RegionRefIndexed index="0" regionRef="region_54730c8c-254e-4f23-a2fc-d073239409fe_3"/>
        <RegionRefIndexed index="1" regionRef="region_1f8cf397-8967-4fb4-ad72-0e18346aba76_1"/>
        <RegionRefIndexed index="2" regionRef="region_f63018c1-8c37-406a-a1a5-622bc92e9cdd_2"/>
        <RegionRefIndexed index="3" regionRef="region_0934d9b2-2328-462d-a84c-ce7978a76c81"/>
        <RegionRefIndexed index="4" regionRef="ec2967d0-dd45-4c71-ae45-68e0455a170c"/>
        <RegionRefIndexed index="5" regionRef="d70728a9-c5e6-4672-a1ca-07fe717e18ac"/>
        <RegionRefIndexed index="6" regionRef="region_159f3b18-529b-4fdf-9741-3f4eb09da00b"/>
        <RegionRefIndexed index="7" regionRef="region_9a05337c-8347-47c2-9202-4ae8baac62a2"/>
        <RegionRefIndexed index="8" regionRef="af678c72-ef1b-4325-a560-a37834e912e6"/>
        <RegionRefIndexed index="9" regionRef="region_7eb485fb-d1b1-4433-a0b1-586fda61804f"/>
        <RegionRefIndexed index="10" regionRef="fd9046ed-b0fc-405e-8c80-5946f8ad09a7"/>
        <RegionRefIndexed index="11" regionRef="becd5a22-f406-4b74-9c40-05f01495bc4d"/>
        <RegionRefIndexed index="12" regionRef="fcc59b65-6465-4f9d-981b-c32042dd9198"/>
      </OrderedGroup>
    </ReadingOrder>
    <TextRegion id="region_54730c8c-254e-4f23-a2fc-d073239409fe_3" custom="structure {type:page-number;}">
      <Coords points="3004,183 3008,186 3008,189 3011,193 3011,196 3021,206 3027,206 3031,209 3037,209 3041,213 3061,213 3064,216 3081,216 3084,213 3087,213 3091,209 3097,209 3101,206 3104,206 3107,203 3111,203 3127,186 3130,186 3140,176 3144,176 3150,170 3154,170 3164,160 3160,156 3160,150 3154,143 3154,140 3150,140 3147,136 3144,136 3140,133 3134,133 3130,130 3117,130 3114,126 3107,126 3104,123 3101,123 3097,120 3061,120 3057,123 3047,123 3044,126 3037,126 3034,130 3031,130 3027,133 3024,133 3021,136 3018,136 3014,140 3014,143 3008,150 3008,156 3004,160"/>
      <TextLine id="line_8c00bc76-4603-4466-81bb-46eba650cd1c">
        <Coords points="2973,140 3047,140 3071,149 3102,132 3139,133 3158,144 3219,154 3219,209 3166,215 3119,261 3063,226 2973,222"/>
        <Baseline points="2999,194 3049,195 3099,195 3149,196 3194,195"/>
        <Word id="word_a54ca97b-c778-4ac4-95aa-1efdc3b892ff">
          <Coords points="3000,159 3050,160 3099,160 3150,161 3193,160 3194,205 3149,206 3099,205 3049,205 2999,204"/>
          <TextEquiv>
            <Unicode>804</Unicode>
          </TextEquiv>
        </Word>
        <TextEquiv conf="0.999521085775589">
          <Unicode>804</Unicode>
        </TextEquiv>
        <TextStyle xHeight="41"/>
      </TextLine>
    </TextRegion>
    <TextRegion id="region_1f8cf397-8967-4fb4-ad72-0e18346aba76_1" custom="structure {type:paragraph;}">
      <Coords points="3167,163 3091,213 3077,249 3014,263 2845,243 2087,229 1934,246 911,266 887,283 894,552 921,761 907,1193 917,2087 897,2300 917,2603 891,2709 834,2759 884,2805 877,2868 901,3005 917,3902 897,4052 917,4351 921,4657 944,4673 2021,4650 2801,4670 3041,4637 3287,4667 3297,3909 3273,3872 2060,3889 1828,3862 2011,3836 2436,3832 2592,3759 3257,3743 3280,3703 3273,2672 3240,2609 2576,2609 1658,2649 1017,2636 960,2619 947,2599 964,2579 1020,2569 1190,2576 1931,2533 2094,2473 2924,2470 3217,2453 3250,2436 3267,1815 3243,688 3263,362 3237,263 3194,179"/>
      <TextLine id="c37ec639-cc6b-45d4-9040-a9143391f84b">
        <Coords points="847,244 2005,248 2025,268 2092,268 2105,280 2173,221 2309,221 2349,230 3037,221 3077,232 3117,260 3133,248 3169,256 3270,259 3270,312 3261,305 3205,325 2493,324 2458,348 2425,318 2253,325 2215,340 1921,341 1913,349 1873,332 1817,332 1785,349 1605,349 1585,340 1177,341 1165,332 847,332"/>
        <Baseline points="873,311 923,309 973,309 1023,310 1073,310 1123,311 1173,311 1223,312 1273,314 1323,315 1373,316 1423,315 1473,315 1523,316 1573,315 1623,314 1673,312 1723,311 1773,310 1823,310 1873,309 1923,308 1973,309 2023,309 2073,308 2123,308 2173,307 2223,306 2273,306 2323,307 2373,306 2423,307 2473,306 2523,306 2573,306 2623,306 2673,307 2723,307 2773,307 2823,306 2873,305 2923,304 2973,303 3023,301 3073,301 3123,301 3173,301 3223,302 3245,299"/>
        <Word id="word_a35d4c03-e9ca-4625-b5f7-c54b6eb0633e">
          <Coords points="872,276 922,274 973,274 1024,275 1073,275 1124,276 1173,276 1224,277 1274,279 1288,279 1287,324 1273,324 1223,322 1173,321 1123,321 1073,320 1023,320 973,319 923,319 873,321"/>
          <TextEquiv>
            <Unicode>redunderen,</Unicode>
          </TextEquiv>
        </Word>
        <Word id="word_6eebb1f5-063b-4312-ba3f-59c46c0b52cc">
          <Coords points="1326,280 1374,281 1422,280 1473,280 1524,281 1572,280 1622,279 1625,279 1626,324 1623,324 1573,325 1523,326 1473,325 1423,325 1373,326 1325,325"/>
          <TextEquiv>
            <Unicode>besijden</Unicode>
          </TextEquiv>
        </Word>
        <Word id="word_eb840905-9c5d-49c2-ad5c-ab03d4cb54a5">
          <Coords points="1662,277 1672,277 1722,276 1772,275 1777,275 1777,320 1773,320 1723,321 1673,322 1664,322"/>
          <TextEquiv>
            <Unicode>dat</Unicode>
          </TextEquiv>
        </Word>
        <Word id="word_679808da-7934-4650-83ea-1346ec3c8fa0">
          <Coords points="1814,275 1823,275 1872,274 1922,273 1928,273 1927,318 1923,318 1873,319 1823,320 1814,320"/>
          <TextEquiv>
            <Unicode>dan</Unicode>
          </TextEquiv>
        </Word>
        <Word id="word_d558f606-41d5-433b-8973-1e5c60d016ca">
          <Coords points="1966,274 1974,274 2023,274 2072,273 2078,273 2078,318 2073,318 2023,319 1973,319 1965,319"/>
          <TextEquiv>
            <Unicode>met</Unicode>
          </TextEquiv>
        </Word>
        <Word id="word_33508c28-85c1-4075-bc94-66f9842c2243">
          <Coords points="2116,273 2123,273 2172,272 2222,271 2229,271 2229,316 2223,316 2173,317 2123,318 2116,318"/>
          <TextEquiv>
            <Unicode>die</Unicode>
          </TextEquiv>
        </Word>
        <Word id="word_92527f8d-44cf-4d5f-97bd-1b3f979e10e8">
          <Coords points="2266,271 2273,271 2324,272 2372,271 2380,271 2379,316 2373,316 2323,317 2273,316 2266,316"/>
          <TextEquiv>
            <Unicode>van</Unicode>
          </TextEquiv>
        </Word>
        <Word id="word_cdb814e5-e674-4358-ab0d-bad00f48b285">
          <Coords points="2417,272 2424,272 2472,271 2523,271 2573,271 2623,271 2674,272 2723,272 2773,272 2793,272 2794,317 2773,317 2723,317 2673,317 2623,316 2573,316 2523,316 2473,316 2423,317 2417,317"/>
          <TextEquiv>
            <Unicode>tansjouwer</Unicode>
          </TextEquiv>
        </Word>
        <Word id="word_9758b567-b26e-48c8-9623-a54ceba1e978">
          <Coords points="2830,271 2872,270 2922,269 2943,269 2944,314 2923,314 2873,315 2831,316"/>
          <TextEquiv>
            <Unicode>met</Unicode>
          </TextEquiv>
        </Word>
        <Word id="word_53f1a2d5-2feb-4678-b467-8d04f708c347">
          <Coords points="2980,268 3021,266 3073,266 3123,266 3173,266 3224,267 3240,264 3246,309 3223,312 3173,311 3123,311 3073,311 3023,311 2982,313"/>
          <TextEquiv>
            <Unicode>meerder</Unicode>
          </TextEquiv>
        </Word>
        <TextEquiv conf="0.9576373730389062">
          <Unicode>redunderen, besijden dat dan met die van tansjouwer met meerder</Unicode>
        </TextEquiv>
        <TextStyle xHeight="34"/>
      </TextLine>
      <TextLine id="line_5e36f9be-4d37-4fc4-8655-618a2b1f0262">
        <Coords points="848,332 1162,332 1174,341 1585,340 1605,349 1785,349 1817,332 1873,332 1913,349 1921,341 2214,340 2252,322 2424,318 2456,349 2492,325 2967,337 3234,337 3241,330 3260,339 3260,395 3248,394 3235,407 2867,395 2740,399 2732,407 2376,407 2364,419 1989,410 1969,423 1943,423 1917,422 1886,399 1777,399 1742,426 1625,422 1613,410 848,419"/>
        <Baseline points="874,392 924,391 974,390 1024,390 1074,390 1124,391 1174,392 1224,392 1274,393 1324,392 1374,392 1424,392 1474,392 1524,393 1574,391 1624,391 1674,391 1724,391 1774,391 1824,391 1874,391 1924,391 1974,392 2024,392 2074,392 2124,393 2174,392 2224,392 2274,392 2324,392 2374,392 2424,392 2474,392 2524,392 2574,392 2624,392 2674,391 2724,390 2774,389 2824,389 2874,388 2924,387 2974,386 3024,386 3074,385 3124,385 3174,385 3224,384 3235,381"/>
        <Word id="word_021b186e-c62f-4993-88b6-18a533163fb2">
          <Coords points="873,357 923,356 973,355 1024,355 1074,355 1125,356 1175,357 1224,357 1246,357 1245,402 1224,402 1174,402 1124,401 1074,400 1024,400 974,400 924,401 874,402"/>
          <TextEquiv>
            <Unicode>seguriteijt</Unicode>
          </TextEquiv>
        </Word>
        <Word id="word_a19a3228-2de1-43fd-9138-333125d7308c">
          <Coords points="1278,358 1323,357 1374,357 1424,357 1474,357 1525,358 1573,356 1624,356 1674,356 1724,356 1751,356 1751,401 1724,401 1674,401 1624,401 1574,401 1524,403 1474,402 1424,402 1374,402 1324,402 1279,403"/>
          <TextEquiv>
            <Unicode>corresponderen</Unicode>
          </TextEquiv>
        </Word>
        <Word id="word_80d88692-7594-4e1f-babc-2e599b1c6983">
          <Coords points="1785,356 1824,356 1874,356 1924,356 1975,357 2021,357 2021,402 1974,402 1924,401 1874,401 1824,401 1785,401"/>
          <TextEquiv>
            <Unicode>souden,</Unicode>
          </TextEquiv>
        </Word>
        <Word id="word_39a2b665-bd04-4ff2-8eae-267250579d67">
          <Coords points="2055,357 2074,357 2125,358 2173,357 2190,357 2190,402 2174,402 2124,403 2074,402 2055,402"/>
          <TextEquiv>
            <Unicode>doch</Unicode>
          </TextEquiv>
        </Word>
        <Word id="word_537f5b84-8022-45ba-8516-d05a69ed7f74">
          <Coords points="2223,357 2224,357 2274,357 2324,357 2358,357 2358,402 2324,402 2274,402 2224,402 2223,402"/>
          <TextEquiv>
            <Unicode>(als</Unicode>
          </TextEquiv>
        </Word>
        <Word id="word_6c6b5fc2-ba8c-4b38-9864-e77ba07084fd">
          <Coords points="2392,357 2424,357 2474,357 2524,357 2574,357 2624,357 2661,356 2662,401 2624,402 2574,402 2524,402 2474,402 2424,402 2392,402"/>
          <TextEquiv>
            <Unicode>gesecht)</Unicode>
          </TextEquiv>
        </Word>
        <Word id="word_7eb925cd-a613-412f-bad8-9b09d20c1d97">
          <Coords points="2695,356 2723,355 2762,354 2763,399 2724,400 2696,401"/>
          <TextEquiv>
            <Unicode>Is</Unicode>
          </TextEquiv>
        </Word>
        <Word id="word_d266a792-1609-4ce0-bcce-02bee6adcaf6">
          <Coords points="2797,354 2825,354 2873,353 2923,352 2931,352 2932,397 2924,397 2874,398 2824,399 2797,399"/>
          <TextEquiv>
            <Unicode>maer</Unicode>
          </TextEquiv>
        </Word>
        <Word id="word_2b37b16e-fac4-415d-8702-8e986074489d">
          <Coords points="2965,351 2973,351 3024,351 3066,350 3067,395 3024,396 2974,396 2966,396"/>
          <TextEquiv>
            <Unicode>een</Unicode>
          </TextEquiv>
        </Word>
        <Word id="word_9ab78073-3038-4ab6-9a84-aa8eb23dcb96">
          <Coords points="3101,349 3125,350 3174,350 3223,349 3226,347 3238,391 3224,394 3174,395 3124,395 3100,394"/>
          <TextEquiv>
            <Unicode>ver„</Unicode>
          </TextEquiv>
        </Word>
        <TextEquiv conf="0.9801634813397662">
          <Unicode>seguriteijt corresponderen souden, doch (als gesecht) Is maer een ver„</Unicode>
        </TextEquiv>
        <TextStyle xHeight="29"/>
      </TextLine>
      <TextLine id="d346412d-9ba1-4ccb-92a4-3ad01acdce98">
        <Coords points="854,421 1616,412 1628,424 1668,420 1684,436 1713,436 1756,421 1776,401 1888,401 1920,424 2060,420 2239,429 2351,421 2375,409 2727,409 2739,397 2903,394 3008,400 3023,412 3035,404 3187,404 3250,424 3261,416 3269,424 3292,416 3292,471 3271,486 3241,470 3203,471 3186,486 3123,494 3115,502 3079,497 3051,471 2743,475 2699,498 2515,489 2290,498 2278,486 2267,493 2259,486 2095,486 2080,475 1643,475 1628,490 1476,490 1462,498 1430,498 1420,489 1244,485 1180,485 1157,497 854,497"/>
        <Baseline points="880,471 930,472 980,471 1030,470 1080,469 1130,470 1180,471 1230,470 1280,470 1330,470 1380,469 1430,469 1480,469 1530,469 1580,468 1630,467 1680,467 1730,466 1780,465 1830,466 1880,465 1930,466 1980,466 2030,466 2080,467 2130,467 2180,466 2230,467 2280,468 2330,468 2380,468 2430,468 2480,468 2530,468 2580,469 2630,468 2680,467 2730,467 2780,466 2830,466 2880,465 2930,464 2980,463 3030,464 3080,463 3130,462 3180,461 3230,461 3267,457"/>
        <Word id="word_882f337a-b00e-43c9-9f5f-a4fcf3ec3176">
          <Coords points="881,436 931,437 979,436 1029,435 1079,434 1131,435 1142,435 1141,480 1130,480 1080,479 1030,480 980,481 930,482 880,481"/>
          <TextEquiv>
            <Unicode>trouwen,</Unicode>
          </TextEquiv>
        </Word>
        <Word id="word_81a1cc80-526c-468a-9882-39ed0bb3bba6">
          <Coords points="1175,436 1181,436 1229,435 1280,435 1305,435 1305,480 1280,480 1230,480 1180,481 1174,481"/>
          <TextEquiv>
            <Unicode>daer</Unicode>
          </TextEquiv>
        </Word>
        <Word id="word_73cb3752-1736-4273-84aa-3e6d98108c27">
          <Coords points="1337,435 1379,434 1430,434 1436,434 1436,479 1430,479 1380,479 1338,480"/>
          <TextEquiv>
            <Unicode>van</Unicode>
          </TextEquiv>
        </Word>
        <Word id="word_afb658b3-3d30-4ada-9ef2-24d678d39092">
          <Coords points="1469,434 1480,434 1530,434 1579,433 1629,432 1680,432 1729,431 1779,430 1831,431 1860,430 1861,475 1830,476 1780,475 1730,476 1680,477 1630,477 1580,478 1530,479 1480,479 1469,479"/>
          <TextEquiv>
            <Unicode>d'uijtcomste</Unicode>
          </TextEquiv>
        </Word>
        <Word id="word_a1b09df8-8896-4c2c-877c-1cdf17c9ca0e">
          <Coords points="1895,430 1931,431 1980,431 2030,431 2081,432 2130,432 2179,431 2221,432 2221,477 2180,476 2130,477 2080,477 2030,476 1980,476 1930,476 1893,475"/>
          <TextEquiv>
            <Unicode>onseecker,</Unicode>
          </TextEquiv>
        </Word>
        <Word id="word_423717f8-060d-4ec1-853e-3f1a54e7112d">
          <Coords points="2254,432 2281,433 2330,433 2380,433 2417,433 2417,478 2380,478 2330,478 2280,478 2253,477"/>
          <TextEquiv>
            <Unicode>enige</Unicode>
          </TextEquiv>
        </Word>
        <Word id="word_7d844eb8-1988-4a73-9dd6-6087230227f1">
          <Coords points="2450,433 2480,433 2530,433 2581,434 2612,433 2613,478 2580,479 2530,478 2480,478 2450,478"/>
          <TextEquiv>
            <Unicode>Jaren</Unicode>
          </TextEquiv>
        </Word>
        <Word id="word_704dee6b-3684-4f16-985c-a244084ba753">
          <Coords points="2645,433 2679,432 2730,432 2779,431 2830,431 2879,430 2929,429 2939,429 2940,474 2930,474 2880,475 2830,476 2780,476 2730,477 2680,477 2646,478"/>
          <TextEquiv>
            <Unicode>voorleden</Unicode>
          </TextEquiv>
        </Word>
        <Word id="word_2bea883d-0b8e-4a86-b742-c0ad9d0d4d6a">
          <Coords points="2972,428 2979,428 3031,429 3070,428 3071,473 3030,474 2980,473 2973,473"/>
          <TextEquiv>
            <Unicode>bij</Unicode>
          </TextEquiv>
        </Word>
        <Word id="word_864ac3b5-99e5-435e-8e5a-b92ffaa3c40d">
          <Coords points="3103,428 3129,427 3179,426 3230,426 3263,422 3268,467 3230,471 3180,471 3130,472 3104,473"/>
          <TextEquiv>
            <Unicode>tijde</Unicode>
          </TextEquiv>
        </Word>
        <TextEquiv conf="0.9417355828216682">
          <Unicode>trouwen, daer van d'uijtcomste onseecker, enige Jaren voorleden bij tijde</Unicode>
        </TextEquiv>
        <TextStyle xHeight="29"/>
      </TextLine>
      <TextLine id="line_0aa28406-c41c-42a9-977a-bdfa6bb45842">
        <Coords points="868,495 1162,496 1178,487 1310,487 1422,491 1442,503 1474,504 1486,492 1622,492 1641,476 1706,472 2263,479 2301,496 2705,496 2757,472 3049,473 3077,499 3101,496 3108,503 3141,484 3182,488 3201,472 3238,472 3246,480 3257,473 3278,490 3278,546 3271,553 3245,542 3234,550 2777,550 2745,577 2708,585 2697,584 2672,560 2189,553 2161,573 1942,573 1366,569 1351,557 1270,557 1074,561 1004,624 974,608 868,608"/>
        <Baseline points="894,554 944,555 994,555 1044,555 1094,554 1144,554 1194,552 1244,552 1294,551 1344,549 1394,548 1444,547 1494,546 1544,545 1594,545 1644,544 1694,543 1744,544 1794,545 1844,544 1894,543 1944,542 1994,541 2044,542 2094,541 2144,541 2194,542 2244,542 2294,542 2344,542 2394,543 2444,542 2494,542 2544,542 2594,542 2644,542 2694,542 2744,542 2794,540 2844,539 2894,538 2944,538 2994,537 3044,536 3094,536 3144,535 3194,534 3244,532 3253,532"/>
        <Word id="word_bba0d560-fff3-4271-a686-4d295d2c4944">
          <Coords points="895,519 945,520 994,520 1003,520 1003,565 994,565 944,565 894,564"/>
          <TextEquiv>
            <Unicode>van</Unicode>
          </TextEquiv>
        </Word>
        <Word id="word_ba1e623d-9116-491b-afc9-1c7f9d53b559">
          <Coords points="1039,520 1044,520 1093,519 1144,519 1183,517 1185,562 1144,564 1094,564 1044,565 1039,565"/>
          <TextEquiv>
            <Unicode>d'E:</Unicode>
          </TextEquiv>
        </Word>
        <Word id="word_a7e85619-38d9-4bb8-aba5-b80d52d4e464">
          <Coords points="1222,516 1246,517 1293,516 1328,515 1330,560 1294,561 1244,562 1220,561"/>
          <TextEquiv>
            <Unicode>H=r</Unicode>
          </TextEquiv>
        </Word>
        <Word id="word_2e725515-77b2-4bf5-913f-f4cd87ece4e6">
          <Coords points="1366,513 1394,513 1443,512 1493,511 1543,510 1594,510 1643,509 1655,509 1656,554 1644,554 1594,555 1544,555 1494,556 1444,557 1394,558 1366,558"/>
          <TextEquiv>
            <Unicode>Generael</Unicode>
          </TextEquiv>
        </Word>
        <Word id="word_ba502a8e-9bd0-4643-9abc-b89788640345">
          <Coords points="1692,508 1693,508 1745,509 1795,510 1843,509 1893,508 1943,507 1982,506 1983,551 1944,552 1894,553 1844,554 1794,555 1744,554 1694,553 1693,553"/>
          <TextEquiv>
            <Unicode>Crappee,</Unicode>
          </TextEquiv>
        </Word>
        <Word id="word_7f58d48b-b344-4d07-9241-90677cc9decc">
          <Coords points="2021,506 2046,507 2093,506 2128,506 2128,551 2094,551 2043,552 2018,550"/>
          <TextEquiv>
            <Unicode>den</Unicode>
          </TextEquiv>
        </Word>
        <Word id="word_134d0045-fefd-4775-9647-047c3ee02bf3">
          <Coords points="2165,506 2195,507 2244,507 2294,507 2344,507 2346,507 2345,552 2344,552 2294,552 2244,552 2194,552 2164,551"/>
          <TextEquiv>
            <Unicode>staet</Unicode>
          </TextEquiv>
        </Word>
        <Word id="word_da4c8f08-2d25-4de9-acf5-a388ea666402">
          <Coords points="2383,508 2395,508 2443,507 2491,507 2491,552 2444,552 2394,553 2382,553"/>
          <TextEquiv>
            <Unicode>der</Unicode>
          </TextEquiv>
        </Word>
        <Word id="word_b384b57b-675b-4148-86c6-92d4fd2ce3d8">
          <Coords points="2527,507 2544,507 2594,507 2644,507 2694,507 2743,507 2744,507 2745,552 2744,552 2694,552 2644,552 2594,552 2544,552 2527,552"/>
          <TextEquiv>
            <Unicode>deenen</Unicode>
          </TextEquiv>
        </Word>
        <Word id="word_571cc3db-f761-4827-8d17-427113f00d6c">
          <Coords points="2780,506 2793,505 2843,504 2853,504 2854,549 2844,549 2794,550 2782,551"/>
          <TextEquiv>
            <Unicode>In</Unicode>
          </TextEquiv>
        </Word>
        <Word id="word_468c4c29-783b-496e-a959-e24cad850fae">
          <Coords points="2889,503 2893,503 2944,503 2993,502 3043,501 3071,501 3071,546 3044,546 2994,547 2944,548 2894,548 2890,548"/>
          <TextEquiv>
            <Unicode>India</Unicode>
          </TextEquiv>
        </Word>
        <Word id="word_5707bae2-a49b-4de5-9e26-26c6c81f7554">
          <Coords points="3107,501 3143,500 3193,499 3243,497 3253,497 3253,542 3244,542 3194,544 3144,545 3108,546"/>
          <TextEquiv>
            <Unicode>(als</Unicode>
          </TextEquiv>
        </Word>
        <TextEquiv conf="0.9295747137688128">
          <Unicode>van d'E: H=r Generael Crappee, den staet der deenen In India (als</Unicode>
        </TextEquiv>
        <TextStyle xHeight="31"/>
      </TextLine>
      <TextLine id="d9ebbe3a-e515-4106-b4a5-b235fd45307c">
        <Coords points="862,608 928,609 980,591 1001,601 1044,562 1271,558 1352,558 1367,570 2146,574 2166,570 2190,553 2270,553 2390,561 2674,561 2695,582 2738,582 2774,550 2881,549 3061,557 3081,577 3245,578 3257,566 3270,576 3270,631 3262,623 3225,639 3069,638 3058,627 2981,627 2973,635 2880,639 2210,635 2007,643 1987,655 1775,655 1703,646 1331,655 1180,655 1168,646 862,651"/>
        <Baseline points="888,642 938,639 988,637 1038,637 1088,636 1138,634 1188,633 1238,633 1288,633 1338,632 1388,631 1438,630 1488,629 1538,626 1588,625 1638,624 1688,623 1738,622 1788,621 1838,622 1888,621 1938,621 1988,621 2038,620 2088,620 2138,619 2188,618 2238,618 2288,619 2338,618 2388,618 2438,618 2488,618 2538,618 2588,618 2638,618 2688,618 2738,617 2788,618 2838,618 2888,618 2938,618 2988,617 3038,617 3088,617 3138,617 3188,617 3238,618 3245,618"/>
        <Word id="word_16280056-e09c-4187-8bc6-75745d88bee4">
          <Coords points="886,607 936,604 987,602 1029,602 1029,647 988,647 939,649 889,652"/>
          <TextEquiv>
            <Unicode>uEd:</Unicode>
          </TextEquiv>
        </Word>
        <Word id="word_179182a9-fd82-409b-a16d-799b5a796f52">
          <Coords points="1062,602 1087,601 1137,599 1187,598 1238,598 1288,598 1309,598 1310,643 1288,643 1238,643 1188,643 1138,644 1088,646 1064,647"/>
          <TextEquiv>
            <Unicode>bewust,</Unicode>
          </TextEquiv>
        </Word>
        <Word id="word_2da15f44-d839-4733-bcbd-0ed2773480d5">
          <Coords points="1345,597 1387,596 1437,595 1450,595 1451,640 1438,640 1388,641 1345,642"/>
          <TextEquiv>
            <Unicode>soo</Unicode>
          </TextEquiv>
        </Word>
        <Word id="word_2200907f-f4b1-43fd-963e-aa3aac9d681d">
          <Coords points="1485,594 1487,594 1536,591 1587,590 1626,589 1627,634 1588,635 1539,636 1488,639 1486,639"/>
          <TextEquiv>
            <Unicode>seer</Unicode>
          </TextEquiv>
        </Word>
        <Word id="word_722e11a1-cb88-4d54-baec-033004339226">
          <Coords points="1661,589 1687,588 1737,587 1787,586 1839,587 1887,586 1938,586 1978,586 1978,631 1938,631 1888,631 1838,632 1788,631 1738,632 1688,633 1662,634"/>
          <TextEquiv>
            <Unicode>vervallen</Unicode>
          </TextEquiv>
        </Word>
        <Word id="word_26d954a8-e702-4705-969f-33b01f2ac88d">
          <Coords points="2012,586 2037,585 2088,585 2137,584 2187,583 2238,583 2261,583 2260,628 2238,628 2188,628 2138,629 2088,630 2038,630 2014,631"/>
          <TextEquiv>
            <Unicode>sijnde,</Unicode>
          </TextEquiv>
        </Word>
        <Word id="word_66831fa3-f41f-435d-b6b7-33b562c71a90">
          <Coords points="2294,584 2337,583 2388,583 2401,583 2401,628 2388,628 2338,628 2295,629"/>
          <TextEquiv>
            <Unicode>dat</Unicode>
          </TextEquiv>
        </Word>
        <Word id="word_c1e4d30a-6d35-4cad-a2f5-35fc2a7335d3">
          <Coords points="2436,583 2438,583 2488,583 2538,583 2576,583 2576,628 2538,628 2488,628 2438,628 2436,628"/>
          <TextEquiv>
            <Unicode>hare</Unicode>
          </TextEquiv>
        </Word>
        <Word id="word_7f0b08c4-46b2-4b85-ae7d-707e10950d9a">
          <Coords points="2612,583 2638,583 2688,583 2737,582 2789,583 2838,583 2888,583 2928,583 2928,628 2888,628 2838,628 2788,628 2738,627 2688,628 2638,628 2612,628"/>
          <TextEquiv>
            <Unicode>fortresse</Unicode>
          </TextEquiv>
        </Word>
        <Word id="word_887209d1-e8b9-44bc-a03e-245064981332">
          <Coords points="2962,583 2987,582 3034,582 3034,627 2988,627 2964,628"/>
          <TextEquiv>
            <Unicode>op</Unicode>
          </TextEquiv>
        </Word>
        <Word id="word_e76cdeba-cdf2-4298-9a37-5b99472b04ea">
          <Coords points="3069,582 3088,582 3138,582 3188,582 3239,583 3245,583 3245,628 3238,628 3188,627 3138,627 3088,627 3069,627"/>
          <TextEquiv>
            <Unicode>tran„</Unicode>
          </TextEquiv>
        </Word>
        <TextEquiv conf="0.9622860138132531">
          <Unicode>uEd: bewust, soo seer vervallen sijnde, dat hare fortresse op tran„</Unicode>
        </TextEquiv>
        <TextStyle xHeight="32"/>
      </TextLine>
      <TextLine id="line_72db1a8b-0a92-4cc4-bf2b-82635f42de4d">
        <Coords points="857,650 1167,645 1179,654 1558,654 1702,645 1774,654 1990,654 2010,642 2209,635 2881,638 2892,630 2976,635 2984,627 3057,627 3072,641 3184,641 3232,654 3251,653 3266,641 3281,656 3281,711 3272,708 3241,731 3184,715 3172,716 3156,731 2992,731 2955,711 2741,712 2721,731 2696,739 2687,730 2657,730 2638,712 2449,712 2441,720 1782,720 1766,731 1350,727 1322,739 1203,734 1187,743 857,743"/>
        <Baseline points="883,725 933,722 983,720 1033,718 1083,717 1133,717 1183,716 1233,716 1283,716 1333,716 1383,716 1433,715 1483,712 1533,711 1583,709 1633,709 1683,707 1733,707 1783,709 1833,708 1883,707 1933,705 1983,705 2033,706 2083,706 2133,705 2183,704 2233,704 2283,703 2333,703 2383,703 2433,702 2483,703 2533,703 2583,704 2633,705 2683,704 2733,704 2783,703 2833,704 2883,703 2933,701 2983,701 3033,701 3083,700 3133,700 3183,699 3233,700 3256,698"/>
        <Word id="word_b12b07ed-c0e5-4252-9ef2-36ddccbf09ee">
          <Coords points="881,690 931,687 982,685 1032,683 1082,682 1083,682 1083,727 1083,727 1033,728 983,730 934,732 884,735"/>
          <TextEquiv>
            <Unicode>gebare</Unicode>
          </TextEquiv>
        </Word>
        <Word id="word_7c4cb93e-37e6-44fb-a305-c2333192384a">
          <Coords points="1117,682 1133,682 1182,681 1233,681 1251,681 1251,726 1233,726 1183,726 1133,727 1117,727"/>
          <TextEquiv>
            <Unicode>voor</Unicode>
          </TextEquiv>
        </Word>
        <Word id="word_3d738b45-a6be-4050-b8f9-430f5660ba63">
          <Coords points="1284,681 1333,681 1383,681 1432,680 1481,677 1484,677 1485,722 1484,722 1433,725 1383,726 1333,726 1284,726"/>
          <TextEquiv>
            <Unicode>20000.</Unicode>
          </TextEquiv>
        </Word>
        <Word id="word_998ed9f2-fd97-48ef-aad0-f5c5d79c2d90">
          <Coords points="1517,676 1532,676 1582,674 1618,674 1618,719 1583,719 1533,721 1518,721"/>
          <TextEquiv>
            <Unicode>r„a</Unicode>
          </TextEquiv>
        </Word>
        <Word id="word_385b64e2-d068-48b3-b56d-2ddb17ce94dd">
          <Coords points="1649,674 1681,672 1733,672 1784,674 1785,674 1785,719 1783,719 1733,717 1684,717 1652,719"/>
          <TextEquiv>
            <Unicode>d'Cr</Unicode>
          </TextEquiv>
        </Word>
        <Word id="word_66d69858-74b5-4061-bb28-1bde0ea6c624">
          <Coords points="1818,673 1832,673 1882,672 1932,670 1983,670 2020,671 2019,716 1983,715 1933,715 1883,717 1833,718 1819,718"/>
          <TextEquiv>
            <Unicode>comp„e</Unicode>
          </TextEquiv>
        </Word>
        <Word id="word_5b155ea2-8abd-4390-a227-c1e18ac20ae5">
          <Coords points="2052,671 2083,671 2132,670 2182,669 2233,669 2282,668 2333,668 2383,668 2432,667 2484,668 2533,668 2584,669 2622,670 2621,715 2583,714 2533,713 2483,713 2433,712 2383,713 2333,713 2283,713 2233,714 2183,714 2133,715 2083,716 2053,716"/>
          <TextEquiv>
            <Unicode>aenpresenteerden,</Unicode>
          </TextEquiv>
        </Word>
        <Word id="word_ae533119-1db1-4214-9115-b1f43433ed36">
          <Coords points="2653,670 2681,669 2721,669 2721,714 2683,714 2655,715"/>
          <TextEquiv>
            <Unicode>is</Unicode>
          </TextEquiv>
        </Word>
        <Word id="word_9b530f66-cbd4-43ab-be96-bca3ad0b1811">
          <Coords points="2753,669 2782,668 2822,669 2821,714 2783,713 2755,714"/>
          <TextEquiv>
            <Unicode>om</Unicode>
          </TextEquiv>
        </Word>
        <Word id="word_054efe99-f24c-4463-9cde-ed888d30313e">
          <Coords points="2853,669 2881,668 2932,666 2983,666 3033,666 3082,665 3133,665 3182,664 3234,665 3253,663 3257,708 3233,710 3183,709 3133,710 3083,710 3033,711 2983,711 2933,711 2884,713 2855,714"/>
          <TextEquiv>
            <Unicode>verscheijden</Unicode>
          </TextEquiv>
        </Word>
        <TextEquiv conf="0.9174184053654652">
          <Unicode>gebare voor 20000. r„a d'Cr comp„e aenpresenteerden, is om verscheijden</Unicode>
        </TextEquiv>
        <TextStyle xHeight="32"/>
      </TextLine>
      <TextLine id="line_7c32cda6-1871-4ccf-a840-7e7c00cbbacc">
        <Coords points="868,746 1326,738 1354,726 1769,730 1785,718 1818,718 1829,726 2429,726 2449,714 2638,714 2653,729 2691,729 2704,738 2740,714 2888,710 2956,710 2988,730 3156,730 3172,718 3188,717 3224,725 3250,745 3273,734 3273,788 3250,801 3229,791 3048,791 3012,826 2976,829 2957,844 2918,849 2840,844 2804,809 2736,805 2728,797 2696,798 2653,826 2557,826 2541,813 2165,813 2149,822 2001,822 1989,813 1398,813 1350,837 1330,837 1230,836 1206,813 868,814"/>
        <Baseline points="894,806 944,807 994,805 1044,804 1094,802 1144,801 1194,800 1244,799 1294,798 1344,797 1394,796 1444,793 1494,793 1544,791 1594,790 1644,789 1694,788 1744,787 1794,787 1844,787 1894,786 1944,786 1994,786 2044,785 2094,785 2144,786 2194,786 2244,786 2294,786 2344,786 2394,786 2444,785 2494,786 2544,787 2594,786 2644,787 2694,787 2744,787 2794,787 2844,787 2894,786 2944,784 2994,784 3044,782 3094,779 3144,777 3194,775 3244,773 3248,775"/>
        <Word id="word_54d1dc6b-feac-4dd8-87d9-a761ea0b2d90">
          <Coords points="895,771 945,772 993,770 1043,769 1093,767 1143,766 1193,765 1243,764 1293,763 1343,762 1393,761 1415,760 1418,805 1394,806 1344,807 1294,808 1244,809 1194,810 1144,811 1094,812 1044,814 994,815 944,817 894,816"/>
          <TextEquiv>
            <Unicode>consideratien,</Unicode>
          </TextEquiv>
        </Word>
        <Word id="word_47965b67-b64e-44de-9a5c-68b6cff55dc9">
          <Coords points="1455,757 1495,758 1543,756 1593,755 1643,754 1693,753 1743,752 1791,752 1791,797 1744,797 1694,798 1644,799 1594,800 1544,801 1494,803 1454,802"/>
          <TextEquiv>
            <Unicode>eensdeels</Unicode>
          </TextEquiv>
        </Word>
        <Word id="word_56f31255-0851-4c31-addc-081cf989f7e1">
          <Coords points="1828,752 1844,752 1893,751 1940,751 1940,796 1894,796 1844,797 1828,797"/>
          <TextEquiv>
            <Unicode>ten</Unicode>
          </TextEquiv>
        </Word>
        <Word id="word_ca379313-e35c-4824-b73e-ef2040fd6396">
          <Coords points="1978,751 1994,751 2043,750 2094,750 2145,751 2194,751 2239,751 2239,796 2194,796 2144,796 2094,795 2044,795 1994,796 1978,796"/>
          <TextEquiv>
            <Unicode>aensien</Unicode>
          </TextEquiv>
        </Word>
        <Word id="word_bd7fbd8c-b3f1-479a-a1f0-23503f48ed28">
          <Coords points="2277,751 2294,751 2344,751 2352,751 2352,796 2344,796 2294,796 2277,796"/>
          <TextEquiv>
            <Unicode>de</Unicode>
          </TextEquiv>
        </Word>
        <Word id="word_788927a9-aabe-473a-8c93-8b917aae77dc">
          <Coords points="2389,751 2394,751 2443,750 2464,750 2464,795 2444,795 2394,796 2389,796"/>
          <TextEquiv>
            <Unicode>te</Unicode>
          </TextEquiv>
        </Word>
        <Word id="word_93187149-8e67-41a6-b370-3f09e77d3145">
          <Coords points="2502,751 2545,752 2593,751 2645,752 2694,752 2744,752 2763,752 2763,797 2744,797 2694,797 2644,797 2594,796 2544,797 2501,796"/>
          <TextEquiv>
            <Unicode>duchten</Unicode>
          </TextEquiv>
        </Word>
        <Word id="word_090308d4-ff4f-46dc-9336-24435d6d99ae">
          <Coords points="2800,752 2844,752 2893,751 2943,749 2994,749 3043,747 3092,744 3098,744 3099,789 3095,789 3044,792 2994,794 2944,794 2894,796 2844,797 2800,797"/>
          <TextEquiv>
            <Unicode>onlusten</Unicode>
          </TextEquiv>
        </Word>
        <Word id="word_d8f8d7a1-5390-4b5e-970d-dcc6f652d280">
          <Coords points="3135,742 3143,742 3193,740 3243,738 3264,744 3244,783 3244,784 3194,785 3144,787 3137,787"/>
          <TextEquiv>
            <Unicode>met</Unicode>
          </TextEquiv>
        </Word>
        <TextEquiv conf="0.9517979261965404">
          <Unicode>consideratien, eensdeels ten aensien de te duchten onlusten met</Unicode>
        </TextEquiv>
        <TextStyle xHeight="34"/>
      </TextLine>
      <TextLine id="ca00eab0-82d3-4c4e-819f-7f28ff78d43d">
        <Coords points="871,816 1206,812 1229,835 1325,836 1356,836 1392,812 1825,812 1992,815 2000,823 2063,824 2147,820 2155,812 2540,812 2559,828 2647,828 2695,797 2728,797 2739,805 2795,804 2830,835 2862,835 2902,851 3006,828 3042,800 3146,804 3170,824 3207,819 3207,873 2894,882 2878,898 2799,898 2791,906 2775,906 2760,921 2735,920 2715,901 1900,901 1876,910 1769,910 1748,889 1717,886 1328,890 1277,936 1253,941 1241,932 1181,928 1173,920 1109,920 1057,897 871,897"/>
        <Baseline points="897,886 947,888 997,886 1047,885 1097,884 1147,884 1197,884 1247,883 1297,883 1347,882 1397,881 1447,880 1497,879 1547,879 1597,877 1647,876 1697,876 1747,875 1797,873 1847,873 1897,873 1947,872 1997,871 2047,871 2097,870 2147,870 2197,869 2247,869 2297,870 2347,870 2397,870 2447,872 2497,873 2547,874 2597,873 2647,873 2697,874 2747,874 2797,874 2847,875 2897,874 2947,871 2997,868 3047,867 3097,865 3147,864 3182,860"/>
        <Word id="word_c58749ad-228a-4257-ab41-c264e95c2269">
          <Coords points="898,851 948,853 996,851 1046,850 1096,849 1147,849 1183,849 1183,894 1147,894 1097,894 1047,895 997,896 947,898 897,896"/>
          <TextEquiv>
            <Unicode>d'Crone</Unicode>
          </TextEquiv>
        </Word>
        <Word id="word_b8c62d79-c230-4379-a7ae-92424f73c55d">
          <Coords points="1222,849 1246,848 1297,848 1345,847 1346,892 1297,893 1247,893 1224,894"/>
          <TextEquiv>
            <Unicode>van</Unicode>
          </TextEquiv>
        </Word>
        <Word id="word_65252a8b-a002-41af-8f9a-ddf8bddbfe84">
          <Coords points="1386,846 1396,846 1446,845 1496,844 1547,844 1596,842 1646,841 1697,841 1746,840 1796,838 1847,838 1897,838 1917,838 1917,883 1897,883 1847,883 1797,883 1747,885 1697,886 1647,886 1597,887 1547,889 1497,889 1447,890 1397,891 1387,891"/>
          <TextEquiv>
            <Unicode>denemarcquen,</Unicode>
          </TextEquiv>
        </Word>
        <Word id="word_83942951-e849-449e-9d0e-ae729e26529a">
          <Coords points="1957,837 1996,836 2047,836 2080,835 2081,880 2047,881 1997,881 1958,882"/>
          <TextEquiv>
            <Unicode>ten</Unicode>
          </TextEquiv>
        </Word>
        <Word id="word_63347b92-fe8e-48e5-8eec-8f6251f9a1c6">
          <Coords points="2122,835 2148,835 2196,834 2247,834 2298,835 2347,835 2397,835 2408,835 2407,880 2397,880 2347,880 2297,880 2247,879 2197,879 2147,880 2121,880"/>
          <TextEquiv>
            <Unicode>anderen</Unicode>
          </TextEquiv>
        </Word>
        <Word id="word_542dcc97-6034-4794-8aba-5a1bc8b9616b">
          <Coords points="2448,837 2498,838 2548,839 2596,838 2647,838 2698,839 2747,839 2774,839 2774,884 2747,884 2697,884 2647,883 2597,883 2547,884 2497,883 2448,882"/>
          <TextEquiv>
            <Unicode>s'Comp„s</Unicode>
          </TextEquiv>
        </Word>
        <Word id="word_621984ab-8540-4224-9955-ebb7b6710747">
          <Coords points="2816,839 2848,840 2896,839 2945,836 2995,833 3018,833 3019,878 2998,878 2948,881 2897,884 2847,885 2815,884"/>
          <TextEquiv>
            <Unicode>Cap=n</Unicode>
          </TextEquiv>
        </Word>
        <Word id="word_11ff229e-5fcf-4cc3-8691-f07bd46d62d9">
          <Coords points="3058,832 3095,830 3146,829 3178,825 3183,870 3147,874 3097,875 3060,877"/>
          <TextEquiv>
            <Unicode>tot</Unicode>
          </TextEquiv>
        </Word>
        <TextEquiv conf="0.8763238234288436">
          <Unicode>d'Crone van denemarcquen, ten anderen s'Comp„s Cap=n tot</Unicode>
        </TextEquiv>
        <TextStyle xHeight="32"/>
      </TextLine>
      <TextLine id="line_1fa3eaad-3669-4a16-952b-6acd93e053dc">
        <Coords points="870,895 1056,898 1112,919 1300,915 1328,892 1376,888 1716,887 1749,891 1770,911 1872,911 1900,902 2368,907 2380,898 2792,903 2876,899 2908,880 2999,888 3235,887 3271,879 3289,897 3289,952 3263,967 3234,953 2644,961 2613,984 2536,989 2500,988 2488,976 2008,972 1969,996 1924,996 1888,976 1808,972 1801,965 1708,965 1692,981 1668,985 1508,984 1492,993 1328,992 1320,984 1200,976 870,985"/>
        <Baseline points="896,971 946,970 996,967 1046,966 1096,965 1146,963 1196,963 1246,962 1296,962 1346,961 1396,960 1446,959 1496,959 1546,958 1596,957 1646,958 1696,958 1746,958 1796,958 1846,958 1896,957 1946,956 1996,956 2046,955 2096,954 2146,952 2196,952 2246,951 2296,951 2346,951 2396,951 2446,951 2496,950 2546,950 2596,951 2646,952 2696,952 2746,952 2796,953 2846,953 2896,951 2946,951 2996,951 3046,949 3096,947 3146,947 3196,945 3246,942 3264,939"/>
        <Word id="word_707f5eab-c0b0-4b88-a8e0-ca1f1d018735">
          <Coords points="895,936 945,935 994,932 1045,931 1095,930 1145,928 1159,928 1159,973 1146,973 1096,975 1046,976 997,977 946,980 896,981"/>
          <TextEquiv>
            <Unicode>meerder</Unicode>
          </TextEquiv>
        </Word>
        <Word id="word_243b2e52-a571-4fb7-ae68-123719150ff1">
          <Coords points="1196,928 1245,927 1296,927 1345,926 1395,925 1445,924 1496,924 1545,923 1595,922 1647,923 1696,923 1723,923 1723,968 1696,968 1646,968 1596,967 1546,968 1496,969 1446,969 1396,970 1346,971 1296,972 1246,972 1197,973"/>
          <TextEquiv>
            <Unicode>uijtbreijdinge</Unicode>
          </TextEquiv>
        </Word>
        <Word id="word_0f23ed58-4361-4138-b295-0ce1d2a0884f">
          <Coords points="1761,923 1796,923 1846,923 1895,922 1945,921 1986,921 1986,966 1946,966 1896,967 1846,968 1796,968 1761,968"/>
          <TextEquiv>
            <Unicode>vanden</Unicode>
          </TextEquiv>
        </Word>
        <Word id="word_86d63061-7803-4641-9b95-a2d135794e63">
          <Coords points="2022,921 2044,920 2095,919 2145,917 2196,917 2245,916 2287,916 2287,961 2246,961 2196,962 2146,962 2096,964 2046,965 2024,966"/>
          <TextEquiv>
            <Unicode>handel,</Unicode>
          </TextEquiv>
        </Word>
        <Word id="word_694b87eb-90a7-4988-b399-4dee78676f64">
          <Coords points="2325,916 2346,916 2396,916 2437,916 2437,961 2396,961 2346,961 2325,961"/>
          <TextEquiv>
            <Unicode>als</Unicode>
          </TextEquiv>
        </Word>
        <Word id="word_54910993-12e0-4a35-944f-162448800b67">
          <Coords points="2473,916 2494,915 2546,915 2597,916 2626,917 2625,962 2596,961 2546,960 2496,960 2475,961"/>
          <TextEquiv>
            <Unicode>doen</Unicode>
          </TextEquiv>
        </Word>
        <Word id="word_28de7517-5875-483f-a640-bacf11ad0ad0">
          <Coords points="2663,917 2696,917 2746,917 2776,918 2775,963 2746,962 2696,962 2663,962"/>
          <TextEquiv>
            <Unicode>soo</Unicode>
          </TextEquiv>
        </Word>
        <Word id="word_c93f72b1-32bc-4ef5-83f3-b6ae7535c469">
          <Coords points="2813,918 2846,918 2895,916 2946,916 2996,916 3045,914 3075,913 3077,958 3046,959 2996,961 2946,961 2896,961 2846,963 2813,963"/>
          <TextEquiv>
            <Unicode>bestant</Unicode>
          </TextEquiv>
        </Word>
        <Word id="word_19e8b2d0-51ff-4c8e-bb02-efd819c9e3f5">
          <Coords points="3115,911 3147,912 3195,910 3244,907 3258,904 3266,949 3247,952 3196,955 3146,957 3114,956"/>
          <TextEquiv>
            <Unicode>niet</Unicode>
          </TextEquiv>
        </Word>
        <TextEquiv conf="0.9731040880688737">
          <Unicode>meerder uijtbreijdinge vanden handel, als doen soo bestant niet</Unicode>
        </TextEquiv>
        <TextStyle xHeight="31"/>
      </TextLine>
      <TextLine id="line_96106b5f-dda3-40b5-a5ae-6d62207fe73a">
        <Coords points="871,981 1197,976 1321,984 1329,992 1492,993 1508,984 1668,985 1692,981 1708,966 1801,966 1808,972 1888,976 1920,996 1968,997 2008,972 2488,976 2500,988 2536,989 2620,981 2636,972 3216,969 3245,996 3260,988 3276,990 3276,1044 3258,1056 3227,1042 3127,1043 3091,1070 2895,1057 2867,1078 2815,1073 2803,1061 2707,1061 2683,1070 2644,1070 2620,1050 2596,1051 2589,1058 2348,1057 2296,1066 2208,1066 2193,1054 2172,1054 2139,1070 1960,1069 1952,1061 1908,1061 1872,1066 1864,1074 1237,1074 1213,1090 1065,1085 1017,1073 871,1073"/>
        <Baseline points="897,1056 947,1054 997,1053 1047,1051 1097,1050 1147,1050 1197,1050 1247,1050 1297,1049 1347,1049 1397,1049 1447,1048 1497,1047 1547,1046 1597,1046 1647,1045 1697,1043 1747,1042 1797,1040 1847,1039 1897,1039 1947,1038 1997,1037 2047,1037 2097,1036 2147,1035 2197,1035 2247,1034 2297,1033 2347,1033 2397,1033 2447,1033 2497,1032 2547,1032 2597,1034 2647,1036 2697,1036 2747,1036 2797,1036 2847,1036 2897,1035 2947,1034 2997,1033 3047,1032 3097,1032 3147,1030 3197,1030 3247,1029 3251,1030"/>
        <Word id="word_10e3908b-4c6e-4042-a6b5-bb5e0a660fdb">
          <Coords points="896,1021 946,1019 972,1018 973,1063 947,1064 897,1066"/>
          <TextEquiv>
            <Unicode>en</Unicode>
          </TextEquiv>
        </Word>
        <Word id="word_05f54bad-136a-4437-b77a-9491c23864cf">
          <Coords points="1009,1018 1045,1016 1096,1015 1147,1015 1197,1015 1239,1015 1239,1060 1197,1060 1147,1060 1097,1060 1047,1061 1011,1063"/>
          <TextEquiv>
            <Unicode>waren,</Unicode>
          </TextEquiv>
        </Word>
        <Word id="word_ef57d374-ac94-4617-8801-a51895bbe900">
          <Coords points="1275,1015 1295,1014 1347,1014 1397,1014 1446,1013 1496,1012 1542,1011 1543,1056 1497,1057 1447,1058 1397,1059 1347,1059 1297,1059 1277,1060"/>
          <TextEquiv>
            <Unicode>t'selve</Unicode>
          </TextEquiv>
        </Word>
        <Word id="word_a79cc3a2-f59b-4314-9137-9587691a3bed">
          <Coords points="1582,1010 1598,1011 1646,1010 1696,1008 1746,1007 1796,1005 1846,1004 1897,1004 1946,1003 1996,1002 2036,1002 2036,1047 1997,1047 1947,1048 1897,1049 1847,1049 1797,1050 1747,1052 1697,1053 1647,1055 1597,1056 1580,1055"/>
          <TextEquiv>
            <Unicode>geexcuseert,</Unicode>
          </TextEquiv>
        </Word>
        <Word id="word_f2cf6168-ac05-4f2f-a02f-810646f04e64">
          <Coords points="2072,1002 2095,1001 2146,1000 2197,1000 2225,999 2226,1044 2197,1045 2147,1045 2097,1046 2074,1047"/>
          <TextEquiv>
            <Unicode>ende</Unicode>
          </TextEquiv>
        </Word>
        <Word id="word_42437b1a-e126-43ba-a5d6-cbea8b5340bd">
          <Coords points="2263,999 2296,998 2347,998 2397,998 2447,998 2496,997 2547,997 2598,999 2648,1001 2697,1001 2719,1001 2719,1046 2697,1046 2647,1046 2597,1044 2547,1042 2497,1042 2447,1043 2397,1043 2347,1043 2297,1043 2264,1044"/>
          <TextEquiv>
            <Unicode>affgeslagen,</Unicode>
          </TextEquiv>
        </Word>
        <Word id="word_7e7948b9-da16-4b47-9f62-e8a5cbe223de">
          <Coords points="2757,1001 2797,1001 2847,1001 2871,1001 2872,1046 2847,1046 2797,1046 2757,1046"/>
          <TextEquiv>
            <Unicode>bij</Unicode>
          </TextEquiv>
        </Word>
        <Word id="word_d518cd65-fa91-41dd-b399-13d9591432db">
          <Coords points="2909,1000 2946,999 2996,998 3046,997 3097,997 3136,995 3138,1040 3097,1042 3047,1042 2997,1043 2947,1044 2910,1045"/>
          <TextEquiv>
            <Unicode>aldien</Unicode>
          </TextEquiv>
        </Word>
        <Word id="word_09cb798e-8601-4838-b871-f62af5e7c89b">
          <Coords points="3177,994 3199,995 3246,994 3259,996 3248,1040 3247,1039 3196,1040 3175,1039"/>
          <TextEquiv>
            <Unicode>nu</Unicode>
          </TextEquiv>
        </Word>
        <TextEquiv conf="0.9431112594192278">
          <Unicode>en waren, t'selve geexcuseert, ende affgeslagen, bij aldien nu</Unicode>
        </TextEquiv>
        <TextStyle xHeight="33"/>
      </TextLine>
      <TextLine id="line_36bbd730-735b-4cbe-b7a7-7f3eae55176a">
        <Coords points="865,1073 1015,1073 1067,1085 1211,1090 1235,1074 1862,1074 1870,1066 1906,1061 2034,1057 2134,1057 2142,1065 2159,1065 2174,1053 2190,1053 2206,1066 2338,1066 2350,1057 2590,1058 2602,1049 2617,1049 2641,1070 2681,1070 2709,1061 2805,1061 2817,1073 2865,1078 2897,1057 3089,1070 3113,1054 3129,1053 3149,1072 3194,1072 3194,1126 3018,1126 3005,1135 2981,1126 2913,1127 2886,1154 2861,1159 2725,1159 2705,1142 2586,1138 1934,1135 1894,1151 1722,1151 1698,1163 1147,1163 1139,1171 1083,1175 865,1174"/>
        <Baseline points="891,1140 941,1142 991,1142 1041,1141 1091,1139 1141,1138 1191,1138 1241,1138 1291,1136 1341,1135 1391,1135 1441,1135 1491,1133 1541,1132 1591,1131 1641,1129 1691,1129 1741,1128 1791,1126 1841,1125 1891,1124 1941,1123 1991,1122 2041,1121 2091,1121 2141,1120 2191,1120 2241,1121 2291,1120 2341,1120 2391,1119 2441,1118 2491,1118 2541,1119 2591,1119 2641,1118 2691,1117 2741,1117 2791,1116 2841,1116 2891,1116 2941,1113 2991,1113 3041,1113 3091,1113 3141,1113 3169,1113"/>
        <Word id="word_293d3930-181e-4f7e-a211-feef588d3be9">
          <Coords points="892,1105 942,1107 991,1107 1040,1106 1090,1104 1140,1103 1191,1103 1241,1103 1243,1103 1245,1148 1241,1148 1191,1148 1141,1148 1091,1149 1041,1151 991,1152 941,1152 891,1150"/>
          <TextEquiv>
            <Unicode>d'occasie</Unicode>
          </TextEquiv>
        </Word>
        <Word id="word_fc931e83-f16c-4d82-bcd2-0eae91b1b206">
          <Coords points="1282,1101 1290,1101 1340,1100 1391,1100 1441,1100 1490,1098 1540,1097 1590,1096 1636,1094 1638,1139 1591,1141 1541,1142 1491,1143 1441,1145 1391,1145 1341,1145 1291,1146 1284,1146"/>
          <TextEquiv>
            <Unicode>voorviel,</Unicode>
          </TextEquiv>
        </Word>
        <Word id="word_248d8993-ebcf-4739-ac2e-3e307c3e8389">
          <Coords points="1680,1093 1694,1094 1740,1093 1790,1091 1793,1091 1794,1136 1791,1136 1741,1138 1690,1139 1675,1138"/>
          <TextEquiv>
            <Unicode>den</Unicode>
          </TextEquiv>
        </Word>
        <Word id="word_118a1d6f-ff2f-43fc-924c-7a2ddae5a61a">
          <Coords points="1833,1090 1840,1090 1890,1089 1940,1088 1990,1087 2040,1086 2091,1086 2140,1085 2187,1085 2187,1130 2141,1130 2091,1131 2041,1131 1991,1132 1941,1133 1891,1134 1841,1135 1834,1135"/>
          <TextEquiv>
            <Unicode>deenschen</Unicode>
          </TextEquiv>
        </Word>
        <Word id="word_a2a6ee59-9175-459a-8bbd-724506119470">
          <Coords points="2229,1085 2243,1086 2290,1085 2341,1085 2390,1084 2440,1083 2491,1083 2542,1084 2591,1084 2618,1083 2619,1128 2591,1129 2541,1129 2491,1128 2441,1128 2391,1129 2341,1130 2291,1130 2240,1131 2226,1130"/>
          <TextEquiv>
            <Unicode>Commandeur</Unicode>
          </TextEquiv>
        </Word>
        <Word id="word_c31a57d3-2d98-427a-aace-f04d1d1230c6">
          <Coords points="2658,1083 2690,1082 2741,1082 2790,1081 2841,1081 2891,1081 2892,1081 2895,1126 2891,1126 2841,1126 2791,1126 2741,1127 2691,1127 2658,1128"/>
          <TextEquiv>
            <Unicode>willem</Unicode>
          </TextEquiv>
        </Word>
        <Word id="word_1b31de8e-658f-4880-abec-a51a01d3e7e5">
          <Coords points="2931,1079 2939,1078 2991,1078 3041,1078 3091,1078 3141,1078 3169,1078 3169,1123 3141,1123 3091,1123 3041,1123 2991,1123 2942,1123 2934,1123"/>
          <TextEquiv>
            <Unicode>leijel</Unicode>
          </TextEquiv>
        </Word>
        <TextEquiv conf="0.9490258671943811">
          <Unicode>d'occasie voorviel, den deenschen Commandeur willem leijel</Unicode>
        </TextEquiv>
        <TextStyle xHeight="30"/>
      </TextLine>
      <TextLine id="line_6d7bcede-94be-44aa-b1e3-e40b2bd0a752">
        <Coords points="856,1174 1082,1175 1138,1171 1146,1163 1697,1163 1721,1151 1893,1151 1937,1135 2585,1135 2593,1142 2704,1142 2724,1159 2860,1159 2881,1154 2912,1128 2980,1127 3007,1135 3023,1119 3072,1160 3217,1160 3217,1214 3212,1208 3124,1213 3100,1236 3072,1240 3056,1256 3040,1260 2948,1255 2940,1247 2828,1247 2768,1264 2740,1239 2573,1240 2557,1227 2425,1227 2413,1236 2337,1236 2293,1227 2109,1227 2098,1217 2040,1232 1974,1224 1426,1228 1402,1244 1326,1244 1318,1252 1058,1260 856,1255"/>
        <Baseline points="882,1230 932,1228 982,1227 1032,1227 1082,1226 1132,1225 1182,1224 1232,1223 1282,1223 1332,1222 1382,1220 1432,1219 1482,1219 1532,1218 1582,1219 1632,1218 1682,1216 1732,1216 1782,1215 1832,1213 1882,1212 1932,1210 1982,1208 2032,1206 2082,1204 2132,1203 2182,1204 2232,1204 2282,1205 2332,1206 2382,1205 2432,1206 2482,1206 2532,1205 2582,1205 2632,1205 2682,1206 2732,1206 2782,1207 2832,1207 2882,1206 2932,1205 2982,1205 3032,1203 3082,1202 3132,1201 3182,1199 3192,1201"/>
        <Word id="word_c5066c0f-3fbe-4cc2-b1f2-6b87b3a795e7">
          <Coords points="881,1195 931,1193 981,1192 1006,1192 1006,1237 982,1237 932,1238 882,1240"/>
          <TextEquiv>
            <Unicode>die</Unicode>
          </TextEquiv>
        </Word>
        <Word id="word_40228d5a-1ee5-457b-ac3c-b2391f1a882b">
          <Coords points="1046,1192 1081,1191 1129,1190 1130,1235 1082,1236 1047,1237"/>
          <TextEquiv>
            <Unicode>in</Unicode>
          </TextEquiv>
        </Word>
        <Word id="word_dd884a64-fe0c-4fdc-82f0-44d43c442929">
          <Coords points="1170,1189 1181,1189 1231,1188 1282,1188 1331,1187 1381,1185 1431,1184 1460,1184 1460,1229 1432,1229 1382,1230 1332,1232 1282,1233 1232,1233 1182,1234 1171,1234"/>
          <TextEquiv>
            <Unicode>October</Unicode>
          </TextEquiv>
        </Word>
        <Word id="word_91aef03a-312f-45a5-bdd4-b1e0c8ff4947">
          <Coords points="1500,1184 1531,1183 1583,1184 1631,1183 1681,1181 1732,1181 1781,1180 1788,1180 1790,1225 1782,1225 1732,1226 1682,1226 1632,1228 1582,1229 1532,1228 1501,1229"/>
          <TextEquiv>
            <Unicode>passado</Unicode>
          </TextEquiv>
        </Word>
        <Word id="word_b4567d4e-827e-443a-8454-3a1c3a1063a6">
          <Coords points="1829,1178 1831,1178 1881,1177 1931,1175 1953,1174 1955,1219 1932,1220 1882,1222 1832,1223 1831,1223"/>
          <TextEquiv>
            <Unicode>met</Unicode>
          </TextEquiv>
        </Word>
        <Word id="word_471b1b55-9daf-472c-aede-50bd890e5422">
          <Coords points="1994,1172 2031,1171 2081,1169 2119,1168 2120,1213 2082,1214 2032,1216 1996,1217"/>
          <TextEquiv>
            <Unicode>een</Unicode>
          </TextEquiv>
        </Word>
        <Word id="word_034546f7-1e5e-4532-9697-379d4933194a">
          <Coords points="2163,1168 2185,1169 2232,1169 2283,1170 2333,1171 2381,1170 2433,1171 2482,1171 2531,1170 2582,1170 2632,1170 2657,1170 2656,1215 2632,1215 2582,1215 2532,1215 2482,1216 2432,1216 2382,1215 2332,1216 2282,1215 2232,1214 2181,1214 2160,1212"/>
          <TextEquiv>
            <Unicode>Cargasoentge</Unicode>
          </TextEquiv>
        </Word>
        <Word id="word_fdd9a356-3e66-4937-8cfd-426bd0168028">
          <Coords points="2697,1171 2732,1171 2783,1172 2821,1172 2821,1217 2782,1217 2732,1216 2697,1216"/>
          <TextEquiv>
            <Unicode>van</Unicode>
          </TextEquiv>
        </Word>
        <Word id="word_dffa392d-6593-419a-8357-2d30a2503c13">
          <Coords points="2860,1172 2880,1171 2931,1170 2982,1170 3031,1168 3081,1167 3109,1166 3110,1211 3082,1212 3032,1213 2982,1215 2932,1215 2883,1216 2863,1217"/>
          <TextEquiv>
            <Unicode>Cleden</Unicode>
          </TextEquiv>
        </Word>
        <Word id="word_edc75d51-d604-480a-87ac-300e86838617">
          <Coords points="3149,1166 3180,1164 3199,1167 3190,1211 3183,1209 3151,1211"/>
          <TextEquiv>
            <Unicode>—</Unicode>
          </TextEquiv>
        </Word>
        <TextEquiv conf="0.9477857076724714">
          <Unicode>die in October passado met een Cargasoentge van Cleden —</Unicode>
        </TextEquiv>
        <TextStyle xHeight="30"/>
      </TextLine>
      <TextLine id="line_59959531-7d89-46ac-bdab-eaec65e48782">
        <Coords points="862,1256 1068,1257 1096,1244 1320,1249 1400,1245 1424,1229 2096,1216 2108,1228 2292,1228 2336,1237 2412,1237 2424,1228 2556,1228 2572,1240 2740,1240 2764,1261 2808,1261 2836,1244 2932,1244 2948,1253 3039,1261 3068,1241 3104,1233 3128,1212 3189,1209 3241,1241 3261,1230 3261,1285 3257,1281 3238,1299 3224,1293 3216,1301 2752,1301 2712,1329 2256,1325 2216,1316 1808,1316 1708,1333 1496,1333 1480,1348 1406,1339 862,1343"/>
        <Baseline points="888,1322 938,1317 988,1315 1038,1314 1088,1312 1138,1310 1188,1310 1238,1309 1288,1308 1338,1307 1388,1305 1438,1304 1488,1303 1538,1302 1588,1301 1638,1300 1688,1299 1738,1299 1788,1297 1838,1296 1888,1294 1938,1292 1988,1291 2038,1290 2088,1289 2138,1287 2188,1286 2238,1287 2288,1287 2338,1287 2388,1287 2438,1287 2488,1287 2538,1286 2588,1285 2638,1285 2688,1284 2738,1287 2788,1286 2838,1286 2888,1285 2938,1284 2988,1283 3038,1283 3088,1281 3138,1280 3188,1277 3236,1272"/>
        <Word id="word_87b3b343-6291-4131-bf51-1e262ae3f30c">
          <Coords points="885,1287 935,1282 987,1280 1037,1279 1043,1279 1045,1324 1038,1324 988,1325 939,1327 889,1332"/>
          <TextEquiv>
            <Unicode>daer</Unicode>
          </TextEquiv>
        </Word>
        <Word id="word_0cad0515-4b4c-4c01-92fc-9900d1cb8699">
          <Coords points="1082,1277 1087,1277 1137,1275 1188,1275 1200,1275 1201,1320 1188,1320 1138,1320 1088,1322 1084,1322"/>
          <TextEquiv>
            <Unicode>van</Unicode>
          </TextEquiv>
        </Word>
        <Word id="word_b01536ec-3a31-4f34-bc79-dbd733c47e46">
          <Coords points="1239,1274 1287,1273 1337,1272 1356,1271 1358,1316 1338,1317 1288,1318 1240,1319"/>
          <TextEquiv>
            <Unicode>ons</Unicode>
          </TextEquiv>
        </Word>
        <Word id="word_86c18cde-eb18-438c-a040-a1f5f90bec89">
          <Coords points="1396,1270 1437,1269 1487,1268 1537,1267 1587,1266 1637,1265 1687,1264 1738,1264 1787,1262 1837,1261 1887,1259 1904,1258 1906,1303 1888,1304 1838,1306 1788,1307 1738,1309 1688,1309 1638,1310 1588,1311 1538,1312 1488,1313 1438,1314 1397,1315"/>
          <TextEquiv>
            <Unicode>d'quantiteijt</Unicode>
          </TextEquiv>
        </Word>
        <Word id="word_20d26c3d-fc67-4994-9179-f504f1962c3e">
          <Coords points="1944,1257 1987,1256 2037,1255 2087,1254 2100,1254 2102,1298 2088,1299 2038,1300 1988,1301 1945,1302"/>
          <TextEquiv>
            <Unicode>ende</Unicode>
          </TextEquiv>
        </Word>
        <Word id="word_a71cfab3-68f8-47e8-8039-1b13e0aa9230">
          <Coords points="2140,1252 2187,1251 2239,1252 2288,1252 2338,1252 2388,1252 2438,1252 2488,1252 2531,1251 2532,1296 2488,1297 2438,1297 2388,1297 2338,1297 2288,1297 2238,1297 2188,1296 2140,1297"/>
          <TextEquiv>
            <Unicode>qualiteijt</Unicode>
          </TextEquiv>
        </Word>
        <Word id="word_ea38954f-339a-4a80-8c14-64cee211ff36">
          <Coords points="2570,1250 2587,1250 2638,1250 2687,1249 2690,1249 2688,1294 2688,1294 2638,1295 2588,1295 2571,1295"/>
          <TextEquiv>
            <Unicode>tot</Unicode>
          </TextEquiv>
        </Word>
        <Word id="word_051a22e5-d169-42a4-979a-655832ea143b">
          <Coords points="2730,1251 2740,1252 2787,1251 2838,1251 2883,1250 2884,1295 2838,1296 2788,1296 2737,1297 2727,1296"/>
          <TextEquiv>
            <Unicode>noch</Unicode>
          </TextEquiv>
        </Word>
        <Word id="word_4fa1bae4-70d4-496f-aeb1-397206200cc3">
          <Coords points="2922,1249 2937,1249 2987,1248 3038,1248 3087,1246 3137,1245 3186,1242 3232,1237 3237,1282 3189,1287 3138,1290 3088,1291 3038,1293 2988,1293 2938,1294 2923,1294"/>
          <TextEquiv>
            <Unicode>onbewust</Unicode>
          </TextEquiv>
        </Word>
        <TextEquiv conf="0.9209963408895042">
          <Unicode>daer van ons d'quantiteijt ende qualiteijt tot noch onbewust</Unicode>
        </TextEquiv>
        <TextStyle xHeight="34"/>
      </TextLine>
      <TextLine id="f5fa1aec-1aea-4c5f-98ba-bb7a902677dd">
        <Coords points="865,1341 1445,1341 1453,1349 1478,1350 1518,1313 1650,1313 1662,1325 1710,1326 1806,1317 2218,1317 2254,1325 2582,1330 2709,1330 2721,1318 2737,1317 2889,1317 2933,1326 3097,1325 3109,1337 3201,1337 3209,1345 3234,1346 3255,1329 3275,1329 3283,1337 3290,1332 3290,1387 3247,1406 3205,1398 2897,1398 2889,1406 2761,1407 2741,1390 2310,1390 2298,1399 2122,1394 2110,1403 1674,1402 1646,1419 1586,1419 1558,1410 1463,1411 1444,1399 1067,1403 991,1407 971,1423 865,1423"/>
        <Baseline points="891,1402 941,1401 991,1400 1041,1397 1091,1396 1141,1394 1191,1393 1241,1392 1291,1390 1341,1390 1391,1390 1441,1389 1491,1389 1541,1388 1591,1386 1641,1386 1691,1385 1741,1383 1791,1382 1841,1381 1891,1379 1941,1378 1991,1377 2041,1376 2091,1374 2141,1374 2191,1374 2241,1373 2291,1374 2341,1373 2391,1373 2441,1373 2491,1372 2541,1371 2591,1372 2641,1371 2691,1371 2741,1371 2791,1372 2841,1372 2891,1372 2941,1373 2991,1372 3041,1371 3091,1370 3141,1369 3191,1370 3241,1369 3265,1373"/>
        <Word id="word_ab066a95-48ed-4327-ab9c-fbdf1325c428">
          <Coords points="890,1367 940,1366 990,1365 1039,1362 1057,1362 1058,1407 1042,1407 991,1410 941,1411 891,1412"/>
          <TextEquiv>
            <Unicode>uijt</Unicode>
          </TextEquiv>
        </Word>
        <Word id="word_a2a87d4a-34a6-47a6-b93d-2fd857f861a9">
          <Coords points="1098,1361 1139,1359 1190,1358 1240,1357 1290,1355 1341,1355 1349,1355 1349,1400 1341,1400 1291,1400 1241,1402 1191,1403 1141,1404 1100,1406"/>
          <TextEquiv>
            <Unicode>d'rede</Unicode>
          </TextEquiv>
        </Word>
        <Word id="word_e29d31bf-9d6f-4110-a6d0-90a14c709517">
          <Coords points="1391,1355 1391,1355 1440,1354 1491,1354 1515,1354 1516,1399 1491,1399 1441,1399 1391,1400 1391,1400"/>
          <TextEquiv>
            <Unicode>van</Unicode>
          </TextEquiv>
        </Word>
        <Word id="word_b619507b-9f7d-4c2c-a651-e69303f10dbc">
          <Coords points="1556,1353 1589,1351 1641,1351 1690,1350 1740,1348 1790,1347 1840,1346 1890,1344 1940,1343 1973,1342 1974,1387 1941,1388 1891,1389 1841,1391 1791,1392 1741,1393 1691,1395 1641,1396 1591,1396 1558,1398"/>
          <TextEquiv>
            <Unicode>trangebare</Unicode>
          </TextEquiv>
        </Word>
        <Word id="word_e3bfaeff-57e7-4cfb-b825-9278474d3bb1">
          <Coords points="2015,1342 2040,1341 2090,1339 2141,1339 2182,1339 2182,1384 2141,1384 2091,1384 2041,1386 2016,1387"/>
          <TextEquiv>
            <Unicode>over</Unicode>
          </TextEquiv>
        </Word>
        <Word id="word_3b900cab-ebed-4fa3-bec1-53e6c27f96f0">
          <Coords points="2222,1339 2239,1338 2292,1339 2340,1338 2391,1338 2432,1338 2432,1383 2391,1383 2341,1383 2291,1384 2242,1383 2224,1384"/>
          <TextEquiv>
            <Unicode>queda</Unicode>
          </TextEquiv>
        </Word>
        <Word id="word_63f21ad3-8cd8-4994-b75c-31d427425b21">
          <Coords points="2472,1338 2489,1337 2540,1336 2592,1337 2640,1336 2641,1381 2591,1382 2541,1381 2492,1382 2474,1383"/>
          <TextEquiv>
            <Unicode>naer</Unicode>
          </TextEquiv>
        </Word>
        <Word id="word_cc16686e-3e52-4568-9323-a2a11357a2f1">
          <Coords points="2685,1335 2694,1336 2741,1336 2792,1337 2841,1337 2891,1337 2942,1338 2990,1337 3015,1337 3015,1382 2991,1382 2941,1383 2891,1382 2841,1382 2791,1382 2741,1381 2690,1381 2681,1380"/>
          <TextEquiv>
            <Unicode>macasser</Unicode>
          </TextEquiv>
        </Word>
        <Word id="word_aa72f153-63d3-48d3-bb8d-0b704ddbb4a3">
          <Coords points="3056,1336 3090,1335 3140,1334 3192,1335 3240,1334 3271,1338 3263,1383 3241,1379 3191,1380 3141,1379 3091,1380 3057,1381"/>
          <TextEquiv>
            <Unicode>gena„</Unicode>
          </TextEquiv>
        </Word>
        <TextEquiv conf="0.9652321123163684">
          <Unicode>uijt d'rede van trangebare over queda naer macasser gena„</Unicode>
        </TextEquiv>
        <TextStyle xHeight="31"/>
      </TextLine>
      <TextLine id="line_9aab189d-dc0e-4c6d-be79-10682e76a93c">
        <Coords points="867,1425 969,1425 989,1409 1133,1401 1444,1400 1464,1413 1652,1417 1672,1401 2107,1405 2119,1393 2199,1388 2747,1392 2755,1400 2835,1401 3245,1392 3254,1401 3267,1393 3295,1409 3295,1464 3286,1458 3266,1477 2859,1476 2775,1481 2758,1493 2715,1493 2675,1492 2639,1468 2339,1469 2311,1485 1724,1485 1704,1489 1672,1516 1653,1504 1516,1504 1488,1492 1085,1485 1029,1489 1005,1508 867,1508"/>
        <Baseline points="893,1482 943,1482 993,1481 1043,1480 1093,1478 1143,1477 1193,1474 1243,1472 1293,1471 1343,1469 1393,1468 1443,1467 1493,1466 1543,1465 1593,1464 1643,1464 1693,1464 1743,1464 1793,1463 1843,1462 1893,1460 1943,1459 1993,1456 2043,1455 2093,1454 2143,1453 2193,1452 2243,1452 2293,1452 2343,1452 2393,1452 2443,1452 2493,1453 2543,1453 2593,1453 2643,1453 2693,1454 2743,1455 2793,1454 2843,1454 2893,1454 2943,1453 2993,1452 3043,1451 3093,1451 3143,1451 3193,1450 3243,1448 3270,1451"/>
        <Word id="word_7866dffe-3fcb-456d-84a6-1fc6a28af190">
          <Coords points="893,1447 943,1447 992,1446 1042,1445 1092,1443 1142,1442 1151,1441 1154,1486 1143,1487 1093,1488 1043,1490 993,1491 943,1492 893,1492"/>
          <TextEquiv>
            <Unicode>vigeert</Unicode>
          </TextEquiv>
        </Word>
        <Word id="word_111333ce-90a6-40d0-9a03-4902676bcbfa">
          <Coords points="1188,1439 1191,1439 1242,1437 1292,1436 1300,1436 1302,1481 1293,1481 1243,1482 1194,1484 1191,1484"/>
          <TextEquiv>
            <Unicode>is,</Unicode>
          </TextEquiv>
        </Word>
        <Word id="word_031f8748-b540-41b2-b8a6-5da041e33663">
          <Coords points="1337,1434 1342,1434 1392,1433 1412,1433 1413,1478 1393,1478 1343,1479 1339,1479"/>
          <TextEquiv>
            <Unicode>In</Unicode>
          </TextEquiv>
        </Word>
        <Word id="word_e95b9f89-6396-4f20-a7e8-6302c9104cc0">
          <Coords points="1449,1432 1492,1431 1524,1430 1525,1475 1493,1476 1450,1477"/>
          <TextEquiv>
            <Unicode>'t</Unicode>
          </TextEquiv>
        </Word>
        <Word id="word_c6ffe3e5-29b2-45f0-a5c4-e6f4975ee17f">
          <Coords points="1561,1430 1592,1429 1643,1429 1693,1429 1743,1429 1747,1429 1747,1474 1743,1474 1693,1474 1643,1474 1593,1474 1562,1475"/>
          <TextEquiv>
            <Unicode>weder</Unicode>
          </TextEquiv>
        </Word>
        <Word id="word_5e4e386e-2758-478b-8e0a-714188b2e5a4">
          <Coords points="1784,1428 1792,1428 1842,1427 1892,1425 1942,1424 1991,1421 2042,1420 2092,1419 2118,1418 2119,1463 2093,1464 2043,1465 1994,1466 1943,1469 1893,1470 1843,1472 1793,1473 1785,1473"/>
          <TextEquiv>
            <Unicode>herwaerts</Unicode>
          </TextEquiv>
        </Word>
        <Word id="word_f4b8a8cc-ec9c-4ab3-bf51-3a0c1995fff3">
          <Coords points="2155,1418 2192,1417 2243,1417 2293,1417 2343,1417 2379,1417 2379,1462 2343,1462 2293,1462 2243,1462 2193,1462 2156,1463"/>
          <TextEquiv>
            <Unicode>keeren</Unicode>
          </TextEquiv>
        </Word>
        <Word id="word_f014dc5c-ab51-4276-8b97-ebd463e624e9">
          <Coords points="2416,1417 2443,1417 2494,1418 2543,1418 2564,1418 2564,1463 2543,1463 2493,1463 2443,1462 2416,1462"/>
          <TextEquiv>
            <Unicode>over</Unicode>
          </TextEquiv>
        </Word>
        <Word id="word_21a71f2d-3f5d-4456-a3f8-30648f758b99">
          <Coords points="2602,1418 2643,1418 2694,1419 2744,1420 2792,1419 2843,1419 2862,1419 2862,1464 2843,1464 2793,1464 2743,1465 2693,1464 2643,1463 2602,1463"/>
          <TextEquiv>
            <Unicode>bantham</Unicode>
          </TextEquiv>
        </Word>
        <Word id="word_15679cef-92a0-4127-a89f-9fc28ace06e3">
          <Coords points="2898,1419 2942,1418 2972,1417 2973,1462 2943,1463 2899,1464"/>
          <TextEquiv>
            <Unicode>In</Unicode>
          </TextEquiv>
        </Word>
        <Word id="word_f4df1217-7d27-4643-9e92-0e4bdf0b67ad">
          <Coords points="3009,1417 3042,1416 3093,1416 3143,1416 3192,1415 3242,1413 3274,1416 3269,1461 3243,1458 3193,1460 3143,1461 3093,1461 3043,1461 3010,1462"/>
          <TextEquiv>
            <Unicode>passant</Unicode>
          </TextEquiv>
        </Word>
        <TextEquiv conf="0.9593560738107036">
          <Unicode>vigeert is, In 't weder herwaerts keeren over bantham In passant</Unicode>
        </TextEquiv>
        <TextStyle xHeight="32"/>
      </TextLine>
      <TextLine id="line_768a71cc-7600-4a26-add9-a7e4c68c1cb0">
        <Coords points="871,1509 1005,1509 1029,1489 1085,1485 1173,1489 1189,1481 1472,1473 1693,1473 1708,1488 2312,1485 2344,1468 2640,1468 2675,1492 2715,1493 2859,1476 3240,1483 3240,1537 3183,1538 3163,1558 3139,1566 3083,1570 3059,1557 2915,1553 2799,1558 2767,1574 2731,1574 2695,1561 2068,1562 1896,1574 1884,1565 1840,1565 1833,1558 1704,1558 1464,1566 1433,1570 1425,1578 1349,1578 1329,1590 1305,1589 1285,1573 1005,1574 965,1578 949,1594 931,1585 871,1585"/>
        <Baseline points="897,1573 947,1569 997,1567 1047,1564 1097,1563 1147,1561 1197,1558 1247,1557 1297,1555 1347,1554 1397,1552 1447,1550 1497,1548 1547,1546 1597,1545 1647,1544 1697,1543 1747,1543 1797,1542 1847,1541 1897,1540 1947,1539 1997,1537 2047,1536 2097,1535 2147,1535 2197,1533 2247,1533 2297,1533 2347,1532 2397,1532 2447,1531 2497,1531 2547,1531 2597,1530 2647,1531 2697,1532 2747,1533 2797,1534 2847,1535 2897,1534 2947,1532 2997,1531 3047,1530 3097,1529 3147,1529 3197,1528 3215,1524"/>
        <Word id="word_87cc5234-69e4-47cb-9fb3-a337bcc7089e">
          <Coords points="894,1538 944,1534 996,1532 1007,1531 1010,1576 997,1577 948,1579 898,1583"/>
          <TextEquiv>
            <Unicode>bij</Unicode>
          </TextEquiv>
        </Word>
        <Word id="word_d33df916-eadf-4dfb-8cb6-4cd6b970b34e">
          <Coords points="1044,1529 1045,1529 1096,1528 1146,1526 1194,1523 1196,1568 1147,1571 1097,1573 1048,1574 1047,1574"/>
          <TextEquiv>
            <Unicode>uEd:</Unicode>
          </TextEquiv>
        </Word>
        <Word id="word_9ae96552-8168-492d-996e-208deeea1e1d">
          <Coords points="1236,1521 1250,1522 1296,1520 1346,1519 1396,1517 1446,1515 1456,1515 1458,1560 1447,1560 1397,1562 1347,1564 1297,1565 1246,1567 1232,1566"/>
          <TextEquiv>
            <Unicode>costij</Unicode>
          </TextEquiv>
        </Word>
        <Word id="word_a1333f9a-b3c2-4842-82e6-54dc9776d283">
          <Coords points="1493,1513 1496,1513 1546,1511 1596,1510 1646,1509 1681,1508 1682,1553 1647,1554 1597,1555 1547,1556 1497,1558 1495,1558"/>
          <TextEquiv>
            <Unicode>quame</Unicode>
          </TextEquiv>
        </Word>
        <Word id="word_8dc8a393-733d-4dd3-bdbc-1915ac5f4354">
          <Coords points="1720,1508 1748,1508 1793,1507 1794,1552 1747,1553 1719,1553"/>
          <TextEquiv>
            <Unicode>te</Unicode>
          </TextEquiv>
        </Word>
        <Word id="word_cba35637-d213-4ec6-bc50-e6752ec5f2f8">
          <Coords points="1831,1506 1846,1506 1896,1505 1946,1504 1996,1502 2046,1501 2096,1500 2147,1500 2196,1498 2247,1498 2297,1498 2317,1498 2318,1543 2297,1543 2247,1543 2197,1543 2147,1545 2097,1545 2047,1546 1997,1547 1947,1549 1897,1550 1847,1551 1832,1551"/>
          <TextEquiv>
            <Unicode>verscheijnen,</Unicode>
          </TextEquiv>
        </Word>
        <Word id="word_6d54e953-d0a6-43ed-a754-b23e61552cd8">
          <Coords points="2355,1497 2397,1497 2446,1496 2497,1496 2505,1496 2505,1541 2497,1541 2447,1541 2397,1542 2355,1542"/>
          <TextEquiv>
            <Unicode>ende</Unicode>
          </TextEquiv>
        </Word>
        <Word id="word_252a7938-cb1a-431c-a811-de83350a7aa4">
          <Coords points="2542,1496 2547,1496 2596,1495 2648,1496 2692,1497 2692,1542 2647,1541 2597,1540 2547,1541 2542,1541"/>
          <TextEquiv>
            <Unicode>mits</Unicode>
          </TextEquiv>
        </Word>
        <Word id="word_c85732be-0889-4221-a9f7-0dd756ece908">
          <Coords points="2730,1498 2748,1498 2798,1499 2842,1500 2841,1545 2797,1544 2747,1543 2729,1543"/>
          <TextEquiv>
            <Unicode>den</Unicode>
          </TextEquiv>
        </Word>
        <Word id="word_84dc7b48-8736-4c68-b363-d503d5ae212f">
          <Coords points="2876,1501 2894,1499 2946,1497 2996,1496 3046,1495 3096,1494 3147,1494 3196,1493 3207,1490 3217,1534 3197,1538 3147,1539 3097,1539 3047,1540 2997,1541 2947,1542 2898,1544 2880,1546"/>
          <TextEquiv>
            <Unicode>presenten</Unicode>
          </TextEquiv>
        </Word>
        <TextEquiv conf="0.9697552567987205">
          <Unicode>bij uEd: costij quame te verscheijnen, ende mits den presenten</Unicode>
        </TextEquiv>
        <TextStyle xHeight="34"/>
      </TextLine>
      <TextLine id="line_27c22c4a-278f-4ce9-83ae-86f9fb5040d3">
        <Coords points="871,1585 931,1585 949,1594 965,1578 1005,1574 1285,1573 1305,1589 1329,1590 1349,1578 1425,1578 1445,1558 1513,1557 1829,1557 1841,1565 1885,1565 1897,1574 2069,1562 2333,1561 2697,1561 2733,1574 2765,1574 2801,1558 2897,1553 3060,1557 3077,1570 3165,1557 3202,1561 3202,1615 3117,1616 3098,1635 3071,1647 3013,1647 3004,1638 2881,1638 2861,1623 2793,1623 2757,1643 2561,1638 2554,1631 2181,1628 1777,1639 1761,1655 1749,1650 1710,1666 1629,1666 1613,1654 1185,1659 1158,1686 1133,1695 1113,1694 1105,1686 871,1682"/>
        <Baseline points="897,1657 947,1657 997,1654 1047,1653 1097,1652 1147,1651 1197,1649 1247,1647 1297,1646 1347,1644 1397,1641 1447,1638 1497,1637 1547,1635 1597,1632 1647,1630 1697,1629 1747,1628 1797,1626 1847,1624 1897,1622 1947,1621 1997,1619 2047,1617 2097,1616 2147,1616 2197,1615 2247,1615 2297,1614 2347,1614 2397,1613 2447,1613 2497,1613 2547,1613 2597,1612 2647,1611 2697,1609 2747,1610 2797,1611 2847,1611 2897,1610 2947,1608 2997,1607 3047,1608 3097,1609 3147,1604 3177,1602"/>
        <Word id="word_70dd61cc-2a26-44dc-8a65-2f0c07eae469">
          <Coords points="897,1622 947,1622 995,1619 1046,1618 1096,1617 1146,1616 1166,1615 1168,1660 1147,1661 1097,1662 1047,1663 998,1664 947,1667 897,1667"/>
          <TextEquiv>
            <Unicode>soberen</Unicode>
          </TextEquiv>
        </Word>
        <Word id="word_0755c919-a209-44c5-a5c1-04da9a7e6e93">
          <Coords points="1205,1614 1246,1612 1296,1611 1346,1609 1395,1606 1397,1606 1400,1651 1398,1651 1347,1654 1297,1656 1247,1657 1207,1659"/>
          <TextEquiv>
            <Unicode>staet</Unicode>
          </TextEquiv>
        </Word>
        <Word id="word_feb4be47-6bc3-4376-91f8-129f634f0cfe">
          <Coords points="1436,1604 1445,1603 1496,1602 1546,1600 1552,1600 1554,1645 1547,1645 1497,1647 1448,1648 1439,1649"/>
          <TextEquiv>
            <Unicode>der</Unicode>
          </TextEquiv>
        </Word>
        <Word id="word_0eccb079-8805-4d97-a243-44735bd4650f">
          <Coords points="1590,1597 1595,1597 1646,1595 1696,1594 1746,1593 1796,1591 1823,1590 1825,1635 1797,1636 1747,1638 1697,1639 1647,1640 1598,1642 1593,1642"/>
          <TextEquiv>
            <Unicode>denen,</Unicode>
          </TextEquiv>
        </Word>
        <Word id="word_a4ba27ab-ab45-46ae-9201-db43379d2013">
          <Coords points="1862,1588 1896,1587 1946,1586 1996,1584 2016,1583 2018,1628 1997,1629 1947,1631 1897,1632 1863,1633"/>
          <TextEquiv>
            <Unicode>uEd:</Unicode>
          </TextEquiv>
        </Word>
        <Word id="word_faf17a47-8abd-4d4b-9091-e77f64667b9e">
          <Coords points="2056,1582 2096,1581 2147,1581 2196,1580 2247,1580 2287,1579 2288,1624 2247,1625 2197,1625 2147,1626 2097,1626 2056,1627"/>
          <TextEquiv>
            <Unicode>eenich</Unicode>
          </TextEquiv>
        </Word>
        <Word id="word_4d173b70-f72b-4476-9941-57b9892811b4">
          <Coords points="2328,1578 2348,1579 2396,1578 2447,1578 2497,1578 2547,1578 2596,1577 2597,1577 2598,1622 2597,1622 2547,1623 2497,1623 2447,1623 2397,1623 2347,1624 2327,1623"/>
          <TextEquiv>
            <Unicode>accoort</Unicode>
          </TextEquiv>
        </Word>
        <Word id="word_55d969cc-3b33-47d1-9661-d182b96a5c59">
          <Coords points="2635,1576 2646,1576 2696,1574 2748,1575 2753,1575 2752,1620 2747,1620 2697,1619 2647,1621 2636,1621"/>
          <TextEquiv>
            <Unicode>met</Unicode>
          </TextEquiv>
        </Word>
        <Word id="word_c3144148-8b0f-414d-8309-bb4ab385736f">
          <Coords points="2791,1576 2798,1576 2847,1576 2896,1575 2946,1573 2996,1572 3048,1573 3096,1574 3098,1574 3101,1619 3097,1619 3047,1618 2997,1617 2947,1618 2897,1620 2847,1621 2797,1621 2791,1621"/>
          <TextEquiv>
            <Unicode>gemelten</Unicode>
          </TextEquiv>
        </Word>
        <Word id="word_ecf96730-b3d3-4ec6-abac-17db92b25da4">
          <Coords points="3135,1570 3144,1569 3175,1567 3178,1612 3148,1614 3139,1615"/>
          <TextEquiv>
            <Unicode>—</Unicode>
          </TextEquiv>
        </Word>
        <TextEquiv conf="0.9094338423815211">
          <Unicode>soberen staet der denen, uEd: eenich accoort met gemelten —</Unicode>
        </TextEquiv>
        <TextStyle xHeight="32"/>
      </TextLine>
      <TextLine id="line_0780e36e-4d91-49c6-a693-9146d793e1d7">
        <Coords points="872,1682 1105,1685 1114,1694 1138,1694 1159,1686 1186,1659 1226,1658 1614,1654 1626,1666 1711,1666 1750,1650 1762,1655 1782,1635 1814,1634 2166,1634 2186,1651 2302,1651 2558,1638 2758,1643 2794,1623 2862,1623 2882,1638 3001,1638 3014,1647 3071,1647 3106,1628 3142,1627 3186,1658 3237,1659 3247,1650 3256,1659 3270,1648 3275,1652 3275,1707 3262,1704 3254,1712 2778,1713 2666,1717 2659,1724 2058,1717 1882,1721 1858,1740 1822,1739 1806,1723 1714,1724 1694,1732 1262,1732 1233,1759 1018,1755 994,1772 872,1767"/>
        <Baseline points="898,1734 948,1731 998,1730 1048,1727 1098,1727 1148,1725 1198,1723 1248,1722 1298,1720 1348,1718 1398,1717 1448,1715 1498,1714 1548,1713 1598,1711 1648,1710 1698,1708 1748,1707 1798,1706 1848,1705 1898,1704 1948,1703 1998,1703 2048,1701 2098,1701 2148,1701 2198,1701 2248,1699 2298,1698 2348,1697 2398,1697 2448,1696 2498,1696 2548,1695 2598,1695 2648,1695 2698,1694 2748,1693 2798,1693 2848,1694 2898,1695 2948,1693 2998,1693 3048,1692 3098,1693 3148,1692 3198,1691 3248,1693 3250,1694"/>
        <Word id="word_12784c80-6e44-4d6b-9f09-671e99015db4">
          <Coords points="896,1699 946,1696 997,1695 1046,1692 1098,1692 1147,1690 1162,1689 1164,1734 1148,1735 1098,1737 1049,1737 998,1740 949,1741 899,1744"/>
          <TextEquiv>
            <Unicode>leijel,</Unicode>
          </TextEquiv>
        </Word>
        <Word id="word_4316a26a-cf57-4134-8ae2-f15d34f6adb5">
          <Coords points="1201,1688 1247,1687 1276,1686 1278,1731 1248,1732 1202,1733"/>
          <TextEquiv>
            <Unicode>'t</Unicode>
          </TextEquiv>
        </Word>
        <Word id="word_973bd3bc-5b5a-49ac-811a-132e3e481561">
          <Coords points="1314,1684 1347,1683 1397,1682 1428,1681 1429,1726 1398,1727 1348,1728 1316,1729"/>
          <TextEquiv>
            <Unicode>sij</Unicode>
          </TextEquiv>
        </Word>
        <Word id="word_d72980ac-aeb4-4b8d-a4f3-637e08abf2ce">
          <Coords points="1467,1679 1498,1679 1547,1678 1579,1677 1581,1722 1548,1723 1498,1724 1467,1724"/>
          <TextEquiv>
            <Unicode>hun</Unicode>
          </TextEquiv>
        </Word>
        <Word id="word_b1f8c145-8bb6-4bd6-8cee-9eba484deed2">
          <Coords points="1618,1675 1648,1675 1697,1673 1747,1672 1797,1671 1847,1670 1897,1669 1947,1668 1960,1668 1960,1713 1948,1713 1898,1714 1848,1715 1798,1716 1748,1717 1698,1718 1648,1720 1619,1720"/>
          <TextEquiv>
            <Unicode>fortresse</Unicode>
          </TextEquiv>
        </Word>
        <Word id="word_122e339a-e0fb-4b81-8455-39bd83c3ac50">
          <Coords points="1997,1668 2047,1666 2098,1666 2112,1666 2112,1711 2098,1711 2048,1711 1998,1713"/>
          <TextEquiv>
            <Unicode>bij</Unicode>
          </TextEquiv>
        </Word>
        <Word id="word_70bc19f7-d47d-4d0d-bc31-653dbd48b894">
          <Coords points="2150,1666 2198,1666 2247,1664 2297,1663 2339,1662 2340,1707 2298,1708 2248,1709 2198,1711 2150,1711"/>
          <TextEquiv>
            <Unicode>forme</Unicode>
          </TextEquiv>
        </Word>
        <Word id="word_6b699d5f-cd22-4bc6-b1cf-412833020f36">
          <Coords points="2378,1661 2399,1662 2447,1661 2491,1661 2491,1706 2448,1706 2398,1707 2377,1706"/>
          <TextEquiv>
            <Unicode>van</Unicode>
          </TextEquiv>
        </Word>
        <Word id="word_1e3d46e9-d343-4a4f-a125-96a7a96c9b01">
          <Coords points="2527,1661 2546,1660 2598,1660 2648,1660 2697,1659 2747,1658 2798,1658 2849,1659 2899,1660 2947,1658 2985,1658 2985,1703 2948,1703 2898,1705 2848,1704 2798,1703 2748,1703 2698,1704 2648,1705 2598,1705 2549,1705 2530,1706"/>
          <TextEquiv>
            <Unicode>verpandinge,</Unicode>
          </TextEquiv>
        </Word>
        <Word id="word_e20b0da4-cf65-4198-9ac7-a9c68adbecc8">
          <Coords points="3021,1658 3047,1657 3099,1658 3136,1657 3137,1702 3098,1703 3048,1702 3023,1703"/>
          <TextEquiv>
            <Unicode>off</Unicode>
          </TextEquiv>
        </Word>
        <Word id="word_75efd730-4434-4cb2-a5e8-5c359468899c">
          <Coords points="3174,1656 3197,1656 3249,1658 3266,1663 3248,1703 3245,1703 3198,1701 3175,1701"/>
          <TextEquiv>
            <Unicode>In</Unicode>
          </TextEquiv>
        </Word>
        <TextEquiv conf="0.9648566307799278">
          <Unicode>leijel, 't sij hun fortresse bij forme van verpandinge, off In</Unicode>
        </TextEquiv>
        <TextStyle xHeight="33"/>
      </TextLine>
      <TextLine id="line_19aeb68f-d3b4-40cb-bae1-b00286f2ad6d">
        <Coords points="874,1777 992,1773 1020,1753 1235,1758 1264,1730 1707,1730 1715,1722 1803,1721 1827,1741 1855,1742 1887,1717 2131,1726 2471,1722 2485,1710 2822,1717 2834,1729 2978,1729 2990,1741 3225,1741 3254,1757 3266,1757 3299,1733 3299,1788 3285,1788 3258,1814 3242,1799 3007,1799 2982,1811 2930,1815 2834,1806 2710,1807 2690,1791 2555,1791 2523,1815 1947,1815 1567,1806 1527,1807 1507,1827 1469,1839 1344,1838 1328,1826 1216,1826 1140,1827 1120,1843 874,1842"/>
        <Baseline points="900,1809 950,1808 1000,1806 1050,1804 1100,1803 1150,1802 1200,1801 1250,1800 1300,1800 1350,1800 1400,1799 1450,1799 1500,1798 1550,1797 1600,1795 1650,1793 1700,1793 1750,1793 1800,1792 1850,1791 1900,1790 1950,1790 2000,1789 2050,1788 2100,1787 2150,1785 2200,1784 2250,1783 2300,1782 2350,1781 2400,1780 2450,1780 2500,1780 2550,1779 2600,1779 2650,1777 2700,1776 2750,1775 2800,1775 2850,1775 2900,1775 2950,1776 3000,1776 3050,1776 3100,1776 3150,1776 3200,1775 3250,1774 3274,1775"/>
        <Word id="word_23e5f131-c565-45f3-b4f2-22f419713032">
          <Coords points="899,1774 949,1773 999,1771 1049,1769 1099,1768 1137,1767 1138,1812 1100,1813 1050,1814 1000,1816 950,1818 900,1819"/>
          <TextEquiv>
            <Unicode>vollen</Unicode>
          </TextEquiv>
        </Word>
        <Word id="word_b25ceddc-33b1-42c5-ba7c-1316beed2290">
          <Coords points="1176,1766 1199,1766 1249,1765 1300,1765 1350,1765 1399,1764 1450,1764 1499,1763 1532,1762 1533,1807 1500,1808 1450,1809 1400,1809 1350,1810 1300,1810 1250,1810 1200,1811 1177,1811"/>
          <TextEquiv>
            <Unicode>eijgendom</Unicode>
          </TextEquiv>
        </Word>
        <Word id="word_ba5e2702-faa8-449e-a873-d0264804be19">
          <Coords points="1571,1762 1598,1760 1649,1758 1700,1758 1750,1758 1799,1757 1849,1756 1850,1801 1800,1802 1750,1803 1700,1803 1650,1803 1601,1805 1573,1807"/>
          <TextEquiv>
            <Unicode>aend'E:</Unicode>
          </TextEquiv>
        </Word>
        <Word id="word_69e4cfcc-91b8-480c-9199-de3023cfb352">
          <Coords points="1888,1755 1899,1755 1950,1755 1999,1754 2049,1753 2099,1752 2125,1751 2127,1796 2100,1797 2050,1798 2000,1799 1950,1800 1900,1800 1889,1800"/>
          <TextEquiv>
            <Unicode>Comp=e</Unicode>
          </TextEquiv>
        </Word>
        <Word id="word_907228d0-79a7-46fe-8a63-0d99371de99c">
          <Coords points="2166,1749 2200,1749 2249,1748 2299,1747 2349,1746 2399,1745 2450,1745 2500,1745 2549,1744 2562,1744 2562,1789 2550,1789 2500,1790 2450,1790 2400,1790 2350,1791 2300,1792 2250,1793 2200,1794 2166,1794"/>
          <TextEquiv>
            <Unicode>overlaten,</Unicode>
          </TextEquiv>
        </Word>
        <Word id="word_a24e31f2-e554-4044-bfe7-9d470a521752">
          <Coords points="2600,1744 2649,1742 2699,1741 2719,1741 2720,1786 2700,1786 2650,1787 2602,1789"/>
          <TextEquiv>
            <Unicode>off</Unicode>
          </TextEquiv>
        </Word>
        <Word id="word_cac3b8bc-5f3c-432f-9f0c-a0e5a4b86cd0">
          <Coords points="2760,1740 2800,1740 2850,1740 2878,1740 2878,1785 2850,1785 2800,1785 2760,1785"/>
          <TextEquiv>
            <Unicode>tot</Unicode>
          </TextEquiv>
        </Word>
        <Word id="word_f3da5605-b492-49b1-8de1-ddbf03c28999">
          <Coords points="2919,1740 2951,1741 3000,1741 3037,1741 3037,1786 3000,1786 2950,1786 2918,1785"/>
          <TextEquiv>
            <Unicode>een</Unicode>
          </TextEquiv>
        </Word>
        <Word id="word_f474c9b8-03c6-41fe-ac28-c69939d0b87b">
          <Coords points="3076,1741 3100,1741 3150,1741 3199,1740 3249,1739 3275,1740 3274,1785 3250,1784 3200,1785 3150,1786 3100,1786 3076,1786"/>
          <TextEquiv>
            <Unicode>maga„</Unicode>
          </TextEquiv>
        </Word>
        <TextEquiv conf="0.9225465638797855">
          <Unicode>vollen eijgendom aend'E: Comp=e overlaten, off tot een maga„</Unicode>
        </TextEquiv>
        <TextStyle xHeight="32"/>
      </TextLine>
      <TextLine id="line_65137861-bb1d-46a8-a4fe-8987190edac4">
        <Coords points="862,1842 1120,1843 1140,1827 1216,1826 1327,1826 1347,1838 1467,1839 1507,1827 1527,1807 1567,1806 1947,1815 2386,1810 2414,1823 2478,1823 2486,1815 2522,1815 2550,1794 2694,1794 2710,1807 2834,1806 2929,1815 2981,1811 3009,1798 3246,1805 3265,1794 3298,1813 3298,1869 3266,1899 3252,1903 3213,1887 3161,1888 3121,1879 2726,1884 2523,1872 2134,1884 2083,1911 2067,1905 1891,1905 1875,1891 1771,1896 1756,1884 1431,1888 1403,1896 1196,1900 1188,1908 1016,1903 957,1947 862,1944"/>
        <Baseline points="888,1895 938,1892 988,1890 1038,1888 1088,1886 1138,1885 1188,1883 1238,1881 1288,1880 1338,1879 1388,1878 1438,1877 1488,1876 1538,1875 1588,1873 1638,1874 1688,1873 1738,1873 1788,1873 1838,1871 1888,1869 1938,1869 1988,1869 2038,1868 2088,1867 2138,1866 2188,1866 2238,1865 2288,1864 2338,1863 2388,1861 2438,1861 2488,1861 2538,1859 2588,1859 2638,1858 2688,1857 2738,1855 2788,1855 2838,1855 2888,1855 2938,1854 2988,1855 3038,1855 3088,1854 3138,1854 3188,1854 3238,1854 3273,1855"/>
        <Word id="word_0a5b2e27-7a57-4523-9812-b6ab20f4ace3">
          <Coords points="886,1860 936,1857 987,1855 1037,1853 1087,1851 1096,1851 1097,1896 1088,1896 1038,1898 988,1900 939,1902 889,1905"/>
          <TextEquiv>
            <Unicode>sijn,</Unicode>
          </TextEquiv>
        </Word>
        <Word id="word_5810fb8a-03bf-4c6e-ba94-4676f6d71a4f">
          <Coords points="1137,1850 1187,1848 1237,1846 1287,1845 1306,1845 1306,1890 1288,1890 1238,1891 1188,1893 1139,1895"/>
          <TextEquiv>
            <Unicode>omme</Unicode>
          </TextEquiv>
        </Word>
        <Word id="word_d92a5b3d-5629-48dd-9cda-1fa0cd152e19">
          <Coords points="1347,1844 1387,1843 1437,1842 1487,1841 1537,1840 1587,1838 1639,1839 1687,1838 1725,1838 1725,1883 1688,1883 1638,1884 1588,1883 1538,1885 1488,1886 1438,1887 1388,1888 1348,1889"/>
          <TextEquiv>
            <Unicode>desselffs</Unicode>
          </TextEquiv>
        </Word>
        <Word id="word_db43f716-114f-482b-b6db-76bd560c6d47">
          <Coords points="1767,1838 1788,1838 1837,1836 1887,1834 1938,1834 1988,1834 2037,1833 2087,1832 2137,1831 2143,1831 2143,1876 2138,1876 2088,1877 2038,1878 1988,1879 1938,1879 1888,1879 1838,1881 1788,1883 1767,1883"/>
          <TextEquiv>
            <Unicode>goederen,</Unicode>
          </TextEquiv>
        </Word>
        <Word id="word_9afe0087-d021-4f3b-ada3-4c090b0f02e7">
          <Coords points="2185,1831 2188,1831 2237,1830 2287,1829 2337,1828 2387,1826 2438,1826 2488,1826 2537,1824 2588,1824 2637,1823 2686,1822 2687,1867 2638,1868 2588,1869 2538,1869 2488,1871 2438,1871 2388,1871 2338,1873 2288,1874 2238,1875 2188,1876 2185,1876"/>
          <TextEquiv>
            <Unicode>dependerende</Unicode>
          </TextEquiv>
        </Word>
        <Word id="word_0db3808d-5628-4a9b-bfd9-8e426a04aac8">
          <Coords points="2724,1821 2733,1820 2788,1820 2838,1820 2888,1820 2937,1819 2981,1820 2980,1865 2938,1864 2888,1865 2838,1865 2788,1865 2739,1865 2730,1866"/>
          <TextEquiv>
            <Unicode>vanden</Unicode>
          </TextEquiv>
        </Word>
        <Word id="word_635b9b21-1e89-4af0-98ee-68c816d9a065">
          <Coords points="3020,1821 3037,1820 3087,1819 3138,1819 3188,1819 3238,1819 3274,1820 3273,1865 3238,1864 3188,1864 3138,1864 3088,1864 3038,1865 3022,1866"/>
          <TextEquiv>
            <Unicode>handel</Unicode>
          </TextEquiv>
        </Word>
        <TextEquiv conf="0.9523663184629076">
          <Unicode>sijn, omme desselffs goederen, dependerende vanden handel</Unicode>
        </TextEquiv>
        <TextStyle xHeight="33"/>
      </TextLine>
      <TextLine id="line_02af691a-8e6c-4829-bdee-2c37e9041415">
        <Coords points="876,1944 962,1945 1018,1904 1274,1901 1286,1889 1366,1885 1754,1881 1773,1897 1877,1892 2102,1900 2133,1881 2261,1881 2269,1873 2521,1872 2725,1884 3126,1880 3236,1893 3256,1913 3287,1893 3305,1892 3305,1947 3276,1966 3244,1950 3159,1961 3032,1961 3012,1973 2924,1973 2912,1964 2373,1964 2257,1968 2237,1981 2221,1981 2197,1968 2037,1960 2005,1961 1985,1977 1853,1981 1653,1968 1629,1985 954,1984 894,2039 876,2039"/>
        <Baseline points="902,1974 952,1972 1002,1971 1052,1971 1102,1970 1152,1969 1202,1967 1252,1966 1302,1966 1352,1964 1402,1963 1452,1961 1502,1959 1552,1958 1602,1957 1652,1956 1702,1954 1752,1953 1802,1952 1852,1951 1902,1951 1952,1950 2002,1949 2052,1948 2102,1947 2152,1946 2202,1945 2252,1945 2302,1944 2352,1944 2402,1942 2452,1941 2502,1940 2552,1939 2602,1939 2652,1939 2702,1938 2752,1938 2802,1938 2852,1937 2902,1937 2952,1936 3002,1936 3052,1936 3102,1934 3152,1934 3202,1933 3252,1932 3280,1934"/>
        <Word id="word_205cc959-906a-46a1-b0b9-b52daa1f7daa">
          <Coords points="901,1939 951,1937 970,1937 971,1982 952,1982 902,1984"/>
          <TextEquiv>
            <Unicode>om</Unicode>
          </TextEquiv>
        </Word>
        <Word id="word_edfc0fd1-c5a7-43df-a63b-a3f3af014352">
          <Coords points="1005,1936 1052,1936 1101,1935 1151,1934 1201,1932 1251,1931 1281,1931 1281,1976 1252,1976 1202,1977 1152,1979 1102,1980 1052,1981 1005,1981"/>
          <TextEquiv>
            <Unicode>d'Zuijd,</Unicode>
          </TextEquiv>
        </Word>
        <Word id="word_bc49f908-40d1-4957-ac7d-fbd8477bce4e">
          <Coords points="1314,1931 1350,1929 1401,1928 1418,1927 1419,1972 1402,1973 1353,1974 1316,1976"/>
          <TextEquiv>
            <Unicode>ter</Unicode>
          </TextEquiv>
        </Word>
        <Word id="word_c9f2b755-0eb2-46d2-b021-356d04fbcf7d">
          <Coords points="1452,1926 1501,1924 1551,1923 1601,1922 1651,1921 1701,1919 1751,1918 1797,1917 1798,1962 1752,1963 1702,1964 1652,1966 1602,1967 1552,1968 1502,1969 1454,1971"/>
          <TextEquiv>
            <Unicode>vereijster</Unicode>
          </TextEquiv>
        </Word>
        <Word id="word_8c383484-5377-43f6-8dd3-d84e5cc8ee82">
          <Coords points="1832,1916 1851,1916 1902,1916 1951,1915 1970,1915 1970,1960 1952,1960 1902,1961 1852,1961 1833,1961"/>
          <TextEquiv>
            <Unicode>tijt</Unicode>
          </TextEquiv>
        </Word>
        <Word id="word_42b955bf-93a2-4c8b-a832-323c6a6695b6">
          <Coords points="2004,1914 2051,1913 2073,1913 2074,1958 2052,1958 2005,1959"/>
          <TextEquiv>
            <Unicode>op</Unicode>
          </TextEquiv>
        </Word>
        <Word id="word_c13867a1-53a2-4598-a2c9-4d68f1b34a4d">
          <Coords points="2107,1912 2151,1911 2176,1911 2177,1955 2152,1956 2108,1957"/>
          <TextEquiv>
            <Unicode>te</Unicode>
          </TextEquiv>
        </Word>
        <Word id="word_1c31cbc7-e867-4c42-9608-6a76462e0e29">
          <Coords points="2212,1910 2252,1910 2301,1909 2352,1909 2401,1907 2418,1907 2419,1952 2402,1952 2352,1954 2302,1954 2252,1955 2212,1955"/>
          <TextEquiv>
            <Unicode>leggen</Unicode>
          </TextEquiv>
        </Word>
        <Word id="word_3bd5fe2b-cd92-49f6-a044-6c257063dc93">
          <Coords points="2452,1906 2501,1905 2551,1904 2591,1904 2591,1949 2552,1949 2502,1950 2453,1951"/>
          <TextEquiv>
            <Unicode>ende</Unicode>
          </TextEquiv>
        </Word>
        <Word id="word_a8a213c3-162a-476e-ae1d-ddaca6b8ed0b">
          <Coords points="2625,1904 2652,1904 2693,1903 2694,1948 2652,1949 2625,1949"/>
          <TextEquiv>
            <Unicode>te</Unicode>
          </TextEquiv>
        </Word>
        <Word id="word_06c2e492-7019-4daa-8331-a020bb5ede7c">
          <Coords points="2729,1902 2753,1903 2802,1903 2851,1902 2902,1902 2951,1901 3002,1901 3052,1901 3072,1900 3074,1945 3052,1946 3002,1946 2952,1946 2902,1947 2852,1947 2802,1948 2752,1948 2728,1947"/>
          <TextEquiv>
            <Unicode>segureren,</Unicode>
          </TextEquiv>
        </Word>
        <Word id="word_fa09f394-22e9-44b4-8174-161c6bb93956">
          <Coords points="3108,1899 3152,1899 3201,1898 3251,1897 3282,1899 3279,1944 3252,1942 3202,1943 3152,1944 3108,1944"/>
          <TextEquiv>
            <Unicode>onder</Unicode>
          </TextEquiv>
        </Word>
        <TextEquiv conf="0.9430722848326957">
          <Unicode>om d'Zuijd, ter vereijster tijt op te leggen ende te segureren, onder</Unicode>
        </TextEquiv>
        <TextStyle xHeight="33"/>
      </TextLine>
      <TextLine id="line_3d88ebec-f51a-4b09-b1fd-9df77c736596">
        <Coords points="874,1984 1628,1985 1652,1968 1856,1981 1984,1977 2008,1960 2203,1968 2222,1981 2256,1968 2375,1964 2911,1964 2923,1973 3183,1968 3244,1974 3240,2034 3159,2045 3151,2053 3070,2053 3051,2036 2671,2037 2639,2069 2594,2052 2411,2053 2359,2069 2187,2076 2087,2072 2075,2060 1959,2060 1904,2048 1720,2045 1696,2061 1480,2056 1436,2080 1128,2080 1108,2064 874,2064"/>
        <Baseline points="900,2054 950,2053 1000,2052 1050,2050 1100,2049 1150,2047 1200,2046 1250,2044 1300,2044 1350,2043 1400,2042 1450,2041 1500,2039 1550,2038 1600,2037 1650,2036 1700,2035 1750,2034 1800,2033 1850,2033 1900,2032 1950,2031 2000,2030 2050,2028 2100,2027 2150,2027 2200,2026 2250,2026 2300,2025 2350,2025 2400,2025 2450,2026 2500,2025 2550,2025 2600,2025 2650,2025 2700,2024 2750,2024 2800,2024 2850,2024 2900,2025 2950,2024 3000,2023 3050,2023 3100,2023 3150,2022 3200,2020 3219,2016"/>
        <Word id="word_1b690bb5-afb1-469e-8af9-8fd64b7bb3c6">
          <Coords points="899,2019 949,2018 999,2017 1049,2015 1099,2014 1149,2012 1199,2011 1249,2009 1273,2009 1273,2054 1250,2054 1200,2056 1150,2057 1100,2059 1050,2060 1000,2062 950,2063 900,2064"/>
          <TextEquiv>
            <Unicode>betalinge</Unicode>
          </TextEquiv>
        </Word>
        <Word id="word_bb7b5b89-0fad-4df1-9b37-1f767684c0cf">
          <Coords points="1313,2009 1349,2008 1399,2007 1438,2006 1439,2051 1400,2052 1350,2053 1314,2054"/>
          <TextEquiv>
            <Unicode>van</Unicode>
          </TextEquiv>
        </Word>
        <Word id="word_2520ecb0-174c-445d-9ef8-ac5a1a3bc7f0">
          <Coords points="1477,2005 1498,2004 1549,2003 1599,2002 1649,2001 1699,2000 1728,1999 1728,2044 1700,2045 1650,2046 1600,2047 1550,2048 1501,2049 1480,2050"/>
          <TextEquiv>
            <Unicode>eenige</Unicode>
          </TextEquiv>
        </Word>
        <Word id="word_e275c796-68b7-488e-88cf-20e0c274cb88">
          <Coords points="1769,1999 1799,1998 1850,1998 1899,1997 1949,1996 1999,1995 2049,1993 2099,1992 2150,1992 2199,1991 2225,1991 2225,2036 2200,2036 2150,2037 2100,2037 2050,2038 2000,2040 1950,2041 1900,2042 1850,2043 1800,2043 1770,2044"/>
          <TextEquiv>
            <Unicode>recognitie,</Unicode>
          </TextEquiv>
        </Word>
        <Word id="word_92dd4fdb-47dc-41ed-9a2c-062d9ef85858">
          <Coords points="2266,1991 2299,1990 2350,1990 2400,1990 2451,1991 2499,1990 2550,1990 2600,1990 2640,1990 2640,2035 2600,2035 2550,2035 2500,2035 2450,2036 2400,2035 2350,2035 2300,2035 2267,2036"/>
          <TextEquiv>
            <Unicode>Inruijmen</Unicode>
          </TextEquiv>
        </Word>
        <Word id="word_3e3e7dad-8cb9-447c-a320-81df479fb8a3">
          <Coords points="2679,1990 2698,1989 2750,1989 2800,1989 2850,1989 2901,1990 2929,1989 2930,2034 2900,2035 2850,2034 2800,2034 2750,2034 2701,2034 2681,2035"/>
          <TextEquiv>
            <Unicode>wilde,</Unicode>
          </TextEquiv>
        </Word>
        <Word id="word_a971e1dd-b3ba-4034-bcc2-506129504525">
          <Coords points="2970,1989 2999,1988 3050,1988 3100,1988 3149,1987 3199,1985 3212,1982 3221,2026 3200,2030 3150,2032 3100,2033 3050,2033 3000,2033 2971,2034"/>
          <TextEquiv>
            <Unicode>conden</Unicode>
          </TextEquiv>
        </Word>
        <TextEquiv conf="0.9296073634937263">
          <Unicode>betalinge van eenige recognitie, Inruijmen wilde, conden</Unicode>
        </TextEquiv>
        <TextStyle xHeight="33"/>
      </TextLine>
      <TextLine id="line_6da6fd7b-3944-4be0-8a3b-4748a44957d2">
        <Coords points="879,2063 1105,2062 1125,2079 1365,2083 1377,2074 1437,2079 1481,2054 1705,2059 1721,2046 1885,2046 1901,2054 1960,2059 1981,2051 2129,2050 2589,2050 2613,2059 2645,2059 2669,2038 3049,2038 3069,2055 3169,2050 3235,2054 3254,2062 3268,2051 3290,2064 3286,2123 3254,2112 3242,2120 3193,2120 3169,2144 3130,2156 3101,2155 3089,2143 2737,2152 2585,2151 2441,2139 2269,2144 2253,2152 1965,2151 1681,2147 1665,2135 1533,2135 1481,2136 1437,2176 1409,2175 1393,2159 1249,2160 1233,2147 879,2160"/>
        <Baseline points="905,2134 955,2135 1005,2133 1055,2133 1105,2130 1155,2129 1205,2128 1255,2127 1305,2128 1355,2129 1405,2127 1455,2127 1505,2125 1555,2124 1605,2123 1655,2121 1705,2120 1755,2120 1805,2118 1855,2117 1905,2116 1955,2115 2005,2114 2055,2112 2105,2112 2155,2111 2205,2110 2255,2110 2305,2110 2355,2110 2405,2111 2455,2110 2505,2109 2555,2109 2605,2108 2655,2108 2705,2107 2755,2107 2805,2108 2855,2108 2905,2107 2955,2108 3005,2108 3055,2107 3105,2107 3155,2106 3205,2105 3255,2102 3265,2106"/>
        <Word id="word_5f3dd45d-d11b-4ad6-ab80-72b82d86a4a7">
          <Coords points="906,2099 956,2100 1004,2098 1055,2098 1103,2095 1154,2094 1204,2093 1254,2092 1306,2093 1346,2094 1345,2139 1305,2138 1255,2137 1205,2138 1155,2139 1106,2140 1055,2143 1005,2143 955,2145 905,2144"/>
          <TextEquiv>
            <Unicode>aentreffen,</Unicode>
          </TextEquiv>
        </Word>
        <Word id="word_ac578461-a0cc-4589-9eda-fac8a1d2f3c2">
          <Coords points="1381,2095 1400,2092 1455,2092 1504,2090 1554,2089 1584,2088 1585,2133 1555,2134 1505,2135 1455,2137 1406,2137 1386,2140"/>
          <TextEquiv>
            <Unicode>soude</Unicode>
          </TextEquiv>
        </Word>
        <Word id="word_2612e19c-0c31-4f02-9313-4947ceaf1068">
          <Coords points="1623,2088 1653,2086 1704,2085 1755,2085 1804,2083 1824,2083 1825,2128 1805,2128 1755,2130 1705,2130 1656,2131 1626,2133"/>
          <TextEquiv>
            <Unicode>sulcx</Unicode>
          </TextEquiv>
        </Word>
        <Word id="word_5e2a7dc8-7cfd-40b6-88ec-5baa4b146f29">
          <Coords points="1864,2082 1904,2081 1954,2080 2004,2079 2024,2078 2026,2123 2005,2124 1955,2125 1905,2126 1865,2127"/>
          <TextEquiv>
            <Unicode>(ons</Unicode>
          </TextEquiv>
        </Word>
        <Word id="word_389854c0-e550-4d24-9568-f8f7070893e5">
          <Coords points="2065,2077 2105,2077 2154,2076 2204,2075 2255,2075 2305,2075 2355,2075 2386,2076 2385,2121 2355,2120 2305,2120 2255,2120 2205,2120 2155,2121 2105,2122 2065,2122"/>
          <TextEquiv>
            <Unicode>geringen</Unicode>
          </TextEquiv>
        </Word>
        <Word id="word_c8332f64-2827-4b72-9b11-8ab5cf918551">
          <Coords points="2424,2076 2453,2075 2504,2074 2555,2074 2604,2073 2655,2073 2704,2072 2755,2072 2786,2073 2785,2118 2755,2117 2705,2117 2655,2118 2605,2118 2555,2119 2505,2119 2455,2120 2426,2121"/>
          <TextEquiv>
            <Unicode>oordeels)</Unicode>
          </TextEquiv>
        </Word>
        <Word id="word_e9ef1dbd-e599-4ee9-9c8a-1fa9155e69d2">
          <Coords points="2825,2073 2855,2073 2904,2072 2956,2073 2986,2073 2986,2118 2955,2118 2905,2117 2855,2118 2826,2118"/>
          <TextEquiv>
            <Unicode>d'E.</Unicode>
          </TextEquiv>
        </Word>
        <Word id="word_ca421029-4954-4843-8d3c-05ff08a809ec">
          <Coords points="3024,2073 3054,2072 3105,2072 3154,2071 3204,2070 3253,2067 3278,2073 3261,2115 3256,2112 3205,2115 3155,2116 3105,2117 3055,2117 3026,2118"/>
          <TextEquiv>
            <Unicode>Comp=e</Unicode>
          </TextEquiv>
        </Word>
        <TextEquiv conf="0.9284969717625098">
          <Unicode>aentreffen, soude sulcx (ons geringen oordeels) d'E. Comp=e</Unicode>
        </TextEquiv>
        <TextStyle xHeight="35"/>
      </TextLine>
      <TextLine id="d2a0442f-9a62-4734-bb36-9c016e7e645e">
        <Coords points="885,2161 1235,2148 1251,2161 1395,2160 1411,2176 1439,2177 1479,2137 1667,2136 1683,2148 2250,2153 2270,2141 2390,2141 2418,2128 2442,2136 3078,2140 3106,2157 3152,2152 3186,2128 3206,2128 3218,2140 3247,2144 3247,2199 2954,2202 2942,2213 2842,2213 2814,2229 2710,2229 2682,2212 2642,2225 2474,2225 2398,2233 2374,2212 2350,2221 1783,2213 1719,2221 1551,2221 1543,2229 1387,2224 1363,2233 1319,2276 1299,2275 1279,2255 1199,2251 885,2256"/>
        <Baseline points="911,2226 961,2224 1011,2222 1061,2220 1111,2218 1161,2217 1211,2216 1261,2216 1311,2216 1361,2215 1411,2213 1461,2213 1511,2211 1561,2209 1611,2208 1661,2206 1711,2205 1761,2203 1811,2202 1861,2201 1911,2200 1961,2199 2011,2198 2061,2197 2111,2197 2161,2197 2211,2196 2261,2195 2311,2194 2361,2194 2411,2194 2461,2194 2511,2194 2561,2194 2611,2195 2661,2195 2711,2195 2761,2195 2811,2196 2861,2195 2911,2194 2961,2193 3011,2192 3061,2190 3111,2188 3161,2187 3211,2184 3222,2186"/>
        <Word id="word_dc540f89-cdc3-4e0c-acf3-ad565f21602f">
          <Coords points="910,2191 960,2189 1010,2187 1060,2185 1110,2183 1160,2182 1184,2182 1185,2227 1161,2227 1111,2228 1061,2230 1011,2232 961,2234 911,2236"/>
          <TextEquiv>
            <Unicode>opverre</Unicode>
          </TextEquiv>
        </Word>
        <Word id="word_44c1c223-58de-4085-8b9b-c0489f4c9b25">
          <Coords points="1225,2181 1261,2181 1303,2181 1303,2226 1261,2226 1224,2226"/>
          <TextEquiv>
            <Unicode>na</Unicode>
          </TextEquiv>
        </Word>
        <Word id="word_42fbfc59-1b9d-406d-9fb8-f4f46400bd97">
          <Coords points="1340,2181 1359,2180 1410,2178 1459,2178 1459,2223 1411,2223 1362,2225 1342,2226"/>
          <TextEquiv>
            <Unicode>soo</Unicode>
          </TextEquiv>
        </Word>
        <Word id="word_2cc1d26c-e08b-43b5-a41e-bf39f68acca5">
          <Coords points="1493,2178 1505,2176 1560,2174 1610,2173 1660,2171 1710,2170 1760,2168 1772,2168 1773,2213 1761,2213 1711,2215 1661,2216 1611,2218 1561,2219 1513,2221 1500,2223"/>
          <TextEquiv>
            <Unicode>lastich</Unicode>
          </TextEquiv>
        </Word>
        <Word id="word_e785892a-c20e-4bb4-94f6-5a78319fda4c">
          <Coords points="1811,2167 1860,2166 1910,2165 1960,2164 2007,2163 2008,2208 1961,2209 1911,2210 1861,2211 1812,2212"/>
          <TextEquiv>
            <Unicode>niet,</Unicode>
          </TextEquiv>
        </Word>
        <Word id="word_63014f75-675f-43a9-beca-3ad02ae8da03">
          <Coords points="2046,2162 2060,2162 2111,2162 2161,2162 2203,2161 2204,2206 2161,2207 2111,2207 2061,2207 2047,2207"/>
          <TextEquiv>
            <Unicode>maer</Unicode>
          </TextEquiv>
        </Word>
        <Word id="word_2e563ce7-1d63-4535-9e04-9df796c9e1af">
          <Coords points="2242,2160 2260,2160 2310,2159 2361,2159 2399,2159 2399,2204 2361,2204 2311,2204 2261,2205 2243,2205"/>
          <TextEquiv>
            <Unicode>vrij</Unicode>
          </TextEquiv>
        </Word>
        <Word id="word_c598eadb-8ff3-4dbb-a069-d322afc1ed3a">
          <Coords points="2439,2159 2461,2159 2511,2159 2561,2159 2612,2160 2634,2160 2634,2205 2611,2205 2561,2204 2511,2204 2461,2204 2439,2204"/>
          <TextEquiv>
            <Unicode>beter</Unicode>
          </TextEquiv>
        </Word>
        <Word id="word_01c04128-57c8-4d72-b047-09412b5bf26c">
          <Coords points="2674,2160 2711,2160 2761,2160 2812,2161 2860,2160 2910,2159 2960,2158 2986,2157 2987,2202 2961,2203 2911,2204 2861,2205 2811,2206 2761,2205 2711,2205 2674,2205"/>
          <TextEquiv>
            <Unicode>gelegen,</Unicode>
          </TextEquiv>
        </Word>
        <Word id="word_ad02a80e-d1f1-4d57-86ba-9341bc1e3da1">
          <Coords points="3025,2157 3059,2155 3110,2153 3160,2152 3209,2149 3228,2152 3220,2196 3212,2194 3161,2197 3111,2198 3061,2200 3027,2202"/>
          <TextEquiv>
            <Unicode>ende—</Unicode>
          </TextEquiv>
        </Word>
        <TextEquiv conf="0.9275874788090729">
          <Unicode>opverre na soo lastich niet, maer vrij beter gelegen, ende—</Unicode>
        </TextEquiv>
        <TextStyle xHeight="30"/>
      </TextLine>
      <TextLine id="line_2a1c9aa4-161e-40c9-b3aa-b6cdf0fa6c38">
        <Coords points="860,2264 882,2264 890,2256 1102,2251 1278,2255 1290,2264 1322,2264 1354,2232 1374,2232 1382,2224 1546,2228 1714,2224 1722,2216 2377,2215 2397,2232 2473,2224 2641,2224 2677,2211 2709,2228 2821,2228 2841,2215 3089,2215 3111,2236 3233,2236 3245,2228 3257,2238 3286,2214 3286,2268 3257,2265 3239,2277 3129,2273 3098,2280 3005,2280 2993,2292 2929,2304 2921,2312 2721,2320 2701,2311 2613,2303 2026,2303 1878,2292 1614,2300 1598,2308 1450,2308 1442,2316 1306,2316 1294,2327 1214,2331 860,2335"/>
        <Baseline points="886,2309 936,2309 986,2308 1036,2308 1086,2306 1136,2305 1186,2305 1236,2304 1286,2303 1336,2302 1386,2300 1436,2299 1486,2298 1536,2296 1586,2294 1636,2293 1686,2291 1736,2290 1786,2288 1836,2287 1886,2285 1936,2284 1986,2283 2036,2281 2086,2280 2136,2279 2186,2278 2236,2277 2286,2277 2336,2276 2386,2275 2436,2275 2486,2275 2536,2275 2586,2275 2636,2276 2686,2276 2736,2277 2786,2277 2836,2276 2886,2274 2936,2274 2986,2273 3036,2271 3086,2269 3136,2266 3186,2264 3236,2259 3261,2255"/>
        <Word id="word_3ea7de4d-56ea-4f43-940c-f48703572c88">
          <Coords points="886,2274 936,2274 985,2273 1036,2273 1085,2271 1135,2270 1186,2270 1235,2269 1285,2268 1335,2267 1385,2265 1435,2264 1485,2263 1535,2261 1551,2260 1553,2305 1536,2306 1486,2308 1436,2309 1386,2310 1336,2312 1286,2313 1236,2314 1186,2315 1136,2315 1086,2316 1036,2318 986,2318 936,2319 886,2319"/>
          <TextEquiv>
            <Unicode>proffijtabelder,</Unicode>
          </TextEquiv>
        </Word>
        <Word id="word_dd0fa4ca-6b91-431f-8880-60439db1ccd0">
          <Coords points="1594,2259 1635,2258 1685,2256 1719,2255 1720,2300 1686,2301 1636,2303 1595,2304"/>
          <TextEquiv>
            <Unicode>als</Unicode>
          </TextEquiv>
        </Word>
        <Word id="word_35ceccf1-a4aa-4b64-9d73-3536be456a35">
          <Coords points="1759,2255 1784,2253 1835,2252 1885,2250 1885,2250 1886,2295 1886,2295 1836,2297 1787,2298 1762,2299"/>
          <TextEquiv>
            <Unicode>wel</Unicode>
          </TextEquiv>
        </Word>
        <Word id="word_8d62fe0d-1312-471e-bdf2-b93e131ffde7">
          <Coords points="1927,2249 1935,2249 1985,2248 2035,2246 2085,2245 2135,2244 2185,2243 2235,2242 2286,2242 2335,2241 2385,2240 2428,2240 2428,2285 2386,2285 2336,2286 2286,2287 2236,2287 2186,2288 2136,2289 2086,2290 2036,2291 1986,2293 1936,2294 1928,2294"/>
          <TextEquiv>
            <Unicode>d'besettinge</Unicode>
          </TextEquiv>
        </Word>
        <Word id="word_2397d869-ff8f-4b38-b515-cfa97524495b">
          <Coords points="2470,2240 2486,2240 2536,2240 2586,2240 2637,2241 2678,2241 2678,2286 2636,2286 2586,2285 2536,2285 2486,2285 2470,2285"/>
          <TextEquiv>
            <Unicode>vande</Unicode>
          </TextEquiv>
        </Word>
        <Word id="word_7bfa49e9-eef5-41dd-b81b-054aa9d98265">
          <Coords points="2722,2241 2738,2242 2786,2242 2835,2241 2885,2239 2936,2239 2985,2238 3035,2236 3085,2234 3134,2231 3185,2229 3233,2224 3255,2220 3263,2265 3237,2269 3186,2274 3137,2276 3086,2279 3036,2281 2986,2283 2936,2284 2886,2284 2836,2286 2786,2287 2735,2287 2719,2286"/>
          <TextEquiv>
            <Unicode>tegenampatnan</Unicode>
          </TextEquiv>
        </Word>
        <TextEquiv conf="0.9245361877445342">
          <Unicode>proffijtabelder, als wel d'besettinge vande tegenampatnan</Unicode>
        </TextEquiv>
        <TextStyle xHeight="32"/>
      </TextLine>
      <TextLine id="b94f859e-93f0-4d04-aced-ad551c5c0f2a">
        <Coords points="871,2333 1209,2333 1221,2325 1292,2329 1304,2317 1444,2317 1452,2309 1600,2309 1608,2301 1852,2293 2024,2301 2611,2300 2647,2308 2663,2320 2696,2321 2922,2313 2934,2301 2974,2296 3030,2296 3042,2308 3094,2308 3106,2320 3175,2320 3186,2312 3246,2317 3263,2304 3263,2358 3252,2366 3174,2355 3161,2364 3156,2359 3137,2378 3130,2371 2111,2382 1828,2378 1672,2382 1656,2398 1436,2401 1408,2410 1077,2409 1049,2426 1021,2413 965,2413 957,2405 941,2405 917,2422 871,2426"/>
        <Baseline points="897,2387 947,2388 997,2387 1047,2386 1097,2385 1147,2384 1197,2383 1247,2382 1297,2381 1347,2379 1397,2378 1447,2378 1497,2378 1547,2376 1597,2376 1647,2376 1697,2374 1747,2373 1797,2371 1847,2370 1897,2368 1947,2365 1997,2365 2047,2363 2097,2362 2147,2360 2197,2360 2247,2359 2297,2358 2347,2358 2397,2357 2447,2357 2497,2357 2547,2358 2597,2357 2647,2358 2697,2358 2747,2358 2797,2358 2847,2358 2897,2356 2947,2357 2997,2356 3047,2354 3097,2352 3147,2350 3197,2346 3238,2345"/>
        <Word id="word_d59d980e-6381-42eb-94a8-2e3e113c83a7">
          <Coords points="898,2352 948,2353 996,2352 1046,2351 1096,2350 1146,2349 1196,2348 1246,2347 1260,2347 1261,2392 1247,2392 1197,2393 1147,2394 1097,2395 1047,2396 997,2397 947,2398 897,2397"/>
          <TextEquiv>
            <Unicode>fortresse</Unicode>
          </TextEquiv>
        </Word>
        <Word id="word_4693480d-9b71-48c1-a4d1-317653e561dd">
          <Coords points="1299,2346 1346,2344 1396,2343 1447,2343 1497,2343 1501,2343 1503,2388 1497,2388 1447,2388 1397,2388 1347,2389 1301,2391"/>
          <TextEquiv>
            <Unicode>sijn,</Unicode>
          </TextEquiv>
        </Word>
        <Word id="word_6348d9db-df2c-4df9-b5ea-e96e95eeb152">
          <Coords points="1541,2341 1546,2341 1597,2341 1647,2341 1696,2339 1746,2338 1796,2336 1846,2335 1896,2333 1904,2333 1907,2377 1897,2378 1847,2380 1797,2381 1747,2383 1697,2384 1647,2386 1597,2386 1547,2386 1543,2386"/>
          <TextEquiv>
            <Unicode>aengaende</Unicode>
          </TextEquiv>
        </Word>
        <Word id="word_c8467fdf-6491-4f4c-aefa-413ed6e6feef">
          <Coords points="1944,2330 1945,2330 1997,2330 2046,2328 2096,2327 2146,2325 2148,2325 2148,2370 2147,2370 2097,2372 2047,2373 1997,2375 1948,2375 1947,2375"/>
          <TextEquiv>
            <Unicode>d‛een</Unicode>
          </TextEquiv>
        </Word>
        <Word id="word_770c80b4-d4eb-4b6c-8b72-060bdbcb1052">
          <Coords points="2189,2325 2197,2325 2246,2324 2296,2323 2347,2323 2396,2322 2447,2322 2497,2322 2548,2323 2592,2322 2593,2367 2547,2368 2497,2367 2447,2367 2397,2367 2347,2368 2297,2368 2247,2369 2197,2370 2189,2370"/>
          <TextEquiv>
            <Unicode>end'ander,</Unicode>
          </TextEquiv>
        </Word>
        <Word id="word_ddb7ecf7-42fc-459e-8478-7f486b951246">
          <Coords points="2637,2322 2651,2323 2697,2323 2747,2323 2797,2323 2847,2323 2896,2321 2948,2322 2996,2321 3035,2319 3037,2364 2997,2366 2947,2367 2897,2366 2847,2368 2797,2368 2747,2368 2697,2368 2646,2368 2632,2366"/>
          <TextEquiv>
            <Unicode>onderwerpe</Unicode>
          </TextEquiv>
        </Word>
        <Word id="word_d3c8d790-6646-4ed2-88a0-5b2714e46fe4">
          <Coords points="3075,2318 3096,2317 3146,2315 3194,2311 3237,2310 3238,2355 3198,2356 3147,2360 3097,2362 3077,2363"/>
          <TextEquiv>
            <Unicode>mij—</Unicode>
          </TextEquiv>
        </Word>
        <TextEquiv conf="0.9339800635598122">
          <Unicode>fortresse sijn, aengaende d‛een end'ander, onderwerpe mij—</Unicode>
        </TextEquiv>
        <TextStyle xHeight="30"/>
      </TextLine>
      <TextLine id="line_950a745f-a500-40a6-a2c2-4eaae878cf9a">
        <Coords points="876,2424 917,2421 946,2404 966,2412 1022,2412 1051,2427 1078,2408 1414,2409 1438,2400 1638,2401 1658,2397 1670,2385 1818,2385 1826,2377 2109,2385 2117,2377 2930,2373 3069,2366 3133,2366 3140,2373 3178,2358 3205,2385 3224,2377 3254,2397 3281,2373 3302,2387 3302,2443 3296,2448 3271,2439 3237,2466 3101,2461 3093,2454 2957,2454 2925,2478 2481,2469 2465,2482 1942,2486 1912,2459 1882,2459 1858,2482 1738,2477 1670,2485 1654,2477 1354,2473 1338,2486 1238,2494 910,2498 887,2521 876,2521"/>
        <Baseline points="902,2470 952,2472 1002,2472 1052,2469 1102,2468 1152,2467 1202,2466 1252,2464 1302,2462 1352,2462 1402,2461 1452,2460 1502,2460 1552,2459 1602,2457 1652,2456 1702,2455 1752,2454 1802,2452 1852,2451 1902,2450 1952,2449 2002,2448 2052,2448 2102,2449 2152,2448 2202,2447 2252,2446 2302,2445 2352,2445 2402,2443 2452,2443 2502,2442 2552,2441 2602,2440 2652,2439 2702,2439 2752,2438 2802,2438 2852,2437 2902,2437 2952,2436 3002,2435 3052,2434 3102,2432 3152,2431 3202,2431 3252,2433 3277,2429"/>
        <Word id="word_9dbfd3bb-0f37-407b-9493-a78f536c9745">
          <Coords points="903,2435 953,2437 1002,2437 1050,2434 1054,2434 1055,2479 1053,2479 1002,2482 952,2482 902,2480"/>
          <TextEquiv>
            <Unicode>uEd:</Unicode>
          </TextEquiv>
        </Word>
        <Word id="word_da6bd12d-286b-4a08-ba75-df5f21a9324b">
          <Coords points="1093,2433 1101,2433 1151,2432 1201,2431 1251,2429 1301,2427 1323,2427 1323,2472 1302,2472 1252,2474 1202,2476 1152,2477 1102,2478 1094,2478"/>
          <TextEquiv>
            <Unicode>rijper</Unicode>
          </TextEquiv>
        </Word>
        <Word id="word_5b221394-1732-4c1c-b0fa-7daa6081c614">
          <Coords points="1361,2427 1401,2426 1451,2425 1502,2425 1551,2424 1601,2422 1629,2421 1630,2466 1602,2467 1552,2469 1502,2470 1452,2470 1402,2471 1362,2472"/>
          <TextEquiv>
            <Unicode>oordeel</Unicode>
          </TextEquiv>
        </Word>
        <Word id="word_ac743f9c-7bda-4c7c-b0ee-e51ec035ffd9">
          <Coords points="1667,2421 1701,2420 1751,2419 1801,2417 1821,2417 1822,2462 1802,2462 1752,2464 1702,2465 1668,2466"/>
          <TextEquiv>
            <Unicode>ende</Unicode>
          </TextEquiv>
        </Word>
        <Word id="word_2d415ffb-2ba9-4091-bb75-0117192278c8">
          <Coords points="1859,2416 1901,2415 1951,2414 2001,2413 2052,2413 2090,2414 2089,2459 2052,2458 2002,2458 1952,2459 1902,2460 1860,2461"/>
          <TextEquiv>
            <Unicode>ordre,</Unicode>
          </TextEquiv>
        </Word>
        <Word id="word_991a4c86-90e4-4690-bb86-c6025198d380">
          <Coords points="2126,2415 2150,2413 2201,2412 2251,2411 2280,2410 2281,2455 2252,2456 2202,2457 2153,2458 2129,2459"/>
          <TextEquiv>
            <Unicode>omme</Unicode>
          </TextEquiv>
        </Word>
        <Word id="word_0544216c-8334-4efe-a0bb-cdb5c9aa5fc1">
          <Coords points="2320,2410 2352,2410 2401,2408 2434,2408 2434,2453 2402,2453 2352,2455 2319,2455"/>
          <TextEquiv>
            <Unicode>mij</Unicode>
          </TextEquiv>
        </Word>
        <Word id="word_33d86c04-2e75-4d78-a34d-1717eb32d4e3">
          <Coords points="2471,2408 2501,2407 2551,2406 2601,2405 2625,2405 2626,2450 2602,2450 2552,2451 2502,2452 2473,2453"/>
          <TextEquiv>
            <Unicode>daer</Unicode>
          </TextEquiv>
        </Word>
        <Word id="word_3adcc5c2-adf4-405a-a32e-2357c3a3c924">
          <Coords points="2664,2404 2702,2404 2751,2403 2802,2403 2817,2403 2818,2448 2802,2448 2752,2448 2702,2449 2664,2449"/>
          <TextEquiv>
            <Unicode>naer</Unicode>
          </TextEquiv>
        </Word>
        <Word id="word_80f0802b-9f46-4396-9965-ff79edc43021">
          <Coords points="2856,2402 2902,2402 2932,2401 2933,2446 2902,2447 2856,2447"/>
          <TextEquiv>
            <Unicode>in</Unicode>
          </TextEquiv>
        </Word>
        <Word id="word_24f5362e-8d94-454f-8cc6-827344c7fbd4">
          <Coords points="2970,2401 3001,2400 3051,2399 3101,2397 3151,2396 3202,2396 3253,2398 3271,2394 3279,2439 3252,2443 3202,2441 3152,2441 3102,2442 3052,2444 3002,2445 2971,2446"/>
          <TextEquiv>
            <Unicode>aenstaen</Unicode>
          </TextEquiv>
        </Word>
        <TextEquiv conf="0.9376579428386481">
          <Unicode>uEd: rijper oordeel ende ordre, omme mij daer naer in aenstaen</Unicode>
        </TextEquiv>
        <TextStyle xHeight="34"/>
      </TextLine>
      <TextLine id="line_5f15a41a-e146-4e3e-86bf-d8ee1e504af3">
        <Coords points="875,2523 885,2523 913,2499 1205,2496 1337,2484 1353,2472 1861,2480 1885,2457 1910,2457 1945,2491 2062,2493 2062,2547 1881,2546 1837,2573 1173,2572 1025,2577 1017,2585 875,2580"/>
        <Baseline points="901,2559 951,2555 1001,2554 1051,2552 1101,2549 1151,2548 1201,2546 1251,2545 1301,2542 1351,2541 1401,2538 1451,2536 1501,2534 1551,2533 1601,2533 1651,2532 1701,2533 1751,2534 1801,2533 1851,2534 1901,2535 1951,2535 2001,2536 2037,2534"/>
        <Word id="word_91199b82-252b-4e6f-8889-79f936379c52">
          <Coords points="898,2524 948,2520 976,2519 977,2564 952,2565 902,2569"/>
          <TextEquiv>
            <Unicode>te</Unicode>
          </TextEquiv>
        </Word>
        <Word id="word_9187e5d6-f5a4-420a-a164-b2f9a2763156">
          <Coords points="1013,2519 1049,2517 1099,2514 1150,2513 1200,2511 1203,2511 1204,2556 1201,2556 1151,2558 1102,2559 1051,2562 1015,2564"/>
          <TextEquiv>
            <Unicode>mogen</Unicode>
          </TextEquiv>
        </Word>
        <Word id="word_fc4c6834-0002-4791-84c1-44e40de32098">
          <Coords points="1241,2510 1250,2510 1299,2507 1350,2506 1399,2503 1450,2501 1500,2499 1550,2498 1582,2498 1582,2543 1551,2543 1501,2544 1451,2546 1402,2548 1351,2551 1302,2552 1251,2555 1242,2555"/>
          <TextEquiv>
            <Unicode>reguleren</Unicode>
          </TextEquiv>
        </Word>
        <Word id="word_542f2497-b788-4ace-ac55-53a50c6cc5e9">
          <Coords points="1619,2498 1650,2497 1702,2498 1752,2499 1800,2498 1852,2499 1902,2500 1951,2500 1962,2500 1961,2545 1951,2545 1901,2545 1851,2544 1801,2543 1751,2544 1701,2543 1651,2542 1621,2543"/>
          <TextEquiv>
            <Unicode>d'advijso</Unicode>
          </TextEquiv>
        </Word>
        <Word id="word_f2acc4e5-dd93-48bb-983c-c827c5b7790a">
          <Coords points="2000,2501 2002,2501 2035,2499 2038,2544 2001,2546 1999,2546"/>
          <TextEquiv>
            <Unicode>—</Unicode>
          </TextEquiv>
        </Word>
        <TextEquiv conf="0.9198181033755354">
          <Unicode>te mogen reguleren d'advijso —</Unicode>
        </TextEquiv>
        <TextStyle xHeight="30"/>
      </TextLine>
      <TextLine id="line_9a2964aa-857d-4f8a-a858-8f2f0c6dcaf3">
        <Coords points="768,2575 822,2575 833,2564 867,2592 882,2580 1018,2585 1026,2577 1162,2577 1178,2564 1670,2564 1678,2572 1838,2573 1846,2565 1902,2560 2269,2560 2433,2564 2461,2580 2777,2580 2821,2588 3005,2588 3129,2600 3214,2600 3243,2581 3270,2605 3281,2600 3298,2610 3298,2666 3269,2695 3234,2668 3085,2668 3021,2669 3009,2680 2965,2684 2493,2688 2481,2700 2257,2704 2250,2711 1594,2707 1578,2695 1506,2695 1286,2700 1262,2715 1166,2710 1151,2718 1018,2723 1009,2714 918,2715 910,2723 894,2716 881,2727 862,2726 834,2706 808,2715 768,2715"/>
        <Baseline points="794,2678 844,2681 894,2681 944,2680 994,2680 1044,2680 1094,2680 1144,2679 1194,2679 1244,2678 1294,2677 1344,2676 1394,2676 1444,2674 1494,2672 1544,2672 1594,2671 1644,2672 1694,2672 1744,2671 1794,2672 1844,2672 1894,2671 1944,2671 1994,2671 2044,2670 2094,2670 2144,2671 2194,2671 2244,2670 2294,2669 2344,2668 2394,2667 2444,2667 2494,2665 2544,2664 2594,2664 2644,2663 2694,2664 2744,2663 2794,2663 2844,2662 2894,2661 2944,2661 2994,2662 3044,2660 3094,2658 3144,2656 3194,2656 3244,2651 3273,2652"/>
        <Word id="word_08ef1560-5c5e-4fd4-8b2b-155ef9c89dac">
          <Coords points="796,2643 846,2646 894,2646 943,2645 994,2645 1044,2645 1094,2645 1143,2644 1194,2644 1212,2644 1213,2689 1194,2689 1144,2689 1094,2690 1044,2690 994,2690 944,2690 894,2691 843,2691 793,2688"/>
          <TextEquiv>
            <Unicode>Doordsoberen</Unicode>
          </TextEquiv>
        </Word>
        <Word id="word_19851695-0cd5-41f2-bdbb-c3f163a3a01f">
          <Coords points="1247,2643 1293,2642 1343,2641 1394,2641 1443,2639 1493,2637 1527,2637 1527,2682 1494,2682 1444,2684 1394,2686 1344,2686 1294,2687 1248,2688"/>
          <TextEquiv>
            <Unicode>gevallen</Unicode>
          </TextEquiv>
        </Word>
        <Word id="word_3e538c9a-5f09-4dc1-885b-371602b2c0cf">
          <Coords points="1561,2637 1593,2636 1645,2637 1694,2637 1736,2636 1737,2681 1694,2682 1644,2682 1594,2681 1562,2682"/>
          <TextEquiv>
            <Unicode>regen</Unicode>
          </TextEquiv>
        </Word>
        <Word id="word_7d24f1f6-46e3-45bd-91f1-e8cd27186ca3">
          <Coords points="1774,2636 1796,2637 1844,2637 1893,2636 1944,2636 1994,2636 2043,2635 2086,2635 2086,2680 2044,2680 1994,2681 1944,2681 1894,2681 1844,2682 1793,2682 1771,2680"/>
          <TextEquiv>
            <Unicode>voorleden</Unicode>
          </TextEquiv>
        </Word>
        <Word id="word_5870afff-cc09-46c4-a73c-585c4ed2fbbc">
          <Coords points="2122,2635 2146,2636 2194,2636 2243,2635 2260,2635 2261,2680 2244,2680 2194,2681 2144,2681 2120,2680"/>
          <TextEquiv>
            <Unicode>Jare</Unicode>
          </TextEquiv>
        </Word>
        <Word id="word_ab265566-9de4-4fde-bfd8-0a41a01075ca">
          <Coords points="2295,2634 2343,2633 2365,2633 2366,2678 2344,2678 2296,2679"/>
          <TextEquiv>
            <Unicode>is</Unicode>
          </TextEquiv>
        </Word>
        <Word id="word_43f12fdc-0263-40ff-b6d9-bc2de59a7e82">
          <Coords points="2400,2632 2444,2632 2493,2630 2543,2629 2575,2629 2575,2674 2544,2674 2494,2675 2444,2677 2400,2677"/>
          <TextEquiv>
            <Unicode>dees,</Unicode>
          </TextEquiv>
        </Word>
        <Word id="word_b749fa4c-a661-4d2e-968d-30dda35591c5">
          <Coords points="2609,2629 2643,2628 2695,2629 2714,2629 2715,2674 2694,2674 2644,2673 2610,2674"/>
          <TextEquiv>
            <Unicode>als</Unicode>
          </TextEquiv>
        </Word>
        <Word id="word_5167da32-ec61-4963-9d90-88823ed60104">
          <Coords points="2750,2628 2794,2628 2819,2628 2819,2672 2794,2673 2749,2673"/>
          <TextEquiv>
            <Unicode>d'</Unicode>
          </TextEquiv>
        </Word>
        <Word id="word_569c1c4c-12df-4308-a6e9-98b20c90e3d5">
          <Coords points="2854,2627 2893,2626 2944,2626 2995,2627 3043,2625 3093,2623 3097,2623 3099,2668 3094,2668 3044,2670 2994,2672 2944,2671 2894,2671 2854,2672"/>
          <TextEquiv>
            <Unicode>suijd„t</Unicode>
          </TextEquiv>
        </Word>
        <Word id="word_322966da-b31d-4a0a-b132-d1bd15e6870a">
          <Coords points="3132,2621 3143,2621 3194,2621 3241,2616 3274,2617 3273,2662 3245,2661 3194,2666 3144,2666 3134,2666"/>
          <TextEquiv>
            <Unicode>ende</Unicode>
          </TextEquiv>
        </Word>
        <TextEquiv conf="0.8352341676846287">
          <Unicode>Doordsoberen gevallen regen voorleden Jare is dees, als d' suijd„t ende</Unicode>
        </TextEquiv>
        <TextStyle xHeight="40"/>
      </TextLine>
      <TextLine id="b00745c1-0482-4a31-8d28-4ac319f4e721">
        <Coords points="725,2715 808,2715 818,2707 839,2707 863,2726 881,2727 894,2715 911,2724 939,2700 955,2699 995,2703 1023,2720 1055,2688 1159,2688 1182,2711 1209,2716 1258,2716 1286,2700 1506,2695 1578,2695 1594,2708 2253,2708 2481,2700 2493,2688 2968,2684 3008,2680 3020,2668 3108,2667 3232,2667 3272,2707 3285,2703 3285,2758 3272,2757 3264,2765 2405,2764 2349,2781 2169,2780 2157,2789 971,2788 956,2796 743,2797 725,2805"/>
        <Baseline points="751,2761 801,2764 851,2763 901,2763 951,2763 1001,2761 1051,2760 1101,2759 1151,2759 1201,2758 1251,2757 1301,2758 1351,2758 1401,2757 1451,2757 1501,2756 1551,2755 1601,2755 1651,2755 1701,2754 1751,2754 1801,2755 1851,2754 1901,2753 1951,2753 2001,2752 2051,2752 2101,2751 2151,2752 2201,2751 2251,2752 2301,2751 2351,2751 2401,2752 2451,2751 2501,2749 2551,2748 2601,2749 2651,2748 2701,2747 2751,2746 2801,2746 2851,2746 2901,2746 2951,2746 3001,2746 3051,2746 3101,2747 3151,2747 3201,2745 3251,2743 3260,2744"/>
        <Word id="word_52d175fd-d7a8-4e60-a0fb-c07b64f9ff12">
          <Coords points="753,2726 803,2729 850,2728 901,2728 951,2728 1000,2726 1050,2725 1100,2724 1151,2724 1200,2723 1250,2722 1302,2723 1351,2723 1395,2722 1396,2767 1351,2768 1301,2768 1251,2767 1201,2768 1151,2769 1101,2769 1051,2770 1001,2771 951,2773 901,2773 851,2773 800,2774 750,2771"/>
          <TextEquiv>
            <Unicode>noorderquartieren,</Unicode>
          </TextEquiv>
        </Word>
        <Word id="word_3bf90d83-03d1-42f8-aba9-a28efe216bfb">
          <Coords points="1433,2721 1452,2722 1500,2721 1503,2721 1504,2766 1501,2766 1451,2767 1432,2766"/>
          <TextEquiv>
            <Unicode>Is</Unicode>
          </TextEquiv>
        </Word>
        <Word id="word_42274359-28e1-4ae1-8db6-66ff5f45bc7a">
          <Coords points="1539,2720 1550,2720 1601,2720 1611,2720 1611,2765 1601,2765 1551,2765 1540,2765"/>
          <TextEquiv>
            <Unicode>'t</Unicode>
          </TextEquiv>
        </Word>
        <Word id="word_ce72dcd5-2cbf-4d06-8d85-87fb4547908a">
          <Coords points="1647,2720 1651,2720 1700,2719 1751,2719 1791,2720 1790,2765 1751,2764 1701,2764 1651,2765 1647,2765"/>
          <TextEquiv>
            <Unicode>rijs</Unicode>
          </TextEquiv>
        </Word>
        <Word id="word_298b7113-9563-4670-a972-4c494f5b2282">
          <Coords points="1824,2721 1849,2719 1900,2718 1951,2718 2000,2717 2005,2717 2005,2762 2001,2762 1951,2763 1901,2763 1852,2764 1827,2765"/>
          <TextEquiv>
            <Unicode>gewas</Unicode>
          </TextEquiv>
        </Word>
        <Word id="word_1b71d97e-0526-4738-a39e-b5f4be6e8a00">
          <Coords points="2041,2717 2051,2717 2100,2716 2152,2717 2184,2716 2185,2761 2151,2762 2101,2761 2051,2762 2041,2762"/>
          <TextEquiv>
            <Unicode>vele</Unicode>
          </TextEquiv>
        </Word>
        <Word id="word_35db7cd0-aa58-430c-ad98-be9db7406766">
          <Coords points="2222,2716 2253,2717 2300,2716 2351,2716 2402,2717 2450,2716 2500,2714 2507,2714 2507,2759 2501,2759 2451,2761 2401,2762 2351,2761 2301,2761 2251,2762 2220,2761"/>
          <TextEquiv>
            <Unicode>vergaen,</Unicode>
          </TextEquiv>
        </Word>
        <Word id="word_c5dcc287-e755-4651-9c06-a1fce9e9be05">
          <Coords points="2542,2713 2550,2713 2602,2714 2650,2713 2686,2712 2687,2757 2651,2758 2601,2759 2551,2758 2543,2758"/>
          <TextEquiv>
            <Unicode>ende</Unicode>
          </TextEquiv>
        </Word>
        <Word id="word_3d33ef65-9ad8-4710-ba46-ac720b3d5ef0">
          <Coords points="2722,2712 2750,2711 2801,2711 2851,2711 2901,2711 2951,2711 2973,2711 2973,2756 2951,2756 2901,2756 2851,2756 2801,2756 2751,2756 2723,2757"/>
          <TextEquiv>
            <Unicode>naulicx</Unicode>
          </TextEquiv>
        </Word>
        <Word id="word_3a1e1b9d-a541-406c-aec1-b2adfc1c1eeb">
          <Coords points="3009,2711 3051,2711 3102,2712 3151,2712 3200,2710 3250,2708 3264,2709 3259,2754 3251,2753 3201,2755 3151,2757 3101,2757 3051,2756 3009,2756"/>
          <TextEquiv>
            <Unicode>d'helft</Unicode>
          </TextEquiv>
        </Word>
        <TextEquiv conf="0.9621926377442407">
          <Unicode>noorderquartieren, Is 't rijs gewas vele vergaen, ende naulicx d'helft</Unicode>
        </TextEquiv>
        <TextStyle xHeight="32"/>
      </TextLine>
      <TextLine id="line_6d7ac65b-e960-42b2-9440-390642bca70d">
        <Coords points="879,2796 1193,2796 1301,2787 2160,2788 2168,2780 2348,2780 2404,2764 2968,2760 3207,2760 3216,2768 3258,2768 3292,2790 3297,2784 3297,2838 3280,2845 2788,2845 2760,2862 2700,2862 2676,2841 2596,2838 2544,2842 2536,2850 2428,2850 2420,2858 1961,2858 1953,2866 1909,2866 1893,2853 1745,2853 1725,2866 1557,2866 1549,2874 1001,2869 879,2877"/>
        <Baseline points="905,2852 955,2850 1005,2849 1055,2847 1105,2846 1155,2845 1205,2844 1255,2841 1305,2841 1355,2840 1405,2840 1455,2840 1505,2839 1555,2839 1605,2838 1655,2837 1705,2837 1755,2837 1805,2836 1855,2835 1905,2834 1955,2832 2005,2831 2055,2831 2105,2829 2155,2829 2205,2829 2255,2829 2305,2829 2355,2828 2405,2828 2455,2828 2505,2826 2555,2825 2605,2825 2655,2825 2705,2824 2755,2825 2805,2826 2855,2825 2905,2825 2955,2824 3005,2825 3055,2825 3105,2825 3155,2825 3205,2826 3255,2826 3272,2825"/>
        <Word id="word_a99453cf-9910-4a1a-8271-dc144b2bc394">
          <Coords points="904,2817 954,2815 1004,2814 1024,2813 1026,2858 1005,2859 955,2860 905,2862"/>
          <TextEquiv>
            <Unicode>tot</Unicode>
          </TextEquiv>
        </Word>
        <Word id="word_7c412803-58a4-4ad7-9053-f1dded643566">
          <Coords points="1065,2812 1104,2811 1154,2810 1204,2809 1253,2806 1305,2806 1354,2805 1405,2805 1426,2805 1426,2850 1405,2850 1355,2850 1305,2851 1256,2851 1205,2854 1155,2855 1105,2856 1066,2857"/>
          <TextEquiv>
            <Unicode>perfectie</Unicode>
          </TextEquiv>
        </Word>
        <Word id="word_5b38a034-be63-4773-9057-b55481b1623d">
          <Coords points="1466,2805 1504,2804 1555,2804 1604,2803 1654,2802 1705,2802 1755,2802 1787,2801 1788,2846 1755,2847 1705,2847 1655,2847 1605,2848 1555,2849 1505,2849 1467,2850"/>
          <TextEquiv>
            <Unicode>gecomen,</Unicode>
          </TextEquiv>
        </Word>
        <Word id="word_55a3209d-3c61-4534-8c7d-defa77a378f8">
          <Coords points="1827,2801 1854,2800 1904,2799 1954,2797 2004,2796 2055,2796 2104,2794 2108,2794 2108,2839 2105,2839 2055,2841 2005,2841 1955,2842 1905,2844 1855,2845 1828,2846"/>
          <TextEquiv>
            <Unicode>waervan</Unicode>
          </TextEquiv>
        </Word>
        <Word id="word_9e4b1d17-3cf3-46ff-a4eb-565565a0664c">
          <Coords points="2149,2794 2155,2794 2205,2794 2255,2794 2305,2794 2308,2794 2309,2839 2305,2839 2255,2839 2205,2839 2155,2839 2149,2839"/>
          <TextEquiv>
            <Unicode>noch</Unicode>
          </TextEquiv>
        </Word>
        <Word id="word_0c108a54-1346-49ef-b481-2b51365a5bdf">
          <Coords points="2349,2793 2354,2793 2405,2793 2429,2793 2429,2838 2405,2838 2355,2838 2349,2838"/>
          <TextEquiv>
            <Unicode>te</Unicode>
          </TextEquiv>
        </Word>
        <Word id="word_c36acce7-ef54-4b57-96e9-9311359c7579">
          <Coords points="2468,2793 2503,2791 2554,2790 2605,2790 2655,2790 2704,2789 2756,2790 2791,2791 2790,2836 2755,2835 2705,2834 2655,2835 2605,2835 2555,2835 2506,2836 2470,2838"/>
          <TextEquiv>
            <Unicode>duchten,</Unicode>
          </TextEquiv>
        </Word>
        <Word id="word_92bd7ef2-f368-455f-8f3c-1bb469f17bbb">
          <Coords points="2828,2792 2853,2790 2905,2790 2954,2789 2992,2790 2991,2835 2955,2834 2905,2835 2856,2835 2831,2836"/>
          <TextEquiv>
            <Unicode>mits</Unicode>
          </TextEquiv>
        </Word>
        <Word id="word_f1a83bb1-0198-441a-931a-77357a071224">
          <Coords points="3030,2791 3054,2790 3105,2790 3155,2790 3206,2791 3255,2791 3270,2790 3273,2835 3255,2836 3205,2836 3155,2835 3105,2835 3055,2835 3031,2836"/>
          <TextEquiv>
            <Unicode>d'ont„</Unicode>
          </TextEquiv>
        </Word>
        <TextEquiv conf="0.9378367023714655">
          <Unicode>tot perfectie gecomen, waervan noch te duchten, mits d'ont„</Unicode>
        </TextEquiv>
        <TextStyle xHeight="32"/>
      </TextLine>
      <TextLine id="line_7c40f8ef-bd92-47a8-9c55-fa049e2d8943">
        <Coords points="888,2877 1003,2868 1426,2869 1502,2860 1726,2865 1750,2845 2070,2837 2673,2840 2697,2861 2761,2861 2805,2840 3260,2844 3284,2868 3306,2859 3306,2914 3273,2917 3253,2937 3234,2941 3193,2941 3161,2924 2802,2933 2713,2924 2367,2921 2333,2929 2181,2929 2165,2945 1902,2948 1878,2949 1871,2956 1058,2956 888,2963"/>
        <Baseline points="914,2934 964,2933 1014,2931 1064,2931 1114,2930 1164,2929 1214,2928 1264,2927 1314,2926 1364,2925 1414,2924 1464,2924 1514,2923 1564,2923 1614,2922 1664,2921 1714,2920 1764,2920 1814,2919 1864,2918 1914,2917 1964,2917 2014,2916 2064,2915 2114,2914 2164,2914 2214,2913 2264,2913 2314,2913 2364,2912 2414,2911 2464,2911 2514,2910 2564,2909 2614,2909 2664,2908 2714,2907 2764,2908 2814,2907 2864,2906 2914,2906 2964,2906 3014,2905 3064,2905 3114,2905 3164,2904 3214,2902 3264,2900 3281,2901"/>
        <Word id="word_2a036cea-f044-4242-b5eb-30ef2f47743e">
          <Coords points="913,2899 963,2898 1013,2896 1064,2896 1113,2895 1121,2895 1122,2940 1114,2940 1064,2941 1014,2941 964,2943 914,2944"/>
          <TextEquiv>
            <Unicode>stane</Unicode>
          </TextEquiv>
        </Word>
        <Word id="word_e0636b3e-8afc-4280-8ddc-2547c1bf083d">
          <Coords points="1162,2894 1163,2894 1213,2893 1263,2892 1313,2891 1363,2890 1413,2889 1464,2889 1495,2888 1496,2933 1464,2934 1414,2934 1364,2935 1314,2936 1264,2937 1214,2938 1164,2939 1163,2939"/>
          <TextEquiv>
            <Unicode>oorlogen</Unicode>
          </TextEquiv>
        </Word>
        <Word id="word_a82537a8-fae0-418d-a368-3b07f73d0fbc">
          <Coords points="1537,2888 1565,2888 1613,2887 1663,2886 1713,2885 1764,2885 1813,2884 1827,2884 1828,2929 1814,2929 1764,2930 1714,2930 1664,2931 1614,2932 1564,2933 1537,2933"/>
          <TextEquiv>
            <Unicode>alomme,</Unicode>
          </TextEquiv>
        </Word>
        <Word id="word_2f5a9726-9629-4969-bd53-2158f50cc120">
          <Coords points="1868,2883 1913,2882 1964,2882 1993,2881 1994,2926 1964,2927 1914,2927 1869,2928"/>
          <TextEquiv>
            <Unicode>een</Unicode>
          </TextEquiv>
        </Word>
        <Word id="word_0fcf8e9c-b359-4a29-a786-cdf4e80bde23">
          <Coords points="2035,2881 2063,2880 2113,2879 2164,2879 2213,2878 2243,2878 2243,2923 2214,2923 2164,2924 2114,2924 2064,2925 2035,2926"/>
          <TextEquiv>
            <Unicode>groot</Unicode>
          </TextEquiv>
        </Word>
        <Word id="word_046980cb-4de6-4316-b2d3-cfe8a069e33b">
          <Coords points="2284,2878 2314,2878 2363,2877 2413,2876 2464,2876 2513,2875 2563,2874 2614,2874 2616,2874 2617,2919 2614,2919 2564,2919 2514,2920 2464,2921 2414,2921 2364,2922 2314,2923 2284,2923"/>
          <TextEquiv>
            <Unicode>gedeelte</Unicode>
          </TextEquiv>
        </Word>
        <Word id="word_790eb022-642f-445a-b2b1-5e75378e2594">
          <Coords points="2657,2873 2663,2873 2713,2872 2765,2873 2813,2872 2824,2872 2824,2917 2814,2917 2764,2918 2714,2917 2664,2918 2658,2918"/>
          <TextEquiv>
            <Unicode>niet</Unicode>
          </TextEquiv>
        </Word>
        <Word id="word_c518f53f-aa09-47ad-a836-8c6a7de8546e">
          <Coords points="2866,2871 2914,2871 2964,2871 2990,2870 2991,2915 2964,2916 2914,2916 2866,2916"/>
          <TextEquiv>
            <Unicode>sal</Unicode>
          </TextEquiv>
        </Word>
        <Word id="word_b63159eb-682c-4606-9c72-4be52efb9fb7">
          <Coords points="3032,2870 3064,2870 3114,2870 3163,2869 3213,2867 3263,2865 3283,2866 3280,2911 3264,2910 3214,2912 3164,2914 3114,2915 3064,2915 3032,2915"/>
          <TextEquiv>
            <Unicode>cunnen</Unicode>
          </TextEquiv>
        </Word>
        <TextEquiv conf="0.9627489012746335">
          <Unicode>stane oorlogen alomme, een groot gedeelte niet sal cunnen</Unicode>
        </TextEquiv>
        <TextStyle xHeight="33"/>
      </TextLine>
      <TextLine id="line_773a36c7-b4cc-428c-92e7-315e39d3538b">
        <Coords points="879,2950 1441,2945 1669,2949 1753,2958 1869,2954 1897,2950 1905,2942 2162,2945 2177,2930 2369,2930 2381,2922 2813,2930 3161,2925 3197,2942 3232,2942 3257,2934 3273,2918 3283,2918 3310,2942 3310,2997 3264,3019 3245,3038 3225,3030 3157,3026 3045,3027 3017,3003 2721,3003 2697,3023 2516,3023 2505,3031 2385,3031 2369,3018 2217,3018 2205,3027 1925,3022 1897,3010 1825,3007 1773,3008 1737,3023 1461,3022 1385,3014 1373,3023 1309,3023 1293,3039 879,3038"/>
        <Baseline points="905,3013 955,3013 1005,3011 1055,3009 1105,3007 1155,3007 1205,3006 1255,3005 1305,3004 1355,3003 1405,3001 1455,3001 1505,3000 1555,2999 1605,2999 1655,2997 1705,2997 1755,2996 1805,2995 1855,2994 1905,2994 1955,2994 2005,2993 2055,2993 2105,2993 2155,2992 2205,2993 2255,2995 2305,2995 2355,2995 2405,2994 2455,2993 2505,2992 2555,2992 2605,2990 2655,2990 2705,2990 2755,2989 2805,2988 2855,2987 2905,2987 2955,2987 3005,2986 3055,2985 3105,2984 3155,2983 3205,2982 3255,2982 3285,2984"/>
        <Word id="word_14d64d27-93f5-4ec4-8975-103e5156c6ec">
          <Coords points="905,2978 955,2978 1004,2976 1054,2974 1104,2972 1155,2972 1204,2971 1254,2970 1304,2969 1354,2968 1388,2967 1390,3012 1355,3013 1305,3014 1255,3015 1205,3016 1155,3017 1105,3017 1055,3019 1005,3021 955,3023 905,3023"/>
          <TextEquiv>
            <Unicode>Ingesamelt,</Unicode>
          </TextEquiv>
        </Word>
        <Word id="word_d7565c45-e391-4299-9750-67d1625657c3">
          <Coords points="1436,2965 1457,2966 1504,2965 1554,2964 1605,2964 1609,2964 1610,3009 1605,3009 1555,3009 1505,3010 1454,3011 1433,3010"/>
          <TextEquiv>
            <Unicode>maer</Unicode>
          </TextEquiv>
        </Word>
        <Word id="word_49dcb9ac-9cd6-4c8b-8320-64a407f014ca">
          <Coords points="1653,2962 1654,2962 1705,2962 1754,2961 1804,2960 1830,2959 1831,3004 1805,3005 1755,3006 1705,3007 1655,3007 1655,3007"/>
          <TextEquiv>
            <Unicode>wech</Unicode>
          </TextEquiv>
        </Word>
        <Word id="word_c6ed6532-b100-4305-ae89-9d3f2feea430">
          <Coords points="1875,2959 1905,2959 1955,2959 2004,2958 2055,2958 2105,2958 2154,2957 2184,2958 2183,3003 2155,3002 2105,3003 2055,3003 2005,3003 1955,3004 1905,3004 1874,3004"/>
          <TextEquiv>
            <Unicode>genomen</Unicode>
          </TextEquiv>
        </Word>
        <Word id="word_43c32e85-3585-474f-9f42-842749cbafe8">
          <Coords points="2229,2958 2257,2960 2305,2960 2355,2960 2403,2959 2404,3004 2355,3005 2305,3005 2254,3005 2227,3003"/>
          <TextEquiv>
            <Unicode>ende</Unicode>
          </TextEquiv>
        </Word>
        <Word id="word_e2aa582e-7099-4a84-80ad-f7795ee8af69">
          <Coords points="2447,2958 2454,2958 2504,2957 2555,2957 2604,2955 2655,2955 2705,2955 2754,2954 2804,2953 2854,2952 2905,2952 2955,2952 2976,2952 2977,2997 2955,2997 2905,2997 2855,2997 2805,2998 2755,2999 2705,3000 2655,3000 2605,3000 2555,3002 2505,3002 2455,3003 2448,3003"/>
          <TextEquiv>
            <Unicode>geconsumeert</Unicode>
          </TextEquiv>
        </Word>
        <Word id="word_aba98c42-2de7-400b-b050-5e6a21cb9135">
          <Coords points="3020,2951 3054,2950 3104,2949 3154,2948 3204,2947 3255,2947 3287,2949 3284,2994 3255,2992 3205,2992 3155,2993 3105,2994 3055,2995 3021,2996"/>
          <TextEquiv>
            <Unicode>werden</Unicode>
          </TextEquiv>
        </Word>
        <TextEquiv conf="0.9670435189008085">
          <Unicode>Ingesamelt, maer wech genomen ende geconsumeert werden</Unicode>
        </TextEquiv>
        <TextStyle xHeight="31"/>
      </TextLine>
      <TextLine id="line_8ef1f10d-2566-4b2d-8148-4d48f5ed392f">
        <Coords points="872,3036 1122,3031 1190,3040 1293,3040 1313,3020 1589,3016 1597,3008 1725,3004 1897,3011 1917,3019 2084,3019 2104,3028 2208,3028 2220,3019 2372,3019 2388,3032 2504,3032 2514,3024 2696,3024 2720,3001 3191,3001 3203,2989 3279,2996 3304,3021 3304,3076 3278,3093 3191,3093 3171,3105 2800,3100 2785,3085 2765,3082 2364,3082 2357,3089 2217,3093 1833,3092 1821,3101 872,3108"/>
        <Baseline points="898,3091 948,3089 998,3088 1048,3085 1098,3084 1148,3083 1198,3082 1248,3080 1298,3078 1348,3077 1398,3076 1448,3076 1498,3075 1548,3075 1598,3074 1648,3073 1698,3073 1748,3072 1798,3073 1848,3072 1898,3071 1948,3072 1998,3072 2048,3072 2098,3073 2148,3073 2198,3073 2248,3074 2298,3074 2348,3075 2398,3074 2448,3074 2498,3074 2548,3074 2598,3073 2648,3073 2698,3073 2748,3072 2798,3071 2848,3070 2898,3069 2948,3068 2998,3067 3048,3066 3098,3065 3148,3065 3198,3063 3248,3060 3279,3063"/>
        <Word id="word_7863824b-a6db-44e7-a6d8-0d7111edf512">
          <Coords points="897,3056 947,3054 997,3053 1011,3052 1014,3097 998,3098 948,3099 898,3101"/>
          <TextEquiv>
            <Unicode>soo</Unicode>
          </TextEquiv>
        </Word>
        <Word id="word_79637651-4c94-4f9c-8785-9eb325b538b3">
          <Coords points="1051,3050 1097,3049 1147,3048 1166,3048 1167,3093 1148,3093 1098,3094 1052,3095"/>
          <TextEquiv>
            <Unicode>dat</Unicode>
          </TextEquiv>
        </Word>
        <Word id="word_ef138ba2-b458-465c-821c-ae8de441b2d4">
          <Coords points="1204,3047 1246,3045 1297,3043 1347,3042 1358,3042 1359,3087 1348,3087 1298,3088 1248,3090 1206,3092"/>
          <TextEquiv>
            <Unicode>daer</Unicode>
          </TextEquiv>
        </Word>
        <Word id="word_233886f7-3e1e-417b-a3a4-d1beae4bb03a">
          <Coords points="1396,3041 1397,3041 1448,3041 1497,3040 1548,3040 1588,3039 1589,3084 1548,3085 1498,3085 1448,3086 1398,3086 1397,3086"/>
          <TextEquiv>
            <Unicode>door,</Unicode>
          </TextEquiv>
        </Word>
        <Word id="word_577bba54-e32b-49d2-92ab-ab160b64b7c3">
          <Coords points="1627,3038 1647,3038 1698,3038 1747,3037 1782,3038 1781,3083 1748,3082 1698,3083 1648,3083 1628,3083"/>
          <TextEquiv>
            <Unicode>ende</Unicode>
          </TextEquiv>
        </Word>
        <Word id="word_b6edfd60-c00d-4a5f-b21b-1c49f05a9127">
          <Coords points="1818,3038 1846,3037 1896,3036 1897,3081 1849,3082 1820,3083"/>
          <TextEquiv>
            <Unicode>'t</Unicode>
          </TextEquiv>
        </Word>
        <Word id="word_a3ea7ba4-f861-4bbd-8c36-f51d560bbd93">
          <Coords points="1939,3036 1953,3037 1998,3037 2048,3037 2099,3038 2148,3038 2165,3038 2165,3083 2148,3083 2098,3083 2048,3082 1998,3082 1947,3082 1934,3080"/>
          <TextEquiv>
            <Unicode>gedane</Unicode>
          </TextEquiv>
        </Word>
        <Word id="word_deb50ded-c79a-4094-810f-236c4347ba5e">
          <Coords points="2204,3038 2249,3039 2298,3039 2349,3040 2397,3039 2434,3039 2434,3084 2398,3084 2348,3085 2298,3084 2248,3084 2203,3083"/>
          <TextEquiv>
            <Unicode>verbot</Unicode>
          </TextEquiv>
        </Word>
        <Word id="word_2a8a9751-d1aa-46a4-9cc7-9d74170604cf">
          <Coords points="2472,3039 2498,3039 2548,3039 2587,3038 2588,3083 2548,3084 2498,3084 2472,3084"/>
          <TextEquiv>
            <Unicode>des</Unicode>
          </TextEquiv>
        </Word>
        <Word id="word_55fa1ba1-3a95-4b79-976c-c9b58350e22a">
          <Coords points="2627,3037 2649,3038 2698,3038 2747,3037 2797,3036 2847,3035 2897,3034 2947,3033 2997,3032 3047,3031 3048,3031 3049,3076 3048,3076 2998,3077 2948,3078 2898,3079 2848,3080 2798,3081 2748,3082 2698,3083 2648,3083 2626,3082"/>
          <TextEquiv>
            <Unicode>gelcondaets</Unicode>
          </TextEquiv>
        </Word>
        <Word id="word_e868b223-5bde-444a-8cf9-ef57a1593c77">
          <Coords points="3086,3030 3097,3030 3148,3030 3197,3028 3246,3025 3282,3028 3278,3073 3249,3070 3198,3073 3148,3075 3098,3075 3087,3075"/>
          <TextEquiv>
            <Unicode>maijt</Unicode>
          </TextEquiv>
        </Word>
        <TextEquiv conf="0.9661182283115997">
          <Unicode>soo dat daer door, ende 't gedane verbot des gelcondaets maijt</Unicode>
        </TextEquiv>
        <TextStyle xHeight="30"/>
      </TextLine>
      <TextLine id="line_00317f81-b05e-4c6f-87f9-01f9732782ec">
        <Coords points="887,3107 1009,3108 1021,3096 1041,3095 1101,3107 1253,3108 1821,3100 1829,3092 1849,3091 2597,3088 2605,3080 2762,3080 2781,3083 2801,3103 3225,3099 3233,3107 3265,3107 3287,3123 3314,3103 3314,3158 3307,3164 3290,3153 3277,3166 3069,3156 3001,3165 2645,3164 2629,3177 2425,3181 1505,3168 1353,3173 1329,3193 1296,3197 1205,3197 1169,3184 887,3193"/>
        <Baseline points="913,3164 963,3163 1013,3161 1063,3160 1113,3161 1163,3160 1213,3159 1263,3158 1313,3158 1363,3156 1413,3155 1463,3154 1513,3154 1563,3154 1613,3153 1663,3154 1713,3154 1763,3154 1813,3154 1863,3154 1913,3153 1963,3153 2013,3153 2063,3152 2113,3152 2163,3151 2213,3152 2263,3153 2313,3153 2363,3153 2413,3154 2463,3153 2513,3152 2563,3151 2613,3151 2663,3149 2713,3149 2763,3147 2813,3147 2863,3146 2913,3145 2963,3145 3013,3144 3063,3143 3113,3144 3163,3143 3213,3143 3263,3144 3289,3144"/>
        <Word id="word_507c5784-fe97-47ed-879a-109ee5961d0b">
          <Coords points="912,3129 962,3128 1012,3126 1022,3126 1023,3171 1013,3171 963,3173 913,3174"/>
          <TextEquiv>
            <Unicode>van</Unicode>
          </TextEquiv>
        </Word>
        <Word id="word_2476385a-4151-475c-bd3b-4eee30bb937d">
          <Coords points="1058,3125 1062,3125 1114,3126 1162,3125 1205,3124 1206,3169 1163,3170 1113,3171 1063,3170 1059,3170"/>
          <TextEquiv>
            <Unicode>geen</Unicode>
          </TextEquiv>
        </Word>
        <Word id="word_6509ff4a-cf47-4e9a-bfbf-9f59c01d8b26">
          <Coords points="1241,3123 1262,3123 1313,3123 1362,3121 1387,3121 1388,3165 1363,3166 1313,3168 1263,3168 1242,3168"/>
          <TextEquiv>
            <Unicode>rijs</Unicode>
          </TextEquiv>
        </Word>
        <Word id="word_11803502-ab37-4c34-a1e8-a37508d0bad9">
          <Coords points="1424,3120 1462,3119 1513,3119 1563,3119 1612,3118 1645,3119 1644,3164 1613,3163 1563,3164 1513,3164 1463,3164 1425,3165"/>
          <TextEquiv>
            <Unicode>anders</Unicode>
          </TextEquiv>
        </Word>
        <Word id="word_ffdcea6b-0645-4c53-b47e-e077f4a8cef2">
          <Coords points="1680,3119 1713,3119 1763,3119 1790,3119 1790,3164 1763,3164 1713,3164 1681,3164"/>
          <TextEquiv>
            <Unicode>als</Unicode>
          </TextEquiv>
        </Word>
        <Word id="word_49516b15-6d92-401a-b1e1-fe05b81299ad">
          <Coords points="1827,3119 1863,3119 1912,3118 1936,3118 1936,3163 1913,3163 1863,3164 1827,3164"/>
          <TextEquiv>
            <Unicode>tot</Unicode>
          </TextEquiv>
        </Word>
        <Word id="word_1424be78-82a4-40ce-80b4-2a28bdd3d1df">
          <Coords points="1973,3118 2013,3118 2062,3117 2113,3117 2162,3116 2214,3117 2230,3117 2229,3162 2213,3162 2163,3161 2113,3162 2063,3162 2013,3163 1973,3163"/>
          <TextEquiv>
            <Unicode>secours</Unicode>
          </TextEquiv>
        </Word>
        <Word id="word_b10dbc5f-a5a1-4e85-8336-6ff3b89e0406">
          <Coords points="2265,3118 2313,3118 2363,3118 2376,3118 2375,3163 2363,3163 2313,3163 2266,3163"/>
          <TextEquiv>
            <Unicode>van</Unicode>
          </TextEquiv>
        </Word>
        <Word id="word_bb88099e-92cc-45c7-b64e-fab015068527">
          <Coords points="2412,3119 2414,3119 2462,3118 2512,3117 2557,3116 2558,3161 2513,3162 2463,3163 2413,3164 2412,3164"/>
          <TextEquiv>
            <Unicode>sijn</Unicode>
          </TextEquiv>
        </Word>
        <Word id="word_2f81ae6a-57d0-4e15-acce-0132279e1192">
          <Coords points="2596,3115 2614,3116 2662,3114 2713,3114 2762,3112 2777,3112 2777,3157 2763,3157 2713,3159 2663,3159 2613,3161 2594,3160"/>
          <TextEquiv>
            <Unicode>leger</Unicode>
          </TextEquiv>
        </Word>
        <Word id="word_4f46233d-c1bd-40ae-8bb3-2b68776f3e0d">
          <Coords points="2813,3112 2862,3111 2886,3111 2887,3156 2863,3156 2814,3157"/>
          <TextEquiv>
            <Unicode>te</Unicode>
          </TextEquiv>
        </Word>
        <Word id="word_1c6dd8ac-5121-41a6-9548-595e86dc7638">
          <Coords points="2924,3110 2963,3110 3012,3109 3062,3108 3107,3109 3106,3154 3063,3153 3013,3154 2963,3155 2923,3155"/>
          <TextEquiv>
            <Unicode>mogen</Unicode>
          </TextEquiv>
        </Word>
        <Word id="word_dd0358c3-a86f-4b60-abdd-51fc11292260">
          <Coords points="3140,3110 3160,3108 3213,3108 3264,3109 3289,3109 3289,3154 3263,3154 3213,3153 3164,3153 3144,3155"/>
          <TextEquiv>
            <Unicode>ver„</Unicode>
          </TextEquiv>
        </Word>
        <TextEquiv conf="0.9632187557795135">
          <Unicode>van geen rijs anders als tot secours van sijn leger te mogen ver„</Unicode>
        </TextEquiv>
        <TextStyle xHeight="29"/>
      </TextLine>
      <TextLine id="line_7bcae33d-9bf9-41eb-89cb-40590398187d">
        <Coords points="880,3193 1170,3184 1202,3197 1297,3197 1330,3193 1354,3173 1442,3169 2121,3172 2133,3181 2425,3181 2629,3177 2645,3164 3004,3165 3068,3156 3260,3156 3276,3165 3296,3152 3329,3182 3329,3237 3312,3252 3286,3245 3244,3269 2912,3269 2768,3264 2740,3256 2529,3260 2514,3249 2465,3261 1765,3256 1758,3249 1738,3269 1664,3273 1470,3272 1454,3260 1126,3265 1102,3277 1042,3277 1022,3268 880,3268"/>
        <Baseline points="906,3250 956,3246 1006,3246 1056,3244 1106,3244 1156,3243 1206,3240 1256,3239 1306,3237 1356,3236 1406,3235 1456,3235 1506,3234 1556,3234 1606,3234 1656,3234 1706,3233 1756,3235 1806,3235 1856,3235 1906,3235 1956,3235 2006,3236 2056,3235 2106,3235 2156,3234 2206,3234 2256,3234 2306,3234 2356,3234 2406,3234 2456,3234 2506,3234 2556,3234 2606,3235 2656,3235 2706,3235 2756,3236 2806,3236 2856,3236 2906,3235 2956,3234 3006,3234 3056,3234 3106,3233 3156,3231 3206,3229 3256,3227 3304,3224"/>
        <Word id="word_618f41a2-6cdc-4d6a-9d26-4bb2bbadb5f5">
          <Coords points="903,3215 953,3211 1006,3211 1055,3209 1106,3209 1142,3208 1142,3253 1106,3254 1056,3254 1006,3256 957,3256 907,3260"/>
          <TextEquiv>
            <Unicode>voeren,</Unicode>
          </TextEquiv>
        </Word>
        <Word id="word_f98f73b9-3543-4251-ab3f-2c112431356c">
          <Coords points="1173,3208 1203,3205 1243,3204 1244,3249 1207,3250 1177,3253"/>
          <TextEquiv>
            <Unicode>In</Unicode>
          </TextEquiv>
        </Word>
        <Word id="word_86b385bc-c221-4227-9948-e2d763ff6c19">
          <Coords points="1275,3204 1304,3202 1355,3201 1405,3200 1456,3200 1505,3199 1556,3199 1606,3199 1656,3199 1705,3198 1718,3198 1716,3243 1706,3243 1656,3244 1606,3244 1556,3244 1506,3244 1456,3245 1406,3245 1356,3246 1307,3247 1278,3249"/>
          <TextEquiv>
            <Unicode>extremiteijt,</Unicode>
          </TextEquiv>
        </Word>
        <Word id="word_026b95f8-e1b6-40e5-a18b-535723c57af3">
          <Coords points="1752,3200 1757,3200 1806,3200 1852,3200 1852,3245 1806,3245 1756,3245 1750,3245"/>
          <TextEquiv>
            <Unicode>ten</Unicode>
          </TextEquiv>
        </Word>
        <Word id="word_211c8dab-8373-4679-af65-2ed8b856b859">
          <Coords points="1885,3200 1906,3200 1956,3200 2007,3201 2020,3201 2021,3246 2006,3246 1956,3245 1906,3245 1885,3245"/>
          <TextEquiv>
            <Unicode>ware</Unicode>
          </TextEquiv>
        </Word>
        <Word id="word_32d7e4f7-4c45-4b58-b505-059cb360309e">
          <Coords points="2054,3200 2055,3200 2106,3200 2155,3199 2206,3199 2256,3199 2306,3199 2324,3199 2324,3244 2306,3244 2256,3244 2206,3244 2156,3244 2106,3245 2056,3245 2054,3245"/>
          <TextEquiv>
            <Unicode>daerinne</Unicode>
          </TextEquiv>
        </Word>
        <Word id="word_2dde9fc0-ba8b-4040-9bf7-26428c04ef09">
          <Coords points="2358,3199 2406,3199 2456,3199 2460,3199 2460,3244 2456,3244 2406,3244 2358,3244"/>
          <TextEquiv>
            <Unicode>bij</Unicode>
          </TextEquiv>
        </Word>
        <Word id="word_f82219df-ecc5-4c44-a216-f205704fdf04">
          <Coords points="2493,3199 2506,3199 2556,3199 2607,3200 2656,3200 2662,3200 2662,3245 2656,3245 2606,3245 2556,3244 2506,3244 2493,3244"/>
          <TextEquiv>
            <Unicode>tijts</Unicode>
          </TextEquiv>
        </Word>
        <Word id="word_5b45d331-d607-431b-9dd5-f65771ec3958">
          <Coords points="2696,3200 2706,3200 2757,3201 2806,3201 2856,3201 2905,3200 2955,3199 3000,3199 3000,3244 2956,3244 2906,3245 2856,3246 2806,3246 2756,3246 2706,3245 2696,3245"/>
          <TextEquiv>
            <Unicode>voorsien,</Unicode>
          </TextEquiv>
        </Word>
        <Word id="word_9ba85c32-034d-43ec-aecb-b32f2d4a325d">
          <Coords points="3034,3199 3056,3199 3105,3198 3155,3196 3205,3194 3255,3192 3302,3189 3305,3234 3256,3237 3206,3239 3156,3241 3106,3243 3056,3244 3034,3244"/>
          <TextEquiv>
            <Unicode>vrvallen</Unicode>
          </TextEquiv>
        </Word>
        <TextEquiv conf="0.9211749406973102">
          <Unicode>voeren, In extremiteijt, ten ware daerinne bij tijts voorsien, vrvallen</Unicode>
        </TextEquiv>
        <TextStyle xHeight="32"/>
      </TextLine>
      <TextLine id="line_58a5a267-e36c-4820-a7da-897b3cb306a2">
        <Coords points="875,3266 1017,3266 1041,3278 1105,3279 1129,3263 1500,3263 1508,3255 1560,3254 1740,3267 1760,3250 2104,3259 2376,3254 2444,3258 2456,3267 2739,3254 2767,3266 2915,3271 3243,3271 3286,3243 3312,3265 3312,3321 3305,3328 3287,3317 3263,3317 3240,3332 2552,3332 2544,3340 2460,3335 2450,3325 2425,3332 1644,3332 1628,3348 1301,3348 1289,3336 1205,3332 1185,3344 1129,3344 1113,3352 875,3347"/>
        <Baseline points="901,3330 951,3328 1001,3328 1051,3326 1101,3324 1151,3322 1201,3322 1251,3320 1301,3320 1351,3319 1401,3318 1451,3317 1501,3317 1551,3316 1601,3316 1651,3317 1701,3316 1751,3316 1801,3316 1851,3315 1901,3314 1951,3314 2001,3314 2051,3313 2101,3313 2151,3315 2201,3316 2251,3316 2301,3316 2351,3316 2401,3315 2451,3315 2501,3315 2551,3314 2601,3314 2651,3315 2701,3316 2751,3316 2801,3316 2851,3316 2901,3316 2951,3316 3001,3315 3051,3315 3101,3315 3151,3315 3201,3315 3251,3311 3287,3307"/>
        <Word id="word_fb304cbe-7687-41d9-81cd-afeea690f005">
          <Coords points="900,3295 950,3293 1001,3293 1050,3291 1100,3289 1142,3287 1144,3332 1101,3334 1051,3336 1001,3338 951,3338 901,3340"/>
          <TextEquiv>
            <Unicode>souden</Unicode>
          </TextEquiv>
        </Word>
        <Word id="word_96104ba5-95c4-44a4-85a3-216a7ca65de4">
          <Coords points="1187,3286 1204,3287 1250,3285 1301,3285 1350,3284 1400,3283 1426,3282 1427,3327 1401,3328 1351,3329 1301,3330 1251,3330 1200,3332 1183,3331"/>
          <TextEquiv>
            <Unicode>gehadt</Unicode>
          </TextEquiv>
        </Word>
        <Word id="word_e7a4ef0f-9a4b-4754-b242-79b050a70e05">
          <Coords points="1467,3282 1501,3282 1550,3281 1601,3281 1652,3282 1700,3281 1750,3281 1750,3326 1701,3326 1651,3327 1601,3326 1551,3326 1501,3327 1467,3327"/>
          <TextEquiv>
            <Unicode>hebben,</Unicode>
          </TextEquiv>
        </Word>
        <Word id="word_9b538423-f7ee-46d3-ab32-90e945b7c3d1">
          <Coords points="1791,3281 1801,3281 1850,3280 1900,3279 1951,3279 1952,3279 1952,3324 1951,3324 1901,3324 1851,3325 1801,3326 1791,3326"/>
          <TextEquiv>
            <Unicode>door</Unicode>
          </TextEquiv>
        </Word>
        <Word id="word_47df2142-fbc1-4b4c-936b-98484fdc03ce">
          <Coords points="1993,3279 2001,3279 2050,3278 2101,3278 2152,3280 2202,3281 2251,3281 2301,3281 2316,3281 2316,3326 2301,3326 2251,3326 2201,3326 2151,3325 2101,3323 2051,3323 2001,3324 1993,3324"/>
          <TextEquiv>
            <Unicode>welckers</Unicode>
          </TextEquiv>
        </Word>
        <Word id="word_f1687d1c-5162-40e3-acdd-633143b6c242">
          <Coords points="2356,3281 2400,3280 2451,3280 2501,3280 2550,3279 2601,3279 2652,3280 2702,3281 2721,3281 2721,3326 2701,3326 2651,3325 2601,3324 2551,3324 2501,3325 2451,3325 2401,3325 2357,3326"/>
          <TextEquiv>
            <Unicode>voorsorge</Unicode>
          </TextEquiv>
        </Word>
        <Word id="word_1cfaad8f-c092-4e7a-9e4e-2cd80c20005f">
          <Coords points="2761,3281 2801,3281 2842,3281 2842,3326 2801,3326 2761,3326"/>
          <TextEquiv>
            <Unicode>nu</Unicode>
          </TextEquiv>
        </Word>
        <Word id="word_f9d4a373-1d20-4e98-bf7f-6c8bcdf1491d">
          <Coords points="2883,3281 2901,3281 2951,3281 3000,3280 3045,3280 3045,3325 3001,3325 2951,3326 2901,3326 2883,3326"/>
          <TextEquiv>
            <Unicode>oock</Unicode>
          </TextEquiv>
        </Word>
        <Word id="word_6e013af8-2ce3-4f27-b8fe-0ffb8891e514">
          <Coords points="3085,3280 3101,3280 3151,3280 3201,3280 3248,3276 3283,3272 3288,3317 3252,3321 3201,3325 3151,3325 3101,3325 3085,3325"/>
          <TextEquiv>
            <Unicode>Galet</Unicode>
          </TextEquiv>
        </Word>
        <TextEquiv conf="0.9419262747711199">
          <Unicode>souden gehadt hebben, door welckers voorsorge nu oock Galet</Unicode>
        </TextEquiv>
        <TextStyle xHeight="30"/>
      </TextLine>
      <TextLine id="f900f452-bd8e-477a-b7ad-ff87cb4c596a">
        <Coords points="883,3351 1209,3350 1221,3359 1293,3359 1301,3351 1605,3351 1641,3339 1973,3347 1989,3332 2426,3332 2449,3340 2493,3335 2517,3351 2553,3332 2609,3331 3049,3335 3057,3342 3161,3342 3173,3354 3238,3355 3238,3408 3033,3409 3001,3413 2981,3429 2953,3429 2905,3412 2597,3417 2477,3412 2470,3405 2293,3405 2281,3417 2177,3417 2165,3425 1961,3437 1377,3437 1361,3424 883,3424"/>
        <Baseline points="909,3411 959,3411 1009,3411 1059,3409 1109,3407 1159,3405 1209,3403 1259,3402 1309,3402 1359,3401 1409,3400 1459,3399 1509,3398 1559,3396 1609,3396 1659,3394 1709,3394 1759,3394 1809,3395 1859,3395 1909,3394 1959,3395 2009,3395 2059,3395 2109,3395 2159,3395 2209,3395 2259,3395 2309,3394 2359,3394 2409,3393 2459,3393 2509,3392 2559,3391 2609,3392 2659,3393 2709,3394 2759,3396 2809,3397 2859,3398 2909,3398 2959,3398 3009,3399 3059,3398 3109,3397 3159,3396 3209,3394 3213,3395"/>
        <Word id="word_b2b960ce-459c-40b6-adf9-91f4350c4ed7">
          <Coords points="909,3376 959,3376 1009,3376 1058,3374 1072,3373 1074,3418 1059,3419 1009,3421 959,3421 909,3421"/>
          <TextEquiv>
            <Unicode>ende</Unicode>
          </TextEquiv>
        </Word>
        <Word id="word_83fa7a11-493b-450c-9e00-33d0b57f7c34">
          <Coords points="1113,3372 1158,3370 1208,3368 1258,3367 1309,3367 1358,3366 1402,3365 1403,3410 1359,3411 1309,3412 1259,3412 1209,3413 1159,3415 1115,3417"/>
          <TextEquiv>
            <Unicode>Negombo</Unicode>
          </TextEquiv>
        </Word>
        <Word id="word_6edf8205-0b97-47c1-8482-b8f79ce11cd6">
          <Coords points="1443,3364 1458,3364 1508,3363 1558,3361 1567,3361 1567,3406 1559,3406 1509,3408 1459,3409 1444,3409"/>
          <TextEquiv>
            <Unicode>bij</Unicode>
          </TextEquiv>
        </Word>
        <Word id="word_0b6796ce-9d2a-4018-9aa5-0315ae590537">
          <Coords points="1608,3361 1609,3361 1658,3359 1709,3359 1759,3359 1810,3360 1859,3360 1908,3359 1938,3360 1937,3405 1909,3404 1859,3405 1809,3405 1759,3404 1709,3404 1659,3404 1609,3406 1608,3406"/>
          <TextEquiv>
            <Unicode>behouden</Unicode>
          </TextEquiv>
        </Word>
        <Word id="word_e439fa2a-ad9d-440b-a06c-91135fdb1a3f">
          <Coords points="1978,3360 2009,3360 2059,3360 2109,3360 2159,3360 2184,3360 2184,3405 2159,3405 2109,3405 2059,3405 2009,3405 1979,3405"/>
          <TextEquiv>
            <Unicode>varen</Unicode>
          </TextEquiv>
        </Word>
        <Word id="word_e06df0f6-fd3e-4cca-9f07-b0da4774879e">
          <Coords points="2226,3360 2259,3360 2308,3359 2359,3359 2390,3358 2390,3403 2359,3404 2309,3404 2259,3405 2226,3405"/>
          <TextEquiv>
            <Unicode>vant</Unicode>
          </TextEquiv>
        </Word>
        <Word id="word_dbd595db-e656-438c-961e-a87d01fd39fd">
          <Coords points="2432,3358 2460,3358 2508,3357 2558,3356 2610,3357 2638,3358 2637,3403 2609,3402 2559,3401 2509,3402 2459,3403 2431,3403"/>
          <TextEquiv>
            <Unicode>schip</Unicode>
          </TextEquiv>
        </Word>
        <Word id="word_b443968e-34c0-4936-bd9f-74687b1e3b1b">
          <Coords points="2679,3358 2710,3359 2760,3361 2802,3362 2801,3407 2759,3406 2709,3404 2678,3403"/>
          <TextEquiv>
            <Unicode>den</Unicode>
          </TextEquiv>
        </Word>
        <Word id="word_25d6a2dd-795d-4264-9623-da829e7e158a">
          <Coords points="2844,3363 2860,3363 2909,3363 2959,3363 3008,3364 3007,3409 2959,3408 2909,3408 2859,3408 2843,3408"/>
          <TextEquiv>
            <Unicode>haen</Unicode>
          </TextEquiv>
        </Word>
        <Word id="word_d8cbcd94-28ec-48ab-9e39-93729ba77bc9">
          <Coords points="3043,3365 3053,3364 3108,3362 3158,3361 3208,3359 3221,3361 3210,3405 3209,3404 3159,3406 3109,3407 3061,3408 3050,3410"/>
          <TextEquiv>
            <Unicode>(dat</Unicode>
          </TextEquiv>
        </Word>
        <TextEquiv conf="0.9385099879781438">
          <Unicode>ende Negombo bij behouden varen vant schip den haen (dat</Unicode>
        </TextEquiv>
        <TextStyle xHeight="32"/>
      </TextLine>
      <TextLine id="ee8ec776-51f3-43d4-9ece-276b09082287">
        <Coords points="872,3424 1361,3424 1377,3437 1961,3437 2164,3425 2192,3410 2270,3410 2280,3402 2461,3402 2476,3412 2596,3417 2907,3412 2955,3429 3212,3432 3212,3486 2645,3498 2460,3490 2188,3506 1885,3501 1449,3510 1373,3501 872,3510"/>
        <Baseline points="898,3488 948,3485 998,3484 1048,3485 1098,3484 1148,3482 1198,3482 1248,3482 1298,3481 1348,3482 1398,3482 1448,3481 1498,3479 1548,3478 1598,3478 1648,3478 1698,3477 1748,3477 1798,3476 1848,3476 1898,3476 1948,3477 1998,3477 2048,3477 2098,3476 2148,3474 2198,3475 2248,3475 2298,3475 2348,3475 2398,3475 2448,3475 2498,3476 2548,3476 2598,3475 2648,3476 2698,3476 2748,3475 2798,3475 2848,3475 2898,3474 2948,3475 2998,3475 3048,3474 3098,3474 3148,3474 3187,3473"/>
        <Word id="word_88236426-a7b3-4cfc-be45-31f2d08abed1">
          <Coords points="896,3453 946,3450 997,3449 1049,3450 1064,3450 1065,3495 1048,3495 998,3494 949,3495 899,3498"/>
          <TextEquiv>
            <Unicode>Godt</Unicode>
          </TextEquiv>
        </Word>
        <Word id="word_cf734d18-c95d-42f0-9557-ca819175b84b">
          <Coords points="1104,3449 1146,3447 1198,3447 1248,3447 1297,3446 1315,3446 1314,3491 1298,3491 1248,3492 1198,3492 1148,3492 1106,3494"/>
          <TextEquiv>
            <Unicode>geve)</Unicode>
          </TextEquiv>
        </Word>
        <Word id="word_5dc959b5-d024-485f-924a-6cf30af4ba44">
          <Coords points="1356,3447 1398,3447 1447,3446 1479,3445 1481,3490 1448,3491 1398,3492 1356,3492"/>
          <TextEquiv>
            <Unicode>van</Unicode>
          </TextEquiv>
        </Word>
        <Word id="word_c6beda31-7a1a-4cd1-96a7-b73cfb9d2683">
          <Coords points="1522,3443 1548,3443 1598,3443 1647,3443 1647,3488 1598,3488 1548,3488 1522,3488"/>
          <TextEquiv>
            <Unicode>dat</Unicode>
          </TextEquiv>
        </Word>
        <Word id="word_8c13b519-fcd9-451a-960c-ccc86b8b3116">
          <Coords points="1685,3443 1694,3442 1748,3442 1797,3441 1848,3441 1897,3441 1897,3486 1848,3486 1798,3486 1748,3487 1699,3487 1690,3488"/>
          <TextEquiv>
            <Unicode>graen</Unicode>
          </TextEquiv>
        </Word>
        <Word id="word_6fdd9ee3-f048-49f9-b221-61dc269e0fd4">
          <Coords points="1942,3441 1952,3442 1998,3442 2048,3442 2097,3441 2103,3441 2105,3486 2098,3486 2048,3487 1998,3487 1947,3487 1937,3486"/>
          <TextEquiv>
            <Unicode>naer</Unicode>
          </TextEquiv>
        </Word>
        <Word id="word_2d9c67b0-ade2-45e9-990e-e899245ed009">
          <Coords points="2145,3439 2147,3439 2199,3440 2248,3440 2298,3440 2348,3440 2396,3440 2396,3485 2348,3485 2298,3485 2248,3485 2198,3485 2148,3484 2147,3484"/>
          <TextEquiv>
            <Unicode>eijsch</Unicode>
          </TextEquiv>
        </Word>
        <Word id="word_033ab6f1-c7f3-4401-8a86-0ae3debd42cc">
          <Coords points="2438,3440 2448,3440 2499,3441 2548,3441 2597,3440 2647,3441 2646,3486 2598,3485 2548,3486 2498,3486 2448,3485 2438,3485"/>
          <TextEquiv>
            <Unicode>staet</Unicode>
          </TextEquiv>
        </Word>
        <Word id="word_2d453b81-e8e5-4aa8-a456-ae0d3864fb50">
          <Coords points="2685,3442 2695,3441 2747,3440 2798,3440 2848,3440 2897,3439 2949,3440 2998,3440 3047,3439 3098,3439 3148,3439 3186,3438 3187,3483 3148,3484 3098,3484 3048,3484 2998,3485 2948,3485 2898,3484 2848,3485 2798,3485 2748,3485 2699,3486 2688,3487"/>
          <TextEquiv>
            <Unicode>geprovideert</Unicode>
          </TextEquiv>
        </Word>
        <TextEquiv conf="0.963567321827076">
          <Unicode>Godt geve) van dat graen naer eijsch staet geprovideert</Unicode>
        </TextEquiv>
        <TextStyle xHeight="30"/>
      </TextLine>
      <TextLine id="d45c8e36-638c-4f1a-a76b-05200538a4b1">
        <Coords points="881,3510 1368,3502 1451,3510 1882,3502 2187,3506 2294,3502 2308,3494 2330,3505 2450,3510 2458,3503 2526,3503 2534,3495 3077,3494 3089,3505 3214,3514 3214,3568 3121,3568 3089,3588 2997,3588 2985,3596 2841,3595 2829,3583 2801,3583 2598,3588 2567,3603 2526,3603 2510,3591 2306,3587 2298,3579 1706,3579 1327,3583 1315,3592 1271,3600 881,3600"/>
        <Baseline points="907,3570 957,3570 1007,3568 1057,3566 1107,3564 1157,3563 1207,3563 1257,3562 1307,3562 1357,3561 1407,3560 1457,3559 1507,3558 1557,3558 1607,3558 1657,3558 1707,3558 1757,3558 1807,3558 1857,3557 1907,3557 1957,3557 2007,3556 2057,3555 2107,3554 2157,3554 2207,3555 2257,3555 2307,3555 2357,3556 2407,3556 2457,3556 2507,3556 2557,3556 2607,3557 2657,3556 2707,3556 2757,3556 2807,3556 2857,3558 2907,3558 2957,3559 3007,3560 3057,3560 3107,3559 3157,3558 3189,3555"/>
        <Word id="word_d59eec05-a785-474f-92b6-1e677ec786f8">
          <Coords points="907,3535 957,3535 978,3534 980,3579 957,3580 907,3580"/>
          <TextEquiv>
            <Unicode>te</Unicode>
          </TextEquiv>
        </Word>
        <Word id="word_3413e8dd-bcb8-4c63-9b6d-fba80643afad">
          <Coords points="1014,3533 1056,3531 1106,3529 1156,3528 1207,3528 1256,3527 1269,3527 1269,3572 1257,3572 1207,3573 1157,3573 1107,3574 1057,3576 1016,3578"/>
          <TextEquiv>
            <Unicode>werden,</Unicode>
          </TextEquiv>
        </Word>
        <Word id="word_713f0cc5-caef-4247-b451-0fa94c93b143">
          <Coords points="1305,3527 1307,3527 1356,3526 1377,3526 1378,3571 1357,3571 1307,3572 1305,3572"/>
          <TextEquiv>
            <Unicode>'t</Unicode>
          </TextEquiv>
        </Word>
        <Word id="word_2a5874c7-7c89-4fb1-b634-2256318200da">
          <Coords points="1413,3525 1456,3524 1486,3523 1487,3568 1457,3569 1414,3570"/>
          <TextEquiv>
            <Unicode>is</Unicode>
          </TextEquiv>
        </Word>
        <Word id="word_ec33e3ec-c23c-46bf-ad80-194b77c63420">
          <Coords points="1523,3523 1557,3523 1607,3523 1631,3523 1631,3568 1607,3568 1557,3568 1523,3568"/>
          <TextEquiv>
            <Unicode>wel</Unicode>
          </TextEquiv>
        </Word>
        <Word id="word_cacfa1cd-e8f6-4c61-b790-9a9ccb43820a">
          <Coords points="1668,3523 1707,3523 1757,3523 1807,3523 1856,3522 1907,3522 1957,3522 1957,3522 1958,3567 1957,3567 1907,3567 1857,3567 1807,3568 1757,3568 1707,3568 1668,3568"/>
          <TextEquiv>
            <Unicode>apparent</Unicode>
          </TextEquiv>
        </Word>
        <Word id="word_80ecd07a-e4eb-4bb3-a3b9-299f12718fd1">
          <Coords points="1993,3521 2006,3521 2056,3520 2065,3520 2066,3565 2057,3565 2007,3566 1994,3566"/>
          <TextEquiv>
            <Unicode>In</Unicode>
          </TextEquiv>
        </Word>
        <Word id="word_3110977a-7ee2-4199-b92a-4beafe1cd635">
          <Coords points="2102,3519 2106,3519 2157,3519 2208,3520 2247,3520 2247,3565 2207,3565 2157,3564 2107,3564 2103,3564"/>
          <TextEquiv>
            <Unicode>dees</Unicode>
          </TextEquiv>
        </Word>
        <Word id="word_1d8e9336-81b3-4669-8773-4e0da11abe96">
          <Coords points="2283,3520 2307,3520 2358,3521 2407,3521 2457,3521 2507,3521 2557,3521 2608,3522 2609,3522 2610,3567 2607,3567 2557,3566 2507,3566 2457,3566 2407,3566 2357,3566 2307,3565 2283,3565"/>
          <TextEquiv>
            <Unicode>schralen,</Unicode>
          </TextEquiv>
        </Word>
        <Word id="word_2dffc6d4-e334-4d95-b3ed-676be039b707">
          <Coords points="2645,3521 2656,3521 2707,3521 2757,3521 2791,3521 2791,3566 2757,3566 2707,3566 2657,3566 2646,3566"/>
          <TextEquiv>
            <Unicode>ende</Unicode>
          </TextEquiv>
        </Word>
        <Word id="word_a821e26c-2f31-49be-9cdb-437ec0fd18d1">
          <Coords points="2829,3521 2859,3523 2907,3523 2958,3524 3008,3525 3008,3525 3008,3570 3007,3570 2957,3569 2907,3568 2856,3568 2826,3566"/>
          <TextEquiv>
            <Unicode>duren</Unicode>
          </TextEquiv>
        </Word>
        <Word id="word_96b56a00-d7ca-4048-a873-50e5e064d268">
          <Coords points="3044,3525 3057,3525 3106,3524 3156,3523 3186,3520 3190,3565 3157,3568 3107,3569 3057,3570 3044,3570"/>
          <TextEquiv>
            <Unicode>tijt</Unicode>
          </TextEquiv>
        </Word>
        <TextEquiv conf="0.9460287717869311">
          <Unicode>te werden, 't is wel apparent In dees schralen, ende duren tijt</Unicode>
        </TextEquiv>
        <TextStyle xHeight="33"/>
      </TextLine>
      <TextLine id="line_6b9fb25f-6d1f-4148-9af4-b3f976d0af87">
        <Coords points="877,3601 1267,3601 1311,3593 1323,3581 1698,3585 1710,3576 1778,3576 2298,3580 2306,3588 2470,3592 2514,3605 2554,3605 2586,3597 2606,3577 2797,3576 2825,3580 2841,3596 3005,3592 3266,3606 3266,3660 3001,3661 2966,3688 2942,3695 2817,3691 2809,3684 2582,3688 2561,3668 2542,3664 2490,3664 2470,3677 2070,3677 2047,3699 2004,3664 1682,3661 1658,3673 1359,3681 1135,3680 1111,3672 979,3668 935,3681 877,3681"/>
        <Baseline points="903,3662 953,3659 1003,3658 1053,3657 1103,3655 1153,3654 1203,3652 1253,3650 1303,3649 1353,3648 1403,3645 1453,3643 1503,3642 1553,3641 1603,3641 1653,3641 1703,3642 1753,3641 1803,3640 1853,3639 1903,3638 1953,3638 2003,3638 2053,3637 2103,3636 2153,3636 2203,3636 2253,3636 2303,3637 2353,3638 2403,3640 2453,3641 2503,3642 2553,3644 2603,3644 2653,3644 2703,3644 2753,3644 2803,3644 2853,3644 2903,3644 2953,3644 3003,3644 3053,3645 3103,3644 3153,3644 3203,3643 3241,3647"/>
        <Word id="word_a5670e16-dcb9-4855-9cef-1deaca1f036c">
          <Coords points="901,3627 951,3624 1002,3623 1052,3622 1087,3621 1089,3666 1053,3667 1003,3668 954,3669 904,3672"/>
          <TextEquiv>
            <Unicode>goede</Unicode>
          </TextEquiv>
        </Word>
        <Word id="word_c07b1a65-f535-4ea1-b204-cd002e050ec4">
          <Coords points="1125,3619 1153,3619 1202,3617 1252,3615 1302,3614 1352,3613 1383,3611 1386,3656 1353,3658 1303,3659 1253,3660 1203,3662 1153,3664 1126,3664"/>
          <TextEquiv>
            <Unicode>partije</Unicode>
          </TextEquiv>
        </Word>
        <Word id="word_2a21cfb4-9cbe-4721-ad26-99eb9ee4cfae">
          <Coords points="1421,3609 1452,3608 1502,3607 1552,3606 1603,3606 1645,3606 1645,3651 1603,3651 1553,3651 1503,3652 1453,3653 1423,3654"/>
          <TextEquiv>
            <Unicode>slaven</Unicode>
          </TextEquiv>
        </Word>
        <Word id="word_89b3df56-13cb-4c19-9f7a-d739068899de">
          <Coords points="1684,3606 1705,3607 1752,3606 1756,3606 1757,3651 1753,3651 1703,3652 1682,3651"/>
          <TextEquiv>
            <Unicode>te</Unicode>
          </TextEquiv>
        </Word>
        <Word id="word_80c00cd0-780f-4541-a08e-7e28a20e7f22">
          <Coords points="1793,3605 1802,3605 1852,3604 1902,3603 1953,3603 2003,3603 2052,3602 2090,3601 2091,3646 2053,3647 2003,3648 1953,3648 1903,3648 1853,3649 1803,3650 1794,3650"/>
          <TextEquiv>
            <Unicode>genaeken</Unicode>
          </TextEquiv>
        </Word>
        <Word id="word_87af84d0-ac93-4719-883d-1d0c56b12ce4">
          <Coords points="2128,3601 2154,3601 2203,3601 2253,3601 2304,3602 2351,3603 2350,3648 2303,3647 2253,3646 2203,3646 2153,3646 2127,3646"/>
          <TextEquiv>
            <Unicode>sullen</Unicode>
          </TextEquiv>
        </Word>
        <Word id="word_88b66990-201f-4803-89b8-8cf9961ef790">
          <Coords points="2390,3604 2406,3605 2454,3606 2504,3607 2554,3609 2573,3609 2573,3654 2553,3654 2503,3652 2453,3651 2402,3650 2387,3649"/>
          <TextEquiv>
            <Unicode>sijn,</Unicode>
          </TextEquiv>
        </Word>
        <Word id="word_71c85dea-ce8a-4b80-bb19-58a557bb7b91">
          <Coords points="2610,3609 2653,3609 2703,3609 2753,3609 2803,3609 2853,3609 2903,3609 2944,3609 2944,3654 2903,3654 2853,3654 2803,3654 2753,3654 2703,3654 2653,3654 2610,3654"/>
          <TextEquiv>
            <Unicode>oversulcx</Unicode>
          </TextEquiv>
        </Word>
        <Word id="word_4f54569e-ea45-4763-91fc-473a8bd13e32">
          <Coords points="2981,3609 3003,3609 3054,3610 3102,3609 3153,3609 3166,3609 3167,3654 3153,3654 3103,3654 3053,3655 3003,3654 2981,3654"/>
          <TextEquiv>
            <Unicode>opden</Unicode>
          </TextEquiv>
        </Word>
        <Word id="word_efcb454a-e651-4e23-8509-6232ee6a67c8">
          <Coords points="3208,3608 3245,3612 3240,3657 3203,3653"/>
          <TextEquiv>
            <Unicode>—</Unicode>
          </TextEquiv>
        </Word>
        <TextEquiv conf="0.950046437446215">
          <Unicode>goede partije slaven te genaeken sullen sijn, oversulcx opden —</Unicode>
        </TextEquiv>
        <TextStyle xHeight="34"/>
      </TextLine>
      <TextLine id="line_48aca4d8-9069-410c-bbd4-41490514390b">
        <Coords points="889,3679 979,3674 1099,3682 1351,3683 1663,3671 1675,3663 1711,3660 2051,3655 2075,3675 2478,3675 2490,3666 2558,3666 2573,3679 2770,3682 2950,3695 2986,3667 3210,3666 3230,3683 3280,3679 3291,3686 3291,3742 3276,3756 3094,3760 3082,3768 2522,3768 2502,3767 2482,3747 2426,3748 2418,3740 2106,3741 2090,3752 1875,3752 1862,3760 1759,3764 1735,3751 1619,3747 1579,3748 1571,3756 1411,3756 1323,3755 1312,3744 1163,3744 1135,3760 971,3760 959,3751 889,3751"/>
        <Baseline points="915,3738 965,3736 1015,3736 1065,3735 1115,3735 1165,3733 1215,3734 1265,3733 1315,3732 1365,3732 1415,3732 1465,3731 1515,3731 1565,3730 1615,3730 1665,3729 1715,3728 1765,3728 1815,3727 1865,3727 1915,3727 1965,3727 2015,3728 2065,3727 2115,3727 2165,3727 2215,3727 2265,3728 2315,3728 2365,3728 2415,3727 2465,3727 2515,3727 2565,3728 2615,3729 2665,3728 2715,3729 2765,3729 2815,3728 2865,3728 2915,3728 2965,3728 3015,3727 3065,3727 3115,3725 3165,3724 3215,3723 3265,3728 3266,3728"/>
        <Word id="word_0ebcac7e-4d03-41a7-819c-6bc58e2c14d1">
          <Coords points="914,3703 964,3701 1015,3701 1064,3700 1115,3700 1164,3698 1204,3699 1203,3744 1165,3743 1115,3745 1065,3745 1015,3746 965,3746 915,3748"/>
          <TextEquiv>
            <Unicode>inecoop</Unicode>
          </TextEquiv>
        </Word>
        <Word id="word_8530d869-4839-4e8c-84f0-79188282f54d">
          <Coords points="1242,3700 1262,3698 1314,3697 1365,3697 1415,3697 1464,3696 1515,3696 1564,3695 1615,3695 1657,3694 1658,3739 1615,3740 1565,3740 1515,3741 1465,3741 1415,3742 1365,3742 1315,3742 1266,3743 1246,3745"/>
          <TextEquiv>
            <Unicode>allerwegen</Unicode>
          </TextEquiv>
        </Word>
        <Word id="word_d40cd044-7d85-48c6-a66a-70672a2ec550">
          <Coords points="1698,3693 1714,3693 1765,3693 1814,3692 1865,3692 1915,3692 1965,3692 1988,3692 1987,3737 1965,3737 1915,3737 1865,3737 1815,3737 1765,3738 1715,3738 1699,3738"/>
          <TextEquiv>
            <Unicode>behoorl</Unicode>
          </TextEquiv>
        </Word>
        <Word id="word_ffd67cdf-6f5e-40ff-8881-2f6a706ec782">
          <Coords points="2027,3693 2064,3692 2115,3692 2165,3692 2215,3692 2266,3693 2276,3693 2276,3738 2265,3738 2215,3737 2165,3737 2115,3737 2065,3737 2029,3738"/>
          <TextEquiv>
            <Unicode>gelet,</Unicode>
          </TextEquiv>
        </Word>
        <Word id="word_441967b1-5a38-4567-956a-f785590cd8b8">
          <Coords points="2317,3693 2365,3693 2414,3692 2465,3692 2482,3692 2482,3737 2465,3737 2415,3737 2365,3738 2317,3738"/>
          <TextEquiv>
            <Unicode>ende</Unicode>
          </TextEquiv>
        </Word>
        <Word id="word_f2440daa-df50-4bb6-8a6d-873adfdea9cd">
          <Coords points="2525,3692 2566,3693 2616,3694 2647,3693 2648,3738 2615,3739 2565,3738 2523,3737"/>
          <TextEquiv>
            <Unicode>soo</Unicode>
          </TextEquiv>
        </Word>
        <Word id="word_f05ff8c4-5607-457e-b663-83430a183047">
          <Coords points="2691,3693 2717,3694 2765,3694 2814,3693 2854,3693 2854,3738 2815,3738 2765,3739 2714,3739 2688,3738"/>
          <TextEquiv>
            <Unicode>veel</Unicode>
          </TextEquiv>
        </Word>
        <Word id="word_3bfbf54f-d7e4-433c-add7-a673f9cd7cc6">
          <Coords points="2895,3693 2915,3693 2965,3693 3014,3692 3065,3692 3114,3690 3164,3689 3214,3688 3266,3693 3268,3693 3266,3738 3264,3738 3215,3733 3165,3734 3115,3735 3065,3737 3015,3737 2965,3738 2915,3738 2895,3738"/>
          <TextEquiv>
            <Unicode>mogelijck</Unicode>
          </TextEquiv>
        </Word>
        <TextEquiv conf="0.9518347036443564">
          <Unicode>inecoop allerwegen behoorl gelet, ende soo veel mogelijck</Unicode>
        </TextEquiv>
        <TextStyle xHeight="31"/>
      </TextLine>
      <TextLine id="line_78add778-8b50-40b2-8dfa-53d5fb3da580">
        <Coords points="890,3750 956,3750 968,3759 1140,3759 1160,3743 1311,3742 1323,3754 1415,3759 1734,3750 1746,3762 1762,3763 1866,3759 1874,3751 2094,3751 2106,3743 2418,3742 2426,3750 2481,3746 2505,3769 2574,3769 2574,3823 2437,3827 2413,3844 2389,3848 2007,3860 1967,3820 1786,3820 1766,3836 1195,3827 1168,3828 1144,3848 890,3844"/>
        <Baseline points="916,3822 966,3823 1016,3822 1066,3821 1116,3819 1166,3818 1216,3817 1266,3817 1316,3816 1366,3814 1416,3813 1466,3812 1516,3811 1566,3810 1616,3810 1666,3810 1716,3810 1766,3811 1816,3811 1866,3811 1916,3811 1966,3813 2016,3812 2066,3812 2116,3811 2166,3811 2216,3811 2266,3811 2316,3813 2366,3813 2416,3813 2466,3814 2516,3812 2549,3810"/>
        <Word id="word_f972238d-cda1-4a37-9a57-aa525fac0c13">
          <Coords points="917,3787 967,3788 1015,3787 1065,3786 1100,3785 1102,3830 1066,3831 1016,3832 966,3833 916,3832"/>
          <TextEquiv>
            <Unicode>ordre</Unicode>
          </TextEquiv>
        </Word>
        <Word id="word_d6c1d64a-99d4-4d65-8e5e-fc22441e5f68">
          <Coords points="1139,3783 1166,3783 1215,3782 1266,3782 1315,3781 1365,3779 1398,3778 1399,3823 1366,3824 1316,3826 1266,3827 1216,3827 1166,3828 1139,3828"/>
          <TextEquiv>
            <Unicode>gestelt</Unicode>
          </TextEquiv>
        </Word>
        <Word id="word_75cc2ec7-0dde-48ea-81d1-7494a0f048c2">
          <Coords points="1435,3778 1465,3777 1515,3776 1565,3775 1616,3775 1621,3775 1621,3820 1616,3820 1566,3820 1516,3821 1466,3822 1436,3823"/>
          <TextEquiv>
            <Unicode>wert,</Unicode>
          </TextEquiv>
        </Word>
        <Word id="word_e0a1f86c-8cee-4a77-9190-c3ea277b3aa5">
          <Coords points="1658,3775 1666,3775 1716,3775 1733,3775 1732,3820 1716,3820 1666,3820 1658,3820"/>
          <TextEquiv>
            <Unicode>'t</Unicode>
          </TextEquiv>
        </Word>
        <Word id="word_49f91278-43f4-418d-8a94-06032037c4a5">
          <Coords points="1770,3776 1816,3776 1866,3776 1916,3776 1967,3778 2015,3777 2029,3777 2029,3822 2016,3822 1966,3823 1916,3821 1866,3821 1816,3821 1770,3821"/>
          <TextEquiv>
            <Unicode>gevolch</Unicode>
          </TextEquiv>
        </Word>
        <Word id="word_ec901cc1-6fcd-45d9-9780-beced4e8d6c1">
          <Coords points="2066,3777 2115,3776 2166,3776 2215,3776 2215,3821 2166,3821 2116,3821 2067,3822"/>
          <TextEquiv>
            <Unicode>leve</Unicode>
          </TextEquiv>
        </Word>
        <Word id="word_c6f89fde-0d89-413c-add2-e0b811c95bbc">
          <Coords points="2252,3776 2266,3776 2317,3778 2363,3778 2363,3823 2316,3823 2266,3821 2252,3821"/>
          <TextEquiv>
            <Unicode>den</Unicode>
          </TextEquiv>
        </Word>
        <Word id="word_5ba74a27-9522-44c0-82eb-f0d23f94c61a">
          <Coords points="2401,3778 2416,3778 2467,3779 2515,3777 2547,3775 2550,3820 2516,3822 2466,3824 2416,3823 2401,3823"/>
          <TextEquiv>
            <Unicode>tijt</Unicode>
          </TextEquiv>
        </Word>
        <TextEquiv conf="0.9444848865389001">
          <Unicode>ordre gestelt wert, 't gevolch leve den tijt</Unicode>
        </TextEquiv>
        <TextStyle xHeight="34"/>
      </TextLine>
      <TextLine id="line_5997fd1c-d93c-441c-9c53-64374ae3f56a">
        <Coords points="782,3904 836,3904 862,3917 940,3844 1144,3849 1172,3828 1764,3837 1780,3824 1924,3825 1940,3837 1968,3824 2008,3864 3060,3864 3084,3876 3140,3876 3152,3888 3192,3892 3297,3892 3318,3881 3333,3888 3333,3944 3313,3962 3268,3939 2936,3939 2888,3943 2848,3967 2148,3967 1972,3954 1928,3955 1920,3963 1792,3963 1784,3971 1720,3971 1620,3970 1608,3958 1572,3954 1288,3955 1252,3979 1196,3979 1184,3970 1152,3970 1140,3979 1024,3979 1001,3993 984,3993 973,3982 860,3982 840,3994 782,3993"/>
        <Baseline points="808,3957 858,3952 908,3947 958,3949 1008,3952 1058,3950 1108,3950 1158,3949 1208,3946 1258,3944 1308,3943 1358,3941 1408,3940 1458,3938 1508,3936 1558,3934 1608,3932 1658,3932 1708,3932 1758,3932 1808,3933 1858,3932 1908,3932 1958,3933 2008,3934 2058,3934 2108,3935 2158,3934 2208,3934 2258,3933 2308,3933 2358,3933 2408,3933 2458,3931 2508,3931 2558,3931 2608,3932 2658,3932 2708,3932 2758,3933 2808,3932 2858,3933 2908,3933 2958,3932 3008,3931 3058,3932 3108,3930 3158,3930 3208,3929 3258,3929 3308,3930"/>
        <Word id="word_f1451b26-12f1-4693-9653-570684aab5bd">
          <Coords points="805,3922 855,3917 905,3912 936,3913 934,3958 909,3957 859,3962 809,3967"/>
          <TextEquiv>
            <Unicode>Bij</Unicode>
          </TextEquiv>
        </Word>
        <Word id="word_d2bb14f0-4a5f-430e-9683-784f7a9eba4f">
          <Coords points="980,3915 1011,3917 1057,3915 1062,3915 1062,3960 1058,3960 1007,3962 976,3960"/>
          <TextEquiv>
            <Unicode>'t</Unicode>
          </TextEquiv>
        </Word>
        <Word id="word_cb2ed2d6-a06e-4a61-bf1a-06a334c8a5cc">
          <Coords points="1104,3915 1108,3915 1157,3914 1206,3911 1257,3909 1307,3908 1357,3906 1407,3905 1457,3903 1507,3901 1526,3900 1528,3945 1508,3946 1458,3948 1408,3950 1358,3951 1308,3953 1258,3954 1209,3956 1158,3959 1108,3960 1104,3960"/>
          <TextEquiv>
            <Unicode>schrijvens</Unicode>
          </TextEquiv>
        </Word>
        <Word id="word_ec763ad9-60c1-462f-a56a-e68a9c3598a4">
          <Coords points="1569,3899 1607,3897 1658,3897 1708,3897 1758,3897 1809,3898 1824,3898 1825,3943 1808,3943 1758,3942 1708,3942 1658,3942 1608,3942 1570,3944"/>
          <TextEquiv>
            <Unicode>vanden</Unicode>
          </TextEquiv>
        </Word>
        <Word id="word_c623392e-0b6f-4a91-9dc6-e804049fc0c4">
          <Coords points="1867,3897 1908,3897 1952,3898 1951,3943 1908,3942 1867,3942"/>
          <TextEquiv>
            <Unicode>E.</Unicode>
          </TextEquiv>
        </Word>
        <Word id="word_97350ddc-4e30-4423-8b94-7e11173b2abd">
          <Coords points="1995,3899 2009,3899 2058,3899 2109,3900 2157,3899 2208,3899 2248,3898 2249,3943 2208,3944 2158,3944 2108,3945 2058,3944 2008,3944 1994,3944"/>
          <TextEquiv>
            <Unicode>Arnold</Unicode>
          </TextEquiv>
        </Word>
        <Word id="word_d65f2a4a-19bf-4763-8b1d-fcbb468c3c96">
          <Coords points="2292,3897 2309,3898 2358,3898 2408,3898 2457,3896 2508,3896 2558,3896 2609,3897 2658,3897 2708,3897 2715,3897 2714,3942 2708,3942 2658,3942 2608,3942 2558,3941 2508,3941 2458,3941 2408,3943 2358,3943 2308,3943 2290,3942"/>
          <TextEquiv>
            <Unicode>d'vlamingh</Unicode>
          </TextEquiv>
        </Word>
        <Word id="word_3c814588-be06-437a-8813-129000d32fbb">
          <Coords points="2758,3898 2759,3898 2807,3897 2859,3898 2884,3898 2884,3943 2858,3943 2808,3942 2758,3943 2757,3943"/>
          <TextEquiv>
            <Unicode>van</Unicode>
          </TextEquiv>
        </Word>
        <Word id="word_a0606820-c48a-4c70-bd9d-974e9e8eaa0e">
          <Coords points="2925,3898 2957,3897 3007,3896 3059,3897 3107,3895 3158,3895 3207,3894 3258,3894 3309,3895 3308,3940 3258,3939 3208,3939 3158,3940 3108,3940 3058,3942 3008,3941 2958,3942 2927,3943"/>
          <TextEquiv>
            <Unicode>Outshoorn</Unicode>
          </TextEquiv>
        </Word>
        <TextEquiv conf="0.9461738747652108">
          <Unicode>Bij 't schrijvens vanden E. Arnold d'vlamingh van Outshoorn</Unicode>
        </TextEquiv>
        <TextStyle xHeight="37"/>
      </TextLine>
      <TextLine id="line_0abcf7fa-32cd-485e-adf4-fb191fd9daf5">
        <Coords points="889,3982 1071,3990 1079,3982 1139,3982 1155,3969 1183,3969 1195,3978 1255,3978 1291,3955 1371,3954 1568,3954 1575,3961 1619,3966 1715,3966 1731,3958 1985,3958 2011,3973 2039,3974 2426,3961 2854,3966 2886,3943 2934,3939 3266,3939 3286,3958 3300,3950 3331,3964 3331,4020 3320,4031 3298,4024 3275,4040 3182,4027 2902,4032 2870,4060 2827,4067 2742,4067 2730,4059 2698,4059 2674,4043 2574,4039 2490,4039 2438,4052 2126,4051 2114,4060 2091,4060 2067,4059 2043,4035 1935,4035 1919,4044 1495,4048 1487,4056 1087,4060 1056,4048 1015,4048 995,4060 889,4060"/>
        <Baseline points="915,4046 965,4042 1015,4039 1065,4037 1115,4036 1165,4035 1215,4034 1265,4032 1315,4032 1365,4031 1415,4030 1465,4029 1515,4027 1565,4025 1615,4023 1665,4020 1715,4020 1765,4018 1815,4018 1865,4018 1915,4019 1965,4019 2015,4020 2065,4020 2115,4020 2165,4020 2215,4020 2265,4020 2315,4020 2365,4020 2415,4020 2465,4020 2515,4021 2565,4021 2615,4021 2665,4021 2715,4021 2765,4021 2815,4021 2865,4020 2915,4019 2965,4018 3015,4017 3065,4016 3115,4013 3165,4011 3215,4008 3265,4006 3306,4006"/>
        <Word id="word_ffc5e7d3-c551-4ffb-af72-111ca298d0d5">
          <Coords points="912,4011 962,4007 1013,4004 1064,4002 1066,4002 1067,4047 1065,4047 1016,4049 966,4052 916,4056"/>
          <TextEquiv>
            <Unicode>uijt</Unicode>
          </TextEquiv>
        </Word>
        <Word id="word_921dbfd6-ac25-4ca3-8441-c1c00e0a66e2">
          <Coords points="1104,4001 1114,4001 1164,4000 1214,3999 1264,3997 1315,3997 1364,3996 1370,3996 1370,4041 1365,4041 1315,4042 1265,4042 1215,4044 1165,4045 1115,4046 1105,4046"/>
          <TextEquiv>
            <Unicode>Malacca</Unicode>
          </TextEquiv>
        </Word>
        <Word id="word_a0a34aaf-80df-4ce1-ab9c-103ea746b482">
          <Coords points="1408,3995 1414,3995 1464,3994 1483,3993 1485,4038 1465,4039 1415,4040 1408,4040"/>
          <TextEquiv>
            <Unicode>pr</Unicode>
          </TextEquiv>
        </Word>
        <Word id="word_44c1e8d4-7dca-4758-9233-4007d0472c09">
          <Coords points="1521,3992 1564,3990 1597,3989 1598,4034 1565,4035 1522,4037"/>
          <TextEquiv>
            <Unicode>'t</Unicode>
          </TextEquiv>
        </Word>
        <Word id="word_667c01dc-505b-4709-88d7-8dedaa81b2b4">
          <Coords points="1633,3987 1662,3985 1715,3985 1764,3983 1815,3983 1826,3983 1826,4028 1815,4028 1765,4028 1715,4030 1666,4030 1637,4032"/>
          <TextEquiv>
            <Unicode>schip</Unicode>
          </TextEquiv>
        </Word>
        <Word id="word_28061974-d1bd-480c-98a2-44bd7b5764c6">
          <Coords points="1864,3983 1865,3983 1916,3984 1965,3984 1978,3984 1977,4029 1965,4029 1915,4029 1865,4028 1864,4028"/>
          <TextEquiv>
            <Unicode>den</Unicode>
          </TextEquiv>
        </Word>
        <Word id="word_0469e5f6-ec9e-4c08-a256-a7d2c9a1070b">
          <Coords points="2015,3985 2065,3985 2115,3985 2165,3985 2167,3985 2167,4030 2165,4030 2115,4030 2065,4030 2015,4030"/>
          <TextEquiv>
            <Unicode>haen</Unicode>
          </TextEquiv>
        </Word>
        <Word id="word_e4ea99e0-160d-43f3-b11f-1f9489e3f134">
          <Coords points="2205,3985 2215,3985 2265,3985 2315,3985 2365,3985 2415,3985 2465,3985 2510,3986 2509,4031 2465,4030 2415,4030 2365,4030 2315,4030 2265,4030 2215,4030 2205,4030"/>
          <TextEquiv>
            <Unicode>becomen,</Unicode>
          </TextEquiv>
        </Word>
        <Word id="word_2fa8ec44-dea9-4453-9751-e0ff6d2a94f6">
          <Coords points="2546,3987 2564,3986 2615,3986 2665,3986 2715,3986 2765,3986 2815,3986 2850,3985 2851,4030 2815,4031 2765,4031 2715,4031 2665,4031 2615,4031 2565,4031 2547,4032"/>
          <TextEquiv>
            <Unicode>vernemen</Unicode>
          </TextEquiv>
        </Word>
        <Word id="word_b3bcca49-2903-4d1a-9626-72798247c3fd">
          <Coords points="2888,3985 2914,3984 2964,3983 3014,3982 3064,3981 3076,3980 3079,4025 3065,4026 3015,4027 2965,4028 2915,4029 2889,4030"/>
          <TextEquiv>
            <Unicode>onder</Unicode>
          </TextEquiv>
        </Word>
        <Word id="word_b2fb69f3-d1b8-4692-ab76-c19b51de7ad6">
          <Coords points="3115,3978 3164,3976 3213,3973 3264,3971 3306,3971 3306,4016 3265,4016 3216,4018 3165,4021 3117,4023"/>
          <TextEquiv>
            <Unicode>andre</Unicode>
          </TextEquiv>
        </Word>
        <TextEquiv conf="0.9248421417999596">
          <Unicode>uijt Malacca pr 't schip den haen becomen, vernemen onder andre</Unicode>
        </TextEquiv>
        <TextStyle xHeight="32"/>
      </TextLine>
      <TextLine id="line_1ebd32c3-4978-440b-af1a-957180044614">
        <Coords points="879,4057 1005,4057 1029,4048 1488,4057 1496,4049 1908,4045 1936,4036 2044,4036 2064,4053 2447,4049 2483,4040 2575,4040 2683,4044 2699,4060 2739,4065 2827,4065 2867,4061 2899,4033 3002,4028 3182,4028 3250,4032 3266,4041 3285,4032 3305,4052 3311,4047 3311,4102 3291,4113 2615,4118 2555,4126 1668,4118 1005,4134 998,4141 981,4138 957,4154 942,4146 930,4154 879,4153"/>
        <Baseline points="905,4129 955,4127 1005,4126 1055,4125 1105,4123 1155,4121 1205,4120 1255,4119 1305,4117 1355,4115 1405,4113 1455,4112 1505,4110 1555,4108 1605,4106 1655,4105 1705,4104 1755,4103 1805,4102 1855,4102 1905,4101 1955,4100 2005,4100 2055,4100 2105,4100 2155,4100 2205,4100 2255,4100 2305,4100 2355,4101 2405,4101 2455,4101 2505,4101 2555,4101 2605,4102 2655,4102 2705,4103 2755,4103 2805,4103 2855,4101 2905,4101 2955,4101 3005,4101 3055,4096 3105,4095 3155,4092 3205,4091 3255,4091 3286,4088"/>
        <Word id="word_c2213e28-0b6f-4d4b-aa45-76fe110bf9c6">
          <Coords points="904,4094 954,4092 1004,4091 1054,4090 1062,4090 1064,4135 1055,4135 1005,4136 955,4137 905,4139"/>
          <TextEquiv>
            <Unicode>sijn</Unicode>
          </TextEquiv>
        </Word>
        <Word id="word_9d37feb3-3785-49de-bda6-d34f537f2eee">
          <Coords points="1102,4088 1104,4088 1154,4086 1182,4085 1183,4130 1155,4131 1105,4133 1104,4133"/>
          <TextEquiv>
            <Unicode>E.</Unicode>
          </TextEquiv>
        </Word>
        <Word id="word_ca4a6200-5a46-4f6d-921c-fb80cd8d8a6f">
          <Coords points="1222,4085 1254,4084 1304,4082 1354,4080 1404,4078 1454,4077 1504,4075 1554,4073 1604,4071 1654,4070 1704,4069 1754,4068 1804,4067 1818,4067 1818,4112 1805,4112 1755,4113 1705,4114 1655,4115 1605,4116 1555,4118 1505,4120 1455,4122 1405,4123 1355,4125 1305,4127 1255,4129 1223,4130"/>
          <TextEquiv>
            <Unicode>miscontentement</Unicode>
          </TextEquiv>
        </Word>
        <Word id="word_e7c6f6c8-7c12-4a78-b544-e5b125f4380f">
          <Coords points="1857,4067 1904,4066 1954,4065 2005,4065 2016,4065 2016,4110 2005,4110 1955,4110 1905,4111 1858,4112"/>
          <TextEquiv>
            <Unicode>over</Unicode>
          </TextEquiv>
        </Word>
        <Word id="word_213bb9ae-2ddb-40b0-b18c-c7749f219154">
          <Coords points="2056,4065 2105,4065 2135,4065 2135,4110 2105,4110 2056,4110"/>
          <TextEquiv>
            <Unicode>'t</Unicode>
          </TextEquiv>
        </Word>
        <Word id="word_c4ab6986-8bed-400e-ae38-79570be84214">
          <Coords points="2175,4065 2205,4065 2255,4065 2305,4065 2356,4066 2405,4066 2453,4066 2453,4111 2405,4111 2355,4111 2305,4110 2255,4110 2205,4110 2175,4110"/>
          <TextEquiv>
            <Unicode>verlene</Unicode>
          </TextEquiv>
        </Word>
        <Word id="word_30c7f4f3-1228-4fab-9790-c866cb9ac8bd">
          <Coords points="2493,4066 2505,4066 2555,4066 2606,4067 2612,4067 2612,4112 2605,4112 2555,4111 2505,4111 2493,4111"/>
          <TextEquiv>
            <Unicode>van</Unicode>
          </TextEquiv>
        </Word>
        <Word id="word_65e77487-ded8-4841-a975-c825eeca69fa">
          <Coords points="2651,4067 2655,4067 2706,4068 2755,4068 2805,4068 2854,4066 2889,4066 2889,4111 2855,4111 2805,4113 2755,4113 2705,4113 2655,4112 2651,4112"/>
          <TextEquiv>
            <Unicode>seeker</Unicode>
          </TextEquiv>
        </Word>
        <Word id="word_0ef8fdb3-900c-4990-898e-93e7b80cfea1">
          <Coords points="2929,4066 2955,4066 3005,4066 3052,4061 3104,4060 3125,4059 3128,4104 3105,4105 3056,4106 3005,4111 2955,4111 2929,4111"/>
          <TextEquiv>
            <Unicode>passe</Unicode>
          </TextEquiv>
        </Word>
        <Word id="word_401312bc-e88e-4a04-905c-cff50111b1e9">
          <Coords points="3167,4056 3205,4056 3255,4056 3283,4053 3287,4098 3255,4101 3205,4101 3167,4101"/>
          <TextEquiv>
            <Unicode>tot</Unicode>
          </TextEquiv>
        </Word>
        <TextEquiv conf="0.9627370734145554">
          <Unicode>sijn E. miscontentement over 't verlene van seeker passe tot</Unicode>
        </TextEquiv>
        <TextStyle xHeight="32"/>
      </TextLine>
      <TextLine id="line_6455ca48-7550-428a-bade-39b113f0fddb">
        <Coords points="892,4156 930,4155 941,4147 954,4155 978,4140 1034,4132 1597,4113 2125,4119 2213,4128 2553,4128 2609,4124 2617,4116 3281,4116 3313,4138 3313,4192 3261,4208 3249,4205 3240,4213 3112,4209 3096,4197 3052,4189 3033,4197 2980,4194 2964,4205 2764,4204 2749,4190 2724,4190 2709,4201 2695,4190 2329,4190 2318,4201 2117,4201 2105,4209 1733,4209 1725,4217 1637,4217 1610,4201 1562,4198 1286,4198 1262,4217 892,4216"/>
        <Baseline points="918,4198 968,4199 1018,4198 1068,4196 1118,4195 1168,4194 1218,4194 1268,4192 1318,4190 1368,4189 1418,4188 1468,4187 1518,4186 1568,4186 1618,4186 1668,4186 1718,4186 1768,4186 1818,4186 1868,4186 1918,4185 1968,4184 2018,4183 2068,4182 2118,4182 2168,4180 2218,4179 2268,4178 2318,4178 2368,4178 2418,4178 2468,4178 2518,4179 2568,4179 2618,4179 2668,4180 2718,4180 2768,4180 2818,4180 2868,4179 2918,4179 2968,4179 3018,4179 3068,4178 3118,4177 3168,4177 3218,4176 3268,4176 3288,4179"/>
        <Word id="word_9f4ff063-c799-4867-b883-e38993fe9b4d">
          <Coords points="919,4163 969,4164 1017,4163 1067,4161 1117,4160 1167,4159 1218,4159 1267,4157 1317,4155 1367,4154 1417,4153 1425,4153 1426,4198 1418,4198 1368,4199 1318,4200 1268,4202 1218,4204 1168,4204 1118,4205 1068,4206 1018,4208 968,4209 918,4208"/>
          <TextEquiv>
            <Unicode>uijtsettinge</Unicode>
          </TextEquiv>
        </Word>
        <Word id="word_f8d44eb1-ee96-405e-8c1d-c21b02c9ab80">
          <Coords points="1467,4152 1517,4151 1568,4151 1595,4151 1595,4196 1568,4196 1518,4196 1468,4197"/>
          <TextEquiv>
            <Unicode>van</Unicode>
          </TextEquiv>
        </Word>
        <Word id="word_83175312-c5cc-47b3-9cae-3593d0cd3195">
          <Coords points="1637,4151 1668,4151 1718,4151 1764,4151 1764,4196 1718,4196 1668,4196 1637,4196"/>
          <TextEquiv>
            <Unicode>een</Unicode>
          </TextEquiv>
        </Word>
        <Word id="word_c1c11f95-1204-4a2d-aae7-a00a80df58ce">
          <Coords points="1807,4151 1818,4151 1868,4151 1917,4150 1967,4149 2017,4148 2067,4147 2118,4147 2167,4145 2187,4145 2188,4190 2168,4190 2118,4192 2068,4192 2018,4193 1968,4194 1918,4195 1868,4196 1818,4196 1807,4196"/>
          <TextEquiv>
            <Unicode>scheepken</Unicode>
          </TextEquiv>
        </Word>
        <Word id="word_404ed432-1f55-4e03-8554-711d7595e675">
          <Coords points="2229,4144 2267,4143 2318,4143 2368,4143 2418,4143 2468,4143 2519,4144 2568,4144 2618,4144 2669,4145 2718,4145 2738,4145 2738,4190 2718,4190 2668,4190 2618,4189 2568,4189 2518,4189 2468,4188 2418,4188 2368,4188 2318,4188 2268,4188 2230,4189"/>
          <TextEquiv>
            <Unicode>toebehorende</Unicode>
          </TextEquiv>
        </Word>
        <Word id="word_44be084d-d70e-48ec-ab67-dfcb9a479395">
          <Coords points="2780,4145 2818,4145 2867,4144 2918,4144 2968,4144 3018,4144 3067,4143 3117,4142 3168,4142 3217,4141 3268,4141 3293,4144 3287,4189 3268,4186 3218,4186 3168,4187 3118,4187 3068,4188 3018,4189 2968,4189 2918,4189 2868,4189 2818,4190 2780,4190"/>
          <TextEquiv>
            <Unicode>meergenoemde</Unicode>
          </TextEquiv>
        </Word>
        <TextEquiv conf="0.9560051540242762">
          <Unicode>uijtsettinge van een scheepken toebehorende meergenoemde</Unicode>
        </TextEquiv>
        <TextStyle xHeight="32"/>
      </TextLine>
      <TextLine id="fa287e41-65b1-4b32-900f-7506adccf3b9">
        <Coords points="891,4214 1269,4215 1285,4199 1397,4195 1608,4198 1636,4215 2092,4211 2120,4203 2132,4191 2160,4187 2695,4190 2707,4202 2740,4187 2759,4202 2971,4203 2979,4195 3023,4195 3034,4206 3051,4191 3075,4190 3095,4194 3115,4211 3262,4206 3301,4222 3313,4210 3326,4215 3344,4209 3344,4263 3336,4259 3314,4271 3187,4271 3175,4280 2799,4275 2779,4288 2716,4288 2704,4279 2640,4280 2614,4268 2596,4268 2584,4280 2144,4275 2100,4276 2076,4296 1932,4300 1740,4295 1732,4287 1165,4291 1050,4280 891,4284"/>
        <Baseline points="917,4275 967,4273 1017,4273 1067,4273 1117,4273 1167,4271 1217,4270 1267,4269 1317,4268 1367,4267 1417,4267 1467,4266 1517,4266 1567,4267 1617,4268 1667,4267 1717,4267 1767,4266 1817,4265 1867,4264 1917,4264 1967,4263 2017,4263 2067,4263 2117,4262 2167,4261 2217,4260 2267,4259 2317,4258 2367,4258 2417,4257 2467,4257 2517,4257 2567,4257 2617,4258 2667,4259 2717,4258 2767,4260 2817,4260 2867,4260 2917,4259 2967,4259 3017,4258 3067,4256 3117,4256 3167,4256 3217,4254 3267,4252 3317,4253 3319,4250"/>
        <Word id="word_1dae143e-2ceb-4f63-b6a2-199f7ee332ef">
          <Coords points="916,4240 966,4238 1017,4238 1041,4238 1041,4283 1017,4283 967,4283 917,4285"/>
          <TextEquiv>
            <Unicode>h=r</Unicode>
          </TextEquiv>
        </Word>
        <Word id="word_5277c6af-6e6b-4cf8-9026-f77105161902">
          <Coords points="1083,4238 1117,4238 1166,4236 1216,4235 1266,4234 1316,4233 1366,4232 1417,4232 1466,4231 1517,4231 1539,4231 1538,4276 1517,4276 1467,4276 1417,4277 1367,4277 1317,4278 1267,4279 1217,4280 1167,4281 1117,4283 1083,4283"/>
          <TextEquiv>
            <Unicode>miersumela,</Unicode>
          </TextEquiv>
        </Word>
        <Word id="word_7a0dd476-2327-49fc-b6a7-9ff417602134">
          <Coords points="1581,4232 1618,4233 1666,4232 1717,4232 1745,4231 1746,4276 1717,4277 1667,4277 1617,4278 1580,4277"/>
          <TextEquiv>
            <Unicode>naer</Unicode>
          </TextEquiv>
        </Word>
        <Word id="word_4c89257b-1c92-4450-85f1-242bef30bcec">
          <Coords points="1787,4231 1816,4230 1866,4229 1917,4229 1966,4228 2017,4228 2067,4228 2077,4228 2078,4273 2067,4273 2017,4273 1967,4273 1917,4274 1867,4274 1817,4275 1787,4276"/>
          <TextEquiv>
            <Unicode>perach,</Unicode>
          </TextEquiv>
        </Word>
        <Word id="word_cce5f286-7ee3-4a8c-8c5c-8b98f9517c52">
          <Coords points="2118,4227 2166,4226 2216,4225 2242,4224 2243,4269 2217,4270 2167,4271 2119,4272"/>
          <TextEquiv>
            <Unicode>als</Unicode>
          </TextEquiv>
        </Word>
        <Word id="word_7714669b-c3aa-47e1-9db6-01fc57766de2">
          <Coords points="2284,4224 2316,4223 2367,4223 2416,4222 2467,4222 2517,4222 2567,4222 2617,4223 2616,4268 2567,4267 2517,4267 2467,4267 2417,4267 2367,4268 2317,4268 2285,4269"/>
          <TextEquiv>
            <Unicode>directel</Unicode>
          </TextEquiv>
        </Word>
        <Word id="word_fd1f9dcd-ab9a-4414-b91d-0ffe2560608a">
          <Coords points="2658,4224 2668,4224 2716,4223 2768,4225 2817,4225 2867,4225 2916,4224 2967,4224 3016,4223 3066,4221 3072,4221 3072,4266 3067,4266 3017,4268 2967,4269 2917,4269 2867,4270 2817,4270 2767,4270 2717,4268 2667,4269 2657,4269"/>
          <TextEquiv>
            <Unicode>strijdende</Unicode>
          </TextEquiv>
        </Word>
        <Word id="word_2ca5dd71-40d0-4811-a5e6-c8789e1a538c">
          <Coords points="3113,4221 3117,4221 3167,4221 3216,4219 3266,4217 3290,4231 3318,4218 3327,4256 3317,4263 3267,4262 3217,4264 3167,4266 3117,4266 3113,4266"/>
          <TextEquiv>
            <Unicode>tegen</Unicode>
          </TextEquiv>
        </Word>
        <TextEquiv conf="0.912223105287596">
          <Unicode>h=r miersumela, naer perach, als directel strijdende tegen</Unicode>
        </TextEquiv>
        <TextStyle xHeight="31"/>
      </TextLine>
      <TextLine id="b7402843-adb3-4a38-82a0-43ab3d4066da">
        <Coords points="898,4282 1017,4282 1056,4294 1935,4285 1959,4293 2067,4298 2103,4278 2587,4279 2599,4267 2639,4279 2700,4278 2711,4286 2979,4286 2990,4278 3234,4274 3250,4289 3276,4289 3313,4312 3339,4290 3339,4344 3323,4359 3312,4352 3292,4359 3259,4344 3222,4344 3203,4359 3194,4351 3142,4352 3122,4364 2786,4364 2731,4352 2699,4352 2691,4360 2530,4356 2521,4363 2511,4353 2424,4348 1807,4348 1784,4371 1755,4371 1743,4359 1587,4352 1575,4364 1539,4364 1503,4395 1416,4390 1380,4359 1336,4367 1268,4363 1261,4356 1232,4364 1026,4371 1004,4391 984,4395 898,4386"/>
        <Baseline points="924,4354 974,4352 1024,4352 1074,4350 1124,4348 1174,4347 1224,4346 1274,4345 1324,4343 1374,4342 1424,4340 1474,4339 1524,4339 1574,4339 1624,4339 1674,4339 1724,4338 1774,4339 1824,4338 1874,4338 1924,4338 1974,4338 2024,4339 2074,4339 2124,4339 2174,4339 2224,4338 2274,4339 2324,4339 2374,4339 2424,4339 2474,4339 2524,4338 2574,4338 2624,4338 2674,4339 2724,4342 2774,4343 2824,4343 2874,4342 2924,4340 2974,4339 3024,4339 3074,4338 3124,4337 3174,4336 3224,4334 3274,4334 3314,4330"/>
        <Word id="word_d523df89-f867-4347-9c77-e69f2354dac9">
          <Coords points="923,4319 973,4317 1024,4317 1073,4315 1112,4313 1114,4358 1074,4360 1024,4362 974,4362 924,4364"/>
          <TextEquiv>
            <Unicode>onser</Unicode>
          </TextEquiv>
        </Word>
        <Word id="word_377fc6c8-91ff-4299-becd-290a63a812ad">
          <Coords points="1152,4312 1174,4312 1223,4311 1273,4310 1302,4309 1304,4354 1274,4355 1224,4356 1174,4357 1152,4357"/>
          <TextEquiv>
            <Unicode>hren</Unicode>
          </TextEquiv>
        </Word>
        <Word id="word_e3a3c048-8c67-4016-bd81-c7b50080aae2">
          <Coords points="1341,4307 1374,4307 1423,4305 1473,4304 1524,4304 1574,4304 1624,4304 1674,4304 1723,4303 1775,4304 1796,4304 1797,4349 1774,4349 1724,4348 1674,4349 1624,4349 1574,4349 1524,4349 1474,4349 1424,4350 1374,4352 1341,4352"/>
          <TextEquiv>
            <Unicode>prinsipalen,</Unicode>
          </TextEquiv>
        </Word>
        <Word id="word_c85ec67b-e093-4792-81ba-a82294396087">
          <Coords points="1835,4303 1874,4303 1924,4303 1974,4303 1987,4303 1986,4348 1974,4348 1924,4348 1874,4348 1834,4348"/>
          <TextEquiv>
            <Unicode>ende</Unicode>
          </TextEquiv>
        </Word>
        <Word id="word_163ecf16-bce9-4b14-a620-5355b5bc071c">
          <Coords points="2024,4304 2074,4304 2124,4304 2174,4304 2175,4304 2176,4349 2174,4349 2124,4349 2074,4349 2024,4349"/>
          <TextEquiv>
            <Unicode>UEd:</Unicode>
          </TextEquiv>
        </Word>
        <Word id="word_02273399-c683-4196-9b0a-9c9280a26ee9">
          <Coords points="2213,4303 2223,4303 2275,4304 2324,4304 2374,4304 2404,4304 2404,4349 2374,4349 2324,4349 2274,4349 2224,4348 2214,4348"/>
          <TextEquiv>
            <Unicode>nader</Unicode>
          </TextEquiv>
        </Word>
        <Word id="word_be5fff4b-ed76-4bf5-af81-559859158e20">
          <Coords points="2442,4304 2474,4304 2523,4303 2574,4303 2624,4303 2670,4304 2669,4349 2624,4348 2574,4348 2524,4348 2474,4349 2442,4349"/>
          <TextEquiv>
            <Unicode>ordre,</Unicode>
          </TextEquiv>
        </Word>
        <Word id="word_04becabc-ecf4-42c9-8dd2-2d8f6e9739ae">
          <Coords points="2712,4305 2729,4307 2775,4308 2824,4308 2858,4307 2859,4352 2824,4353 2774,4353 2723,4352 2706,4350"/>
          <TextEquiv>
            <Unicode>doch</Unicode>
          </TextEquiv>
        </Word>
        <Word id="word_9a86956b-1178-4a14-be36-ee67b3dbc878">
          <Coords points="2895,4307 2922,4305 2973,4304 3024,4304 3048,4304 3049,4349 3024,4349 2974,4349 2925,4350 2897,4352"/>
          <TextEquiv>
            <Unicode>inne</Unicode>
          </TextEquiv>
        </Word>
        <Word id="word_ea31497d-8b8e-427b-94e3-2388a6cb22ff">
          <Coords points="3086,4303 3123,4302 3173,4301 3223,4299 3274,4299 3310,4295 3315,4340 3274,4344 3224,4344 3174,4346 3124,4347 3087,4348"/>
          <TextEquiv>
            <Unicode>gesien</Unicode>
          </TextEquiv>
        </Word>
        <TextEquiv conf="0.9149303959216525">
          <Unicode>onser hren prinsipalen, ende UEd: nader ordre, doch inne gesien</Unicode>
        </TextEquiv>
        <TextStyle xHeight="30"/>
      </TextLine>
      <TextLine id="aac8b743-3489-40c6-b600-bac199e4ebe3">
        <Coords points="895,4382 941,4394 985,4395 1005,4391 1033,4367 1233,4363 1244,4355 1346,4366 1361,4351 1413,4347 1502,4347 1525,4367 1569,4367 1589,4354 1686,4354 1721,4387 1745,4383 1757,4371 1785,4371 1809,4347 2421,4347 2432,4355 2508,4355 2519,4366 2528,4359 2692,4359 2700,4351 2729,4351 2736,4358 2785,4363 3117,4367 3136,4355 3208,4359 3224,4343 3257,4343 3327,4355 3337,4365 3337,4421 3307,4449 3284,4427 3168,4435 3008,4434 2997,4423 2900,4423 2892,4431 2724,4430 2712,4439 2467,4430 1685,4430 1477,4443 1465,4434 1277,4431 1262,4446 1197,4466 1021,4470 1000,4458 921,4450 895,4438"/>
        <Baseline points="921,4432 971,4430 1021,4428 1071,4426 1121,4425 1171,4424 1221,4423 1271,4423 1321,4422 1371,4420 1421,4419 1471,4418 1521,4417 1571,4416 1621,4415 1671,4414 1721,4413 1771,4413 1821,4413 1871,4413 1921,4414 1971,4414 2021,4415 2071,4415 2121,4415 2171,4414 2221,4414 2271,4414 2321,4414 2371,4413 2421,4412 2471,4412 2521,4411 2571,4412 2621,4412 2671,4411 2721,4411 2771,4411 2821,4411 2871,4411 2921,4409 2971,4408 3021,4408 3071,4407 3121,4407 3171,4406 3221,4407 3271,4406 3312,4407"/>
        <Word id="word_2a6f1e0d-f5a7-46db-9074-4a45cb42a67a">
          <Coords points="920,4397 970,4395 1020,4393 1039,4392 1041,4437 1021,4438 971,4440 921,4442"/>
          <TextEquiv>
            <Unicode>den</Unicode>
          </TextEquiv>
        </Word>
        <Word id="word_0abf7e54-cb50-4fd4-8fb9-a60999781d9a">
          <Coords points="1080,4391 1120,4390 1170,4389 1220,4388 1271,4388 1319,4387 1320,4432 1271,4433 1221,4433 1171,4434 1121,4435 1080,4436"/>
          <TextEquiv>
            <Unicode>selven</Unicode>
          </TextEquiv>
        </Word>
        <Word id="word_4ec475de-8f27-463b-a665-1ceb8807b632">
          <Coords points="1356,4386 1367,4385 1420,4384 1438,4384 1439,4429 1421,4429 1372,4430 1360,4431"/>
          <TextEquiv>
            <Unicode>Hr</Unicode>
          </TextEquiv>
        </Word>
        <Word id="word_6510758c-d6b4-47a1-87ca-d7a7548bbe25">
          <Coords points="1478,4383 1520,4382 1570,4381 1620,4380 1670,4379 1720,4378 1771,4378 1821,4378 1871,4378 1878,4378 1877,4423 1871,4423 1821,4423 1771,4423 1721,4423 1671,4424 1621,4425 1571,4426 1521,4427 1479,4428"/>
          <TextEquiv>
            <Unicode>miersumela</Unicode>
          </TextEquiv>
        </Word>
        <Word id="word_a8ef0884-ca41-4ae1-aeb7-a3a7b0f1ecce">
          <Coords points="1918,4379 1922,4379 1971,4379 2022,4380 2071,4380 2121,4380 2170,4379 2221,4379 2271,4379 2316,4379 2316,4424 2271,4424 2221,4424 2171,4424 2121,4425 2071,4425 2021,4425 1971,4424 1921,4424 1917,4424"/>
          <TextEquiv>
            <Unicode>d'enickste</Unicode>
          </TextEquiv>
        </Word>
        <Word id="word_241d2148-1547-4e56-aa48-696d88694e4c">
          <Coords points="2353,4379 2369,4378 2420,4377 2471,4377 2520,4376 2572,4377 2621,4377 2670,4376 2721,4376 2771,4376 2794,4376 2794,4421 2771,4421 2721,4421 2671,4421 2621,4422 2571,4422 2521,4421 2471,4422 2421,4422 2372,4423 2356,4424"/>
          <TextEquiv>
            <Unicode>Richtsnoer,</Unicode>
          </TextEquiv>
        </Word>
        <Word id="word_620f8902-4da7-45ae-8222-248be3aa8c4c">
          <Coords points="2834,4376 2871,4376 2920,4374 2970,4373 2993,4373 2993,4418 2971,4418 2921,4419 2871,4421 2834,4421"/>
          <TextEquiv>
            <Unicode>ende</Unicode>
          </TextEquiv>
        </Word>
        <Word id="word_08e5a70b-101d-43c5-8dac-d800c8677ff1">
          <Coords points="3032,4373 3070,4372 3121,4372 3170,4371 3222,4372 3270,4371 3313,4372 3312,4417 3271,4416 3221,4417 3171,4416 3121,4417 3071,4417 3033,4418"/>
          <TextEquiv>
            <Unicode>buijten</Unicode>
          </TextEquiv>
        </Word>
        <TextEquiv conf="0.9258726581566283">
          <Unicode>den selven Hr miersumela d'enickste Richtsnoer, ende buijten</Unicode>
        </TextEquiv>
        <TextStyle xHeight="31"/>
      </TextLine>
      <TextLine id="line_5628fb67-b7fc-44e7-a2c7-43f5db896cbd">
        <Coords points="893,4453 955,4448 1002,4456 1019,4468 1196,4468 1307,4429 1399,4425 1464,4425 1475,4433 1551,4428 1583,4437 1675,4437 1687,4428 2215,4428 2223,4436 2279,4440 2543,4445 2571,4433 2715,4437 2723,4429 2996,4425 3007,4436 3271,4440 3298,4460 3307,4453 3319,4460 3340,4443 3340,4499 3299,4518 3267,4498 3063,4498 3035,4514 3007,4513 2995,4522 2891,4521 2880,4510 2647,4510 2639,4502 2603,4502 2560,4521 2531,4521 2515,4506 2267,4506 2247,4522 1923,4513 1915,4506 1483,4507 1446,4542 1415,4542 1403,4533 1346,4530 1331,4517 1153,4522 1115,4510 1079,4534 1043,4546 1019,4546 1007,4537 893,4542"/>
        <Baseline points="919,4508 969,4507 1019,4506 1069,4505 1119,4502 1169,4502 1219,4501 1269,4500 1319,4498 1369,4498 1419,4498 1469,4497 1519,4496 1569,4495 1619,4494 1669,4493 1719,4493 1769,4493 1819,4493 1869,4492 1919,4491 1969,4491 2019,4491 2069,4491 2119,4490 2169,4490 2219,4491 2269,4493 2319,4493 2369,4493 2419,4494 2469,4494 2519,4493 2569,4493 2619,4492 2669,4491 2719,4490 2769,4489 2819,4489 2869,4488 2919,4488 2969,4488 3019,4487 3069,4487 3119,4486 3169,4485 3219,4485 3269,4485 3315,4485"/>
        <Word id="word_33524c9a-faaa-476f-884a-00babb568ecc">
          <Coords points="918,4473 968,4472 1018,4471 1042,4471 1043,4516 1019,4516 969,4517 919,4518"/>
          <TextEquiv>
            <Unicode>hem</Unicode>
          </TextEquiv>
        </Word>
        <Word id="word_f91be8a8-a8ed-46fc-9483-479f7e7deed3">
          <Coords points="1082,4470 1116,4467 1169,4467 1218,4466 1268,4465 1318,4463 1369,4463 1373,4463 1373,4508 1369,4508 1319,4508 1269,4510 1219,4511 1169,4512 1120,4512 1085,4515"/>
          <TextEquiv>
            <Unicode>naesten</Unicode>
          </TextEquiv>
        </Word>
        <Word id="word_ac03937f-6f84-41ae-8c8f-2ba185c28036">
          <Coords points="1415,4463 1419,4463 1468,4462 1518,4461 1568,4460 1618,4459 1668,4458 1704,4458 1704,4503 1669,4503 1619,4504 1569,4505 1519,4506 1469,4507 1419,4508 1415,4508"/>
          <TextEquiv>
            <Unicode>Coninck</Unicode>
          </TextEquiv>
        </Word>
        <Word id="word_d0a86ae0-3b42-4f52-88d6-4030a284c6c0">
          <Coords points="1745,4458 1769,4458 1819,4458 1868,4457 1918,4456 1969,4456 2019,4456 2034,4456 2034,4501 2019,4501 1969,4501 1919,4501 1869,4502 1819,4503 1769,4503 1745,4503"/>
          <TextEquiv>
            <Unicode>niemant</Unicode>
          </TextEquiv>
        </Word>
        <Word id="word_2f5e69ae-92b3-45ca-9226-4f3043d36a89">
          <Coords points="2075,4456 2118,4455 2169,4455 2200,4456 2199,4501 2169,4500 2119,4500 2076,4501"/>
          <TextEquiv>
            <Unicode>van</Unicode>
          </TextEquiv>
        </Word>
        <Word id="word_9daa0421-d20a-41cb-863d-94cbf5d795d6">
          <Coords points="2243,4456 2271,4458 2319,4458 2369,4458 2420,4459 2469,4459 2518,4458 2569,4458 2571,4458 2572,4503 2569,4503 2519,4503 2469,4504 2419,4504 2369,4503 2319,4503 2268,4503 2240,4501"/>
          <TextEquiv>
            <Unicode>sodanige</Unicode>
          </TextEquiv>
        </Word>
        <Word id="word_cacc91ca-5a05-4afe-bccb-0fb5efa84aa0">
          <Coords points="2612,4457 2618,4457 2668,4456 2718,4455 2768,4454 2819,4454 2868,4453 2919,4453 2969,4453 3018,4452 3069,4452 3108,4451 3109,4496 3069,4497 3019,4497 2969,4498 2919,4498 2869,4498 2819,4499 2769,4499 2719,4500 2669,4501 2619,4502 2613,4502"/>
          <TextEquiv>
            <Unicode>authoriteijt</Unicode>
          </TextEquiv>
        </Word>
        <Word id="word_e0cecfc9-4a3c-431d-844d-6add688b39b5">
          <Coords points="3149,4450 3168,4450 3219,4450 3269,4450 3315,4450 3315,4495 3269,4495 3219,4495 3169,4495 3150,4495"/>
          <TextEquiv>
            <Unicode>ende</Unicode>
          </TextEquiv>
        </Word>
        <TextEquiv conf="0.9449590490618763">
          <Unicode>hem naesten Coninck niemant van sodanige authoriteijt ende</Unicode>
        </TextEquiv>
        <TextStyle xHeight="29"/>
      </TextLine>
      <TextLine id="e64227d2-6e82-4c4d-ae74-cb721015656f">
        <Coords points="884,4542 1006,4538 1042,4547 1078,4535 1114,4511 1162,4519 1331,4518 1346,4530 1400,4530 1417,4543 1443,4542 1486,4506 1918,4506 1926,4514 2194,4523 2246,4523 2266,4506 2514,4506 2526,4518 2578,4519 2602,4500 2746,4496 2998,4499 3014,4514 3038,4515 3062,4496 3250,4495 3270,4499 3296,4519 3311,4510 3323,4518 3331,4510 3331,4565 3311,4585 3301,4576 3292,4583 3280,4580 3254,4564 3183,4561 2986,4569 2975,4576 2906,4576 2896,4569 2886,4579 2650,4579 2640,4573 2626,4585 2534,4593 2482,4592 2470,4580 2210,4580 2199,4573 2114,4573 2102,4581 1874,4577 1778,4593 1442,4588 1426,4597 1330,4597 1301,4589 1170,4589 1145,4601 1106,4601 1079,4620 1038,4615 1026,4624 970,4624 954,4611 884,4616"/>
        <Baseline points="910,4591 960,4583 1010,4581 1060,4580 1110,4579 1160,4578 1210,4577 1260,4576 1310,4574 1360,4573 1410,4572 1460,4572 1510,4572 1560,4571 1610,4570 1660,4569 1710,4568 1760,4568 1810,4567 1860,4565 1910,4564 1960,4563 2010,4563 2060,4563 2110,4563 2160,4563 2210,4564 2260,4564 2310,4564 2360,4565 2410,4564 2460,4564 2510,4564 2560,4565 2610,4565 2660,4565 2710,4565 2760,4565 2810,4564 2860,4563 2910,4562 2960,4562 3010,4560 3060,4558 3110,4555 3160,4554 3210,4552 3260,4551 3306,4551"/>
        <Word id="word_675b1739-56bc-44fa-8604-19caca29b207">
          <Coords points="904,4556 954,4548 1009,4546 1059,4545 1109,4544 1159,4543 1209,4542 1259,4541 1309,4539 1359,4538 1409,4537 1460,4537 1478,4537 1478,4582 1460,4582 1410,4582 1360,4583 1310,4584 1260,4586 1210,4587 1160,4588 1110,4589 1060,4590 1010,4591 962,4593 912,4601"/>
          <TextEquiv>
            <Unicode>genegentheijt,</Unicode>
          </TextEquiv>
        </Word>
        <Word id="word_beef4c57-3cdc-48cd-8c88-82bc7a74224c">
          <Coords points="1518,4537 1559,4536 1609,4535 1659,4534 1680,4534 1681,4579 1660,4579 1610,4580 1560,4581 1519,4582"/>
          <TextEquiv>
            <Unicode>omme</Unicode>
          </TextEquiv>
        </Word>
        <Word id="word_61b43c7a-00f9-4ffd-8e2e-6bcc817cc24f">
          <Coords points="1722,4533 1760,4533 1809,4532 1842,4531 1844,4576 1810,4577 1760,4578 1722,4578"/>
          <TextEquiv>
            <Unicode>ons</Unicode>
          </TextEquiv>
        </Word>
        <Word id="word_0254b187-498b-4a22-93aa-a21ae1d056de">
          <Coords points="1884,4529 1910,4529 1959,4528 1965,4528 1965,4573 1960,4573 1910,4574 1884,4574"/>
          <TextEquiv>
            <Unicode>in</Unicode>
          </TextEquiv>
        </Word>
        <Word id="word_70ce19ca-4413-46da-b637-6154113a97e7">
          <Coords points="2006,4528 2010,4528 2060,4528 2110,4528 2160,4528 2210,4529 2209,4574 2160,4573 2110,4573 2060,4573 2010,4573 2006,4573"/>
          <TextEquiv>
            <Unicode>allen</Unicode>
          </TextEquiv>
        </Word>
        <Word id="word_56d6bf44-ecc9-4242-ad60-dc2bd5d50dea">
          <Coords points="2247,4530 2257,4529 2310,4529 2361,4530 2409,4529 2460,4529 2510,4529 2561,4530 2610,4530 2660,4530 2710,4530 2737,4530 2737,4575 2710,4575 2660,4575 2610,4575 2560,4575 2510,4574 2460,4574 2410,4574 2360,4575 2310,4574 2261,4574 2251,4575"/>
          <TextEquiv>
            <Unicode>d'behulpsame</Unicode>
          </TextEquiv>
        </Word>
        <Word id="word_84bb5300-2c38-45a7-b266-e67b3a5ed43a">
          <Coords points="2777,4530 2809,4529 2859,4528 2909,4527 2940,4527 2940,4572 2910,4572 2860,4573 2810,4574 2778,4575"/>
          <TextEquiv>
            <Unicode>hant</Unicode>
          </TextEquiv>
        </Word>
        <Word id="word_19991283-044f-4f20-9192-40e1c05868d3">
          <Coords points="2979,4527 3008,4525 3059,4523 3060,4523 3063,4568 3060,4568 3011,4570 2982,4572"/>
          <TextEquiv>
            <Unicode>te</Unicode>
          </TextEquiv>
        </Word>
        <Word id="word_89159448-2ee8-4364-a17c-7ed355b503d9">
          <Coords points="3101,4520 3108,4520 3159,4519 3209,4517 3259,4516 3306,4516 3306,4561 3260,4561 3210,4562 3160,4564 3111,4565 3103,4565"/>
          <TextEquiv>
            <Unicode>biede</Unicode>
          </TextEquiv>
        </Word>
        <TextEquiv conf="0.9179428067615749">
          <Unicode>genegentheijt, omme ons in allen d'behulpsame hant te biede</Unicode>
        </TextEquiv>
        <TextStyle xHeight="30"/>
      </TextLine>
      <TextLine id="line_6b918217-4767-4195-bb95-8e7797fa43f8">
        <Coords points="893,4608 931,4612 967,4592 1151,4600 1171,4588 1299,4587 1307,4595 1427,4596 1494,4588 1502,4580 1826,4573 2422,4579 2474,4583 2482,4591 2534,4592 2627,4584 2640,4575 2886,4580 2897,4569 2905,4575 2978,4576 2985,4569 3137,4561 3178,4561 3236,4595 3254,4590 3277,4604 3286,4596 3296,4601 3317,4593 3330,4579 3330,4633 3321,4630 3305,4644 3245,4633 3145,4634 3117,4638 3109,4646 3077,4646 3045,4674 3005,4674 2989,4661 2945,4661 2910,4681 2729,4677 2701,4701 2426,4700 2398,4696 2390,4688 2306,4680 2090,4685 1123,4677 1099,4685 893,4685"/>
        <Baseline points="919,4660 969,4660 1019,4657 1069,4655 1119,4655 1169,4654 1219,4652 1269,4651 1319,4650 1369,4649 1419,4647 1469,4647 1519,4646 1569,4645 1619,4643 1669,4642 1719,4641 1769,4641 1819,4639 1869,4638 1919,4639 1969,4639 2019,4639 2069,4638 2119,4639 2169,4638 2219,4637 2269,4637 2319,4638 2369,4639 2419,4640 2469,4638 2519,4638 2569,4639 2619,4639 2669,4640 2719,4641 2769,4640 2819,4638 2869,4637 2919,4637 2969,4634 3019,4632 3069,4631 3119,4629 3169,4626 3219,4624 3269,4622 3305,4620"/>
        <Word id="word_5d14c092-a5ff-4854-89d3-ac9bb37ae959">
          <Coords points="919,4625 969,4625 1017,4622 1031,4621 1033,4666 1020,4667 969,4670 919,4670"/>
          <TextEquiv>
            <Unicode>Int</Unicode>
          </TextEquiv>
        </Word>
        <Word id="word_6567d518-de4d-4b8c-a09b-dbe4c8ede963">
          <Coords points="1070,4620 1119,4620 1168,4619 1218,4617 1268,4616 1318,4615 1368,4614 1418,4612 1469,4612 1518,4611 1562,4610 1563,4655 1519,4656 1469,4657 1419,4657 1369,4659 1319,4660 1269,4661 1219,4662 1169,4664 1119,4665 1070,4665"/>
          <TextEquiv>
            <Unicode>gecondaetsche</Unicode>
          </TextEquiv>
        </Word>
        <Word id="word_13d718de-5161-4253-b9fd-d2e0509f1e2a">
          <Coords points="1598,4609 1616,4608 1668,4607 1718,4606 1769,4606 1789,4605 1790,4650 1769,4651 1719,4651 1669,4652 1620,4653 1601,4654"/>
          <TextEquiv>
            <Unicode>rijck</Unicode>
          </TextEquiv>
        </Word>
        <Word id="word_4abfc8c6-5cb5-463a-b3c9-f1ed81bcd759">
          <Coords points="1827,4604 1868,4603 1920,4604 1942,4604 1942,4649 1919,4649 1869,4648 1828,4649"/>
          <TextEquiv>
            <Unicode>is,</Unicode>
          </TextEquiv>
        </Word>
        <Word id="word_e3526bfb-195a-4aa2-b70c-60e389b4403a">
          <Coords points="1979,4604 2019,4604 2068,4603 2120,4604 2130,4604 2131,4649 2119,4649 2069,4648 2019,4649 1979,4649"/>
          <TextEquiv>
            <Unicode>daer</Unicode>
          </TextEquiv>
        </Word>
        <Word id="word_73926fea-3fe8-4f11-be76-ad29615f24a5">
          <Coords points="2168,4603 2168,4603 2218,4602 2269,4602 2320,4603 2370,4604 2397,4605 2396,4650 2369,4649 2319,4648 2269,4647 2219,4647 2169,4648 2169,4648"/>
          <TextEquiv>
            <Unicode>bijden</Unicode>
          </TextEquiv>
        </Word>
        <Word id="word_167dddb0-c0e2-4758-a777-298f3340ec09">
          <Coords points="2432,4605 2467,4603 2519,4603 2570,4604 2619,4604 2670,4605 2720,4606 2768,4605 2818,4603 2868,4602 2919,4602 2967,4599 3001,4598 3003,4643 2970,4644 2919,4647 2869,4647 2819,4648 2769,4650 2719,4651 2669,4650 2619,4649 2569,4649 2519,4648 2470,4648 2435,4650"/>
          <TextEquiv>
            <Unicode>g'smbruljeerden</Unicode>
          </TextEquiv>
        </Word>
        <Word id="word_2a355230-26c3-4487-af09-74b2b00ab726">
          <Coords points="3040,4596 3069,4596 3118,4594 3167,4591 3218,4589 3268,4587 3303,4585 3305,4630 3269,4632 3219,4634 3170,4636 3119,4639 3069,4641 3040,4641"/>
          <TextEquiv>
            <Unicode>toestan</Unicode>
          </TextEquiv>
        </Word>
        <TextEquiv conf="0.9640774052725068">
          <Unicode>Int gecondaetsche rijck is, daer bijden g'smbruljeerden toestan</Unicode>
        </TextEquiv>
        <TextStyle xHeight="38"/>
      </TextLine>
    </TextRegion>
    <TextRegion id="region_f63018c1-8c37-406a-a1a5-622bc92e9cdd_2" custom="structure {type:catch-word;}">
      <Coords points="2881,4713 2885,4713 2898,4727 2901,4727 2905,4730 2908,4730 2911,4733 2918,4733 2921,4736 2934,4736 2938,4740 3027,4740 3031,4736 3104,4736 3107,4733 3121,4733 3124,4730 3140,4730 3144,4727 3170,4727 3174,4730 3184,4730 3187,4733 3207,4733 3210,4736 3260,4736 3267,4730 3267,4727 3273,4720 3273,4717 3277,4713 3277,4707 3280,4703 3280,4693 3283,4690 3283,4677 3277,4670 3267,4670 3263,4667 3257,4667 3253,4663 3247,4663 3243,4660 3237,4660 3234,4657 3220,4657 3217,4653 3200,4653 3197,4657 3164,4657 3160,4653 3144,4653 3140,4650 3130,4650 3127,4647 3117,4647 3114,4643 3101,4643 3097,4640 3041,4640 3037,4643 3004,4643 3001,4647 2978,4647 2974,4643 2948,4643 2944,4647 2934,4647 2931,4650 2921,4650 2918,4653 2911,4653 2908,4657 2905,4657 2901,4660 2898,4660 2895,4663 2891,4663 2888,4667 2888,4673 2885,4677 2885,4683 2881,4687"/>
      <TextLine id="line_724ae5dc-e8d6-4990-b692-0e1039167c25">
        <Coords points="2847,4673 2917,4673 2945,4660 2985,4660 3001,4676 3045,4677 3077,4646 3109,4646 3117,4638 3145,4634 3245,4633 3272,4637 3305,4663 3320,4650 3326,4656 3326,4711 3281,4723 3257,4714 2847,4723"/>
        <Baseline points="2873,4713 2923,4712 2973,4712 3023,4711 3073,4709 3123,4706 3173,4703 3223,4701 3273,4697 3301,4698"/>
        <Word id="word_78388fff-ff80-4183-8719-21c9c13117c0">
          <Coords points="2872,4678 2922,4677 2973,4677 3022,4676 3072,4674 3121,4671 3171,4668 3222,4666 3270,4662 3302,4663 3301,4708 3274,4707 3223,4711 3174,4713 3124,4716 3073,4719 3023,4721 2973,4722 2923,4722 2873,4723"/>
          <TextEquiv>
            <Unicode>alomme</Unicode>
          </TextEquiv>
        </Word>
        <TextEquiv conf="0.9555990430359624">
          <Unicode>alomme</Unicode>
        </TextEquiv>
        <TextStyle xHeight="25"/>
      </TextLine>
    </TextRegion>
    <TextRegion id="region_0934d9b2-2328-462d-a84c-ce7978a76c81">
      <Coords points="115,3472 177,3472 177,3484 115,3484"/>
      <TextLine id="line_2837be34-a933-4432-a541-7fa0e08a06ca">
        <Coords points="91,3427 156,3422 168,3434 201,3435 201,3489 184,3477 156,3497 91,3497"/>
        <Baseline points="117,3478 167,3477 176,3476"/>
        <Word id="word_b6f0cd0f-64f2-427d-aad5-a7823f11054b">
          <Coords points="116,3443 166,3442 172,3441 177,3486 167,3487 117,3488"/>
          <TextEquiv>
            <Unicode>ts</Unicode>
          </TextEquiv>
        </Word>
        <TextEquiv conf="0.2736163099650805">
          <Unicode>ts</Unicode>
        </TextEquiv>
        <TextStyle xHeight="27"/>
      </TextLine>
    </TextRegion>
    <TextRegion id="ec2967d0-dd45-4c71-ae45-68e0455a170c">
      <Coords points="65,3555 184,3555 184,3572 65,3572"/>
      <TextLine id="db4375ee-7ded-474d-a8c2-55917b5da03d">
        <Coords points="41,3519 83,3514 91,3522 154,3526 178,3507 207,3518 207,3573 188,3592 160,3573 41,3576"/>
        <Baseline points="67,3569 117,3568 167,3563 182,3559"/>
        <Word id="word_78de0ebd-3947-4990-adf6-7eb2751895d1">
          <Coords points="66,3534 116,3533 164,3528 173,3525 185,3569 168,3573 117,3578 67,3579"/>
          <TextEquiv>
            <Unicode>hebben</Unicode>
          </TextEquiv>
        </Word>
        <TextEquiv conf="0.8008755660419855">
          <Unicode>hebben</Unicode>
        </TextEquiv>
        <TextStyle xHeight="28"/>
      </TextLine>
    </TextRegion>
    <TextRegion id="d70728a9-c5e6-4672-a1ca-07fe717e18ac">
      <Coords points="0,3487 26,3487 26,3492 0,3492"/>
      <TextLine id="line_89c1eefb-0080-4ef2-acfb-b091983f5e88">
        <Coords points="0,3432 19,3432 47,3448 47,3502 0,3502"/>
        <Baseline points="7,3489 22,3489"/>
        <TextStyle xHeight="61"/>
      </TextLine>
    </TextRegion>
    <TextRegion id="region_159f3b18-529b-4fdf-9741-3f4eb09da00b">
      <Coords points="116,4273 155,4273 155,4279 116,4279"/>
      <TextLine id="fabd10a6-8306-4dbe-9df6-a19d0edcaff4">
        <Coords points="95,4219 156,4218 177,4234 177,4289 162,4304 95,4309"/>
        <Baseline points="121,4275 152,4275"/>
        <Word id="word_8086125b-3db2-47e3-8139-101d8edd8fc3">
          <Coords points="121,4240 152,4240 152,4285 121,4285"/>
          <TextEquiv>
            <Unicode>e</Unicode>
          </TextEquiv>
        </Word>
        <TextEquiv conf="0.06309954077005386">
          <Unicode>e</Unicode>
        </TextEquiv>
        <TextStyle xHeight="36"/>
      </TextLine>
    </TextRegion>
    <TextRegion id="region_9a05337c-8347-47c2-9202-4ae8baac62a2">
      <Coords points="69,4349 193,4349 193,4372 69,4372"/>
      <TextLine id="f96a6d01-1eda-4e5b-be9b-27a2a657367d">
        <Coords points="44,4311 152,4312 196,4294 216,4314 216,4370 204,4381 180,4381 160,4400 125,4388 44,4384"/>
        <Baseline points="70,4367 120,4364 170,4361 191,4356"/>
        <Word id="word_ede90a40-a189-4636-83a6-2c985ee8064f">
          <Coords points="68,4332 118,4329 168,4326 183,4322 193,4366 171,4371 121,4374 71,4377"/>
          <TextEquiv>
            <Unicode>pro„</Unicode>
          </TextEquiv>
        </Word>
        <TextEquiv conf="0.6413347925795484">
          <Unicode>pro„</Unicode>
        </TextEquiv>
        <TextStyle xHeight="31"/>
      </TextLine>
    </TextRegion>
    <TextRegion id="af678c72-ef1b-4325-a560-a37834e912e6">
      <Coords points="57,4419 210,4419 210,4444 57,4444"/>
      <TextLine id="line_9dac38da-833f-405d-8edf-64656ace15a7">
        <Coords points="35,4384 169,4371 181,4383 202,4380 234,4391 234,4445 214,4453 173,4456 161,4445 35,4450"/>
        <Baseline points="61,4435 122,4434 172,4432 209,4432"/>
        <Word id="word_9ff90f34-0291-4aaf-82bc-ade9114fafae">
          <Coords points="60,4400 121,4399 171,4397 209,4397 209,4442 172,4442 122,4444 61,4445"/>
          <TextEquiv>
            <Unicode>be„</Unicode>
          </TextEquiv>
        </Word>
        <TextEquiv conf="0.4304508480274946">
          <Unicode>be„</Unicode>
        </TextEquiv>
        <TextStyle xHeight="27"/>
      </TextLine>
    </TextRegion>
    <TextRegion id="region_7eb485fb-d1b1-4433-a0b1-586fda61804f">
      <Coords points="0,4433 28,4433 28,4439 0,4439"/>
      <TextLine id="cc9df98f-e124-44d5-8312-cb9703a0d21a">
        <Coords points="0,4387 49,4393 49,4448 0,4448"/>
        <Baseline points="0,4436 24,4435"/>
        <Word id="word_902f2a7c-51f7-4ee4-9af4-5406938c8296">
          <Coords points="0,4401 23,4400 24,4445 0,4446"/>
          <TextEquiv>
            <Unicode>tie</Unicode>
          </TextEquiv>
        </Word>
        <TextEquiv conf="0.4898257965901072">
          <Unicode>tie</Unicode>
        </TextEquiv>
        <TextStyle xHeight="25"/>
      </TextLine>
    </TextRegion>
    <TextRegion id="fd9046ed-b0fc-405e-8c80-5946f8ad09a7">
      <Coords points="0,4496 215,4496 215,4521 0,4521"/>
      <TextLine id="line_7463650d-18e1-455d-a924-40c6a6285591">
        <Coords points="0,4453 203,4448 218,4460 239,4463 239,4518 212,4545 202,4542 187,4557 170,4558 161,4549 0,4554"/>
        <Baseline points="0,4513 50,4513 100,4512 150,4509 200,4506 214,4504"/>
        <Word id="word_17b27d2b-d6e8-444f-a9c9-f7f76984ed9a">
          <Coords points="0,4478 50,4478 99,4477 148,4474 198,4471 209,4469 215,4514 201,4516 151,4519 100,4522 50,4523 0,4523"/>
          <TextEquiv>
            <Unicode>emen</Unicode>
          </TextEquiv>
        </Word>
        <TextEquiv conf="0.6433439461675534">
          <Unicode>emen</Unicode>
        </TextEquiv>
        <TextStyle xHeight="36"/>
      </TextLine>
    </TextRegion>
    <TextRegion id="becd5a22-f406-4b74-9c40-05f01495bc4d">
      <Coords points="0,4578 199,4578 199,4603 0,4603"/>
      <TextLine id="line_1c06fe6b-d2bc-4930-aafd-6ade4d2ffbe5">
        <Coords points="0,4540 161,4548 170,4557 190,4556 204,4544 222,4551 222,4605 180,4606 164,4622 141,4613 0,4618"/>
        <Baseline points="0,4592 50,4592 100,4591 150,4589 197,4592"/>
        <Word id="word_3c8014ea-0fa0-4de9-ac6a-b4585a121888">
          <Coords points="0,4557 50,4557 99,4556 149,4554 199,4557 196,4602 150,4599 100,4601 50,4602 0,4602"/>
          <TextEquiv>
            <Unicode>mp=s</Unicode>
          </TextEquiv>
        </Word>
        <TextEquiv conf="0.5201223349815759">
          <Unicode>mp=s</Unicode>
        </TextEquiv>
        <TextStyle xHeight="26"/>
      </TextLine>
    </TextRegion>
    <TextRegion id="fcc59b65-6465-4f9d-981b-c32042dd9198">
      <Coords points="0,4645 205,4645 205,4672 0,4672"/>
      <TextLine id="line_5a1d40c3-9bb4-4097-9c8c-d5ab79c13a51">
        <Coords points="0,4619 145,4614 169,4627 191,4627 203,4615 219,4626 229,4620 225,4678 180,4678 164,4691 0,4691"/>
        <Baseline points="0,4660 50,4659 100,4658 150,4658 200,4659 204,4660"/>
        <Word id="word_71bd7c0f-d39a-4a5c-a104-1219c419464f">
          <Coords points="0,4625 49,4624 99,4623 150,4623 201,4624 212,4626 202,4670 200,4669 150,4668 100,4668 50,4669 0,4670"/>
          <TextEquiv>
            <Unicode>eren</Unicode>
          </TextEquiv>
        </Word>
        <TextEquiv conf="0.5627304042586053">
          <Unicode>eren</Unicode>
        </TextEquiv>
        <TextStyle xHeight="30"/>
      </TextLine>
    </TextRegion>
  </Page>
</PcGts>
