3567 4801
2699 484 2931 559 951

637 482 870 532 April
916 480 1112 530 1646

965 688 1182 742 d'Mayst.
1206 687 1418 733 toestaen
1444 688 1497 734 te
1524 689 1708 735 lichten
1734 689 1840 736 doch
1865 692 2026 738 Indien
2049 695 2129 742 de.
2155 698 2314 748 Mooren
2339 703 2444 750 haer
2471 704 2550 749 tot
2575 703 2681 749 geen
2707 698 2919 747 Vertreck

941 792 1111 850 stelde
1138 787 1303 836 moeste
1329 785 1386 831 d'
1411 785 1550 831 mags.
1577 786 1606 831 t
1632 786 1742 833 Haer
1769 785 1879 830 geen
1907 785 2181 831 betaelinge
2209 786 2347 833 doen,
2370 787 2483 834 maer
2511 787 2565 832 is
2593 784 2758 832 Velour
2784 773 2978 828 stercke

946 878 1200 936 besettinge
1225 876 1402 923 latende
1426 877 1552 922 hadde
1577 876 1678 922 sich
1703 876 1805 922 naer
1829 876 2005 923 sinsier
2030 878 2081 923 te
2106 878 2358 925 retireren,
2382 876 2534 923 alwaer
2558 875 2634 921 sij
2659 870 2835 920 luijden
2860 866 2962 915 haer

939 979 1048 1031 niet
1071 974 1231 1022 alleen
1257 971 1337 1019 met
1363 970 1415 1016 d'
1442 970 1573 1016 mags.
1599 970 1627 1016 t
1652 971 1810 1017 weeden
1837 972 2153 1021 Conjungeren,
2179 975 2284 1021 maer
2310 975 2416 1020 oocq
2441 974 2495 1020 d'
2521 974 2653 1019 voors
2679 975 2732 1020 4½
2757 973 2864 1020 lacq
2889 974 2916 1019 —

946 1079 1080 1130 Inden
1105 1071 1319 1124 Oorloogh
1344 1069 1478 1115 laten
1503 1061 1797 1114 gebruijcken

826 1277 1175 1339 Sammeraje
1213 1270 1594 1321 nareijneva
1633 1269 1785 1317 ende
1823 1269 1900 1314 d'
1938 1268 2166 1315 andere
2204 1270 2662 1320 Ambassadeurs
2697 1264 2969 1318 omtrent

960 1387 1013 1434 d'
1039 1381 1248 1431 reijcken
1274 1379 1510 1426 schrijven
1535 1380 1666 1425 aende
1692 1379 1823 1425 mags.
1848 1378 1875 1423 t
1901 1378 1979 1424 Hoe
2005 1378 2084 1423 der
2109 1377 2345 1424 sleijcken
2370 1378 2501 1424 Volcq
2526 1378 2606 1424 met
2631 1373 2789 1423 groodt
2813 1368 2972 1418 geldt,

928 1493 986 1540 in
1012 1487 1127 1536 hare
1155 1483 1410 1532 Compagnie
1438 1483 1523 1528 tot
1550 1480 1750 1528 sunsier
1778 1480 1948 1526 waeren
1976 1481 2202 1527 gecomen,
2231 1482 2457 1527 hebbende
2485 1482 2570 1527 aen
2599 1477 2910 1527 haerluijden

927 1603 1020 1651 tot
1049 1599 1113 1647 d'
1142 1594 1361 1642 Connicx
1391 1591 1578 1639 gastus
1609 1589 1919 1636 Verstreckt
1949 1589 2012 1635 40
2042 1589 2321 1635 Operdauws
2352 1590 2600 1637 daermede
2631 1586 2943 1636 voornemens

960 1707 1127 1759 waeren
1152 1702 1317 1751 naerd:
1345 1700 1481 1747 mags.
1508 1699 1537 1745 t
1562 1701 1645 1746 toe
1671 1700 1727 1746 te
1753 1699 1917 1744 comen,
1944 1697 1999 1743 't
2026 1695 2163 1742 welcq
2190 1694 2245 1740 d'
2271 1692 2408 1739 mags.
2433 1690 2463 1737 t
2489 1689 2626 1736 alles
2654 1682 2931 1736 verstaende

928 1811 1210 1864 andtwoorde
1237 1808 1322 1856 Ick
1349 1805 1490 1852 hebbe
1517 1804 1742 1850 omtrendt
1770 1804 1854 1850 een
1881 1806 2049 1852 maendt
2077 1805 2301 1851 belegert
2329 1803 2525 1849 geweest
2553 1802 2693 1848 vande
2720 1799 2889 1847 mooren
2916 1798 2945 1843 —

912 1924 970 1969 en
1000 1921 1088 1969 tot
1116 1917 1234 1966 noch
1262 1914 1351 1961 toe
1379 1913 1438 1959 en
1467 1911 1614 1958 Comen
1643 1911 1731 1956 mij
1759 1908 2052 1955 d'rleycken
2081 1907 2198 1953 niet
2228 1905 2432 1952 t'hulpe
2461 1903 2637 1949 Indien
2665 1898 2900 1947 d'Mooren

914 2023 978 2068 d'
1010 2020 1043 2068 8
1074 2017 1202 2063 lacq
1233 2015 1330 2062 ten
1361 2010 1554 2059 vallen
1584 2009 1650 2056 al
1682 2006 1939 2054 betaelen
1968 2005 2098 2052 (soo
2130 2005 2194 2050 en
2225 2002 2418 2050 gelove
2450 2000 2578 2047 niet
2610 1998 2675 2045 sy
2704 1993 3026 2041 vertrecken

892 2123 1090 2178 sullen,
1116 2120 1286 2168 derter
1310 2117 1564 2166 Contrarie
1592 2117 1648 2162 d'
1675 2115 1815 2161 macht
1842 2113 1926 2159 der
1954 2111 2178 2158 neijcken
2205 2110 2317 2156 hier
2344 2108 2540 2155 omtrent
2567 2107 2920 2160 verschijnen—

909 2240 995 2290 hij
1019 2232 1133 2283 haer
1158 2225 1382 2276 Contract
1408 2222 1520 2269 door
1547 2220 1686 2266 Vlees
1713 2219 1825 2265 weel
1851 2214 1991 2263 soude
2018 2210 2240 2259 gehouden
2267 2210 2462 2256 hebben,
2489 2209 2850 2256 tegenwoordigh
2875 2202 3015 2252 Isser

909 2340 1019 2389 geen
1044 2332 1237 2384 anderen
1263 2327 1401 2376 raedt
1428 2323 1510 2370 als
1537 2323 1620 2368 dat
1646 2322 1729 2367 Ick
1756 2322 1812 2368 op
1838 2324 1893 2369 d'
1918 2323 1948 2369 E
1974 2321 2085 2370 lacq
2110 2325 2139 2371 3
2164 2321 2385 2369 betaele,
2411 2321 2522 2367 ende
2548 2319 2713 2366 voord'
2739 2312 2905 2363 andere

906 2449 936 2496 5
963 2447 1075 2495 lacq
1101 2444 1270 2491 eenige
1298 2443 1465 2489 groote
1492 2441 1660 2487 Heeren
1686 2439 1771 2485 tot
1799 2437 1938 2484 Borgh
1966 2437 2106 2483 geve,
2133 2437 2245 2483 oocq
2271 2435 2412 2482 mijne
2439 2434 2579 2479 macht
2606 2432 2691 2478 bij
2718 2432 2774 2478 d'
2802 2425 2942 2478 Haere

917 2561 1051 2611 vouge
1076 2557 1185 2604 ende
1211 2554 1346 2601 alsoo
1372 2552 1587 2599 contract
1613 2549 1801 2596 maecke,
1827 2548 1882 2594 te
1908 2545 2096 2593 gelijck
2123 2545 2177 2591 op
2203 2545 2257 2590 de
2284 2544 2498 2591 neijcken
2525 2544 2578 2589 te
2605 2539 2793 2589 vallen,
2818 2536 2901 2583 d'—

900 2674 1121 2731 welcque
1149 2669 1369 2717 haerdan
1399 2667 1494 2713 met
1524 2667 1649 2713 alle
1679 2666 1867 2712 Craght
1897 2664 1991 2710 ter
2022 2664 2178 2710 weere
2209 2660 2458 2709 stellen,
2489 2657 2613 2705 ende
2643 2653 2738 2701 tot
2768 2652 2862 2698 den
2891 2649 2924 2695 —

892 2793 1026 2845 slagh
1049 2784 1285 2836 Comenden,
1311 2781 1467 2829 Cinnen
1493 2779 1545 2826 d'
1570 2778 1703 2824 mijne
1727 2780 1831 2826 oocq
1857 2780 2118 2825 onverwacht
2143 2777 2196 2824 op
2221 2775 2274 2821 de
2299 2773 2456 2820 mooren
2480 2768 2664 2817 vallen,
2689 2766 2742 2812 en
2767 2762 2899 2811 alsoo
2922 2759 2950 2805 —

895 2905 998 2956 haer
1022 2897 1275 2949 betaelinge
1299 2894 1426 2942 geven
1450 2891 1552 2939 ende
1577 2888 1729 2935 anders
1754 2888 1804 2933 en
1829 2886 1956 2932 isser
1980 2883 2082 2930 geen
2106 2883 2258 2929 raedt,
2282 2881 2384 2927 want
2408 2878 2510 2926 hier
2535 2876 2636 2923 (ter
2661 2875 2787 2921 wijle
2812 2871 2889 2920 soo

2902 2871 2930 2917 -

902 3011 1119 3067 belegent
1144 3009 1226 3055 ben
1251 3007 1306 3053 en
1332 3006 1413 3052 kan
1439 3004 1573 3050 mijne
1600 3002 1734 3049 macht
1759 3000 1867 3047 niet
1893 2995 2189 3044 versamelen,
2212 2990 2348 3041 desen
2375 2989 2509 3035 raeds
2535 2988 2589 3034 te
2614 2985 2669 3032 d'
2695 2981 2856 3029 beste,

890 3130 1003 3180 doch
1029 3125 1113 3173 dit
1140 3120 1361 3169 condemen
1389 3117 1500 3165 noch
1526 3113 1638 3161 doen
1663 3110 1721 3158 't
1748 3109 1942 3155 restant
1967 3106 2107 3153 vande
2135 3106 2273 3151 8lacq
2299 3103 2384 3151 als
2409 3101 2494 3148 dat
2520 3098 2659 3145 vande
2687 3096 2743 3144 30
2768 3092 2910 3140 loocq

869 3238 1011 3290 wegen
1036 3234 1095 3282 t'
1121 3230 1234 3278 oude
1261 3226 1485 3274 contract
1513 3224 1737 3271 moestnen
1765 3224 1821 3270 in
1846 3224 1877 3271 3
1904 3223 2072 3269 deelen
2099 3219 2296 3268 stellen
2323 3216 2380 3262 /3
2405 3211 2463 3259 nu
2489 3208 2547 3255 te
2574 3204 2798 3252 betaelen
2825 3204 2889 3255 en
2906 3218 2938 3266 3

879 3352 964 3402 een
989 3346 1074 3395 tit
1100 3337 1321 3389 daernaer
1346 3334 1486 3382 niets
1513 3329 1762 3378 dadelijck
1789 3329 1899 3375 uijt
1926 3328 2010 3374 den
2036 3329 2174 3376 lanse
2201 3320 2559 3374 vertreckende,
2585 3316 2670 3364 soo
2696 3314 2752 3359 d'
2778 3311 2952 3359 mooren

881 3455 1038 3506 eenige
1062 3447 1194 3498 deser
1218 3445 1246 3490 2
1271 3439 1557 3489 voorslaehen
1582 3436 1740 3484 willen
1765 3432 2052 3480 accepteren,
2077 3429 2156 3476 ben
2180 3428 2234 3473 te
2258 3422 2416 3472 vreden
2440 3419 2519 3466 dat
2543 3417 2597 3464 te
2623 3415 2832 3462 besweren
2856 3416 2883 3461 —

881 3605 979 3654 den
1010 3595 1234 3649 persoon
1265 3592 1394 3639 uijt
1425 3585 1619 3635 madere
1649 3586 1746 3633 aen
1777 3585 1906 3630 wien
1937 3582 2003 3630 d'
2034 3575 2290 3626 magh.:te
2322 3569 2450 3620 des:
2481 3563 2611 3613 Hofs
2642 3555 2964 3607 bedieninge

882 3715 1024 3766 hadde
1051 3712 1276 3759 gegeven,
1300 3709 1360 3758 Io
1388 3706 1584 3753 (vermie
1612 3706 1668 3751 te
1695 3704 1808 3751 syne
1835 3700 2061 3749 beloofde
2089 3698 2341 3745 penningen
2369 3697 2481 3744 niet
2507 3693 2566 3742 op
2593 3690 2650 3736 en
2676 3686 2846 3734 braght

880 3828 990 3878 ende
1015 3821 1180 3871 scheen
1205 3809 1507 3865 bedruherije
1533 3808 1589 3854 te
1613 3802 1806 3851 wissen)
1833 3799 2024 3846 wederom
2051 3799 2105 3844 of
2133 3799 2214 3844 als
2241 3793 2487 3844 gevangen,
2512 3788 2623 3837 ende
2649 3786 2732 3833 den
2758 3777 2950 3830 broeder

855 3940 946 3991 Van
972 3925 1273 3980 clareijnen
1300 3922 1362 3968 ca
1390 3910 1634 3966 herstelt

679 4088 1087 4184 Malalachan
1127 4085 1210 4132 ds
1250 4081 1373 4129 met
1411 4070 1576 4123 2000
1613 4062 1902 4114 paerden
1943 4060 2025 4106 en
2065 4059 2148 4107 5„
2187 4062 2229 4108 a
2269 4061 2310 4106 6
2350 4056 2555 4106 pions
2594 4051 2719 4098 die

871 4189 936 4239 op
962 4180 1149 4231 Nieuws
1178 4175 1240 4223 in
1269 4169 1454 4219 dienst
1484 4167 1698 4214 genomen
1729 4168 1913 4215 heeft,
1942 4165 2157 4214 omtrent
2186 4162 2432 4210 sinsier,
2460 4158 2584 4206 ende
2614 4148 2859 4202 maeckten
2889 4148 2923 4196 —

854 4285 914 4333 d'
939 4275 1198 4328 sleijcken
1226 4270 1454 4320 haeroock
1483 4269 1654 4315 sterck
1682 4268 1797 4314 omme
1825 4266 1911 4313 soo
1938 4264 1996 4310 d'
2024 4257 2196 4309 mooren
2224 4251 2509 4302 Inbreecken
2537 4247 2652 4295 haer
2678 4245 2737 4292 't
2764 4237 2908 4290 Hooft

857 4370 1141 4423 tebieden
1173 4365 1213 4413 —

10 1154 35 1200 M

680 1319 708 1365 ƒ
