3505 4869
2397 970 2617 1030 1045

1444 746 1550 796 eren

302 1065 366 1113 de
397 1065 646 1113 Schipper
676 1069 771 1115 die
801 1071 927 1119 door
956 1076 1050 1124 syn
1076 1070 1330 1121 droncken

310 1653 677 1704 risponderen
709 1652 810 1698 gel
840 1648 976 1696 sulx
1010 1639 1280 1693 gedachte

304 1164 478 1215 schip
511 1169 788 1219 gegreden
821 1171 994 1220 wande
1028 1171 1308 1221 verstaen

823 2161 1207 2210 Alletwelcke
1242 2161 1312 2207 by
1344 2159 1452 2207 hen
1486 2159 2081 2208 geinterroyeerdens
2115 2161 2185 2207 op
2220 2160 2360 2208 yder
2395 2154 2647 2206 articul

833 2268 967 2316 ende
999 2262 1398 2311 vraechpoinct
1430 2261 1498 2307 en
1530 2259 1829 2306 antwoorde
1861 2254 2095 2304 gedient
2127 2251 2262 2298 ende
2292 2251 2360 2298 in
2392 2244 2625 2295 margine

824 2368 1113 2421 derselver
1145 2361 1465 2413 geschreven
1496 2358 1657 2406 staat
1689 2355 1977 2403 verclaren
2009 2351 2201 2401 tselve
2229 2344 2296 2393 te
2326 2339 2491 2388 wesen

828 2465 892 2511 de
923 2457 1177 2510 oprichte
1209 2452 1336 2502 inde
1367 2447 1591 2496 Sincere
1622 2448 1876 2493 waerheyt
1907 2445 2099 2494 bereyt
2130 2446 2226 2492 des
2256 2444 2514 2493 versocht

826 2558 1005 2607 synde
1039 2547 1254 2601 tselve
1288 2542 1396 2590 met
1431 2542 1573 2589 Eede
1608 2543 1681 2590 te
1715 2545 2036 2591 stercken;
2070 2543 2249 2590 actum
2282 2534 2535 2588 Batavia

823 2652 997 2702 desen
1029 2644 1205 2696 xvien
1238 2636 1517 2687 December
1551 2636 1656 2683 @no
1688 2635 1828 2683 1646
1863 2632 1967 2680 ter
2001 2627 2314 2678 presentie
2348 2626 2452 2673 van

825 2739 1125 2796 hendrick
1161 2735 1274 2783 van
1310 2733 1460 2780 wyck
1497 2734 1646 2779 ende
1683 2734 1983 2780 Cornelis
2019 2728 2243 2781 Brahen
2280 2723 2392 2772 die
2428 2720 2506 2767 de

817 2852 1040 2906 minute
1076 2844 1262 2896 deses
1298 2842 1520 2889 nevens
1557 2842 1668 2887 hen
1703 2842 2332 2892 geinterroyeerdens
2368 2834 2517 2887 ende

828 2955 896 3002 my
929 2951 1197 3000 gesworen
1230 2949 1432 2996 clercq
1464 2945 1900 2993 onderteeckent
1933 2945 2136 2993 hebben

798 3395 1342 3444 gesnserrogeerdens
1373 3395 1502 3440 hier
1533 3393 1725 3439 vooren
1757 3393 2109 3438 genomineert
2139 3380 2524 3436 Compareerden

793 3487 926 3535 voor
959 3478 1287 3532 d'onderges
1319 3475 1386 3523 E.
1418 3472 1550 3518 hren
1582 3473 2075 3524 Gecommitteerden
2107 3472 2206 3518 uyt
2238 3466 2338 3516 den
2369 3453 2535 3508 achtb

802 3577 948 3630 Raat
981 3572 1092 3621 van
1126 3563 1414 3615 justitie
1449 3562 1557 3609 des
1592 3562 1879 3611 Casteels
1914 3556 2166 3606 Batavia
2201 3540 2567 3600 naerhuerde

798 3653 1156 3705 voorstaende
1188 3644 1645 3697 vraechpoincten
1677 3641 1775 3688 met
1807 3642 1937 3687 hare
1969 3640 2035 3687 in
2065 3628 2296 3685 margine
2327 3613 2588 3671 deselver

794 3737 1149 3794 geschrevene
1182 3732 1502 3782 antwoorden
1534 3732 1599 3778 de
1630 3733 1759 3779 novo
1790 3731 1887 3777 van
1919 3723 2112 3776 woorde
2141 3716 2240 3766 tot
2271 3702 2466 3759 woorde

812 3816 1059 3867 persectol
1083 3811 1416 3860 voorgehouden
1442 3812 1552 3859 ende
1579 3809 1772 3859 gelesen
1798 3808 1963 3857 synde,
1991 3804 2155 3857 bleven
2180 3800 2237 3848 in
2264 3794 2402 3844 allen
2429 3792 2566 3838 delen

813 3907 936 3957 daer
964 3904 1027 3952 by
1054 3889 1419 3947 persisteren)
1447 3883 1721 3933 spreecken
1749 3879 1842 3927 tot
1871 3873 2234 3926 becrachtinge
2263 3865 2478 3917 vandien

810 3987 911 4039 soo
943 3978 1107 4030 waerl
1135 3969 1269 4021 most
1300 3965 1399 4012 huy
1431 3963 1562 4008 Godt
1591 3954 1921 4008 almachtich
1953 3948 2149 4002 selven
2180 3940 2344 3991 actum
2375 3930 2605 3983 batavia

801 4066 888 4112 den
914 4060 1061 4111 17en.
1085 4049 1319 4102 December
1347 4045 1463 4093 1646
1492 4045 1578 4091 ten
1606 4045 1867 4092 overstaen
1894 4043 1981 4090 van
2008 4039 2069 4088 de
2094 4031 2241 4081 Hren.
2269 4027 2384 4076 abel
2412 4023 2586 4072 Janssz

784 4144 976 4196 Casman
1007 4139 1134 4188 ende
1165 4127 1419 4183 Cornelis
1450 4123 1673 4172 Willems
1705 4123 1801 4169 van
1832 4125 2118 4173 Outshoorn
2147 4122 2245 4171 die
2275 4119 2340 4165 de
2370 4109 2563 4163 minute

796 4229 940 4276 deses
966 4223 1141 4275 nevens
1169 4221 1255 4268 hun
1283 4215 1712 4265 gerecolleerdens
1741 4217 1800 4263 en
1827 4218 1886 4265 my
1911 4213 2199 4267 Secretaris
2225 4198 2615 4256 ondertreckent

801 4299 1020 4349 hebben

1427 1612 1522 1661 Des
1552 1609 1615 1655 sy
1645 1607 2020 1656 gevraechdens
2050 1603 2239 1652 sonder
2269 1593 2584 1647 sumulatie.

1449 1722 1590 1770 hier
1623 1720 1730 1766 van
1763 1710 2045 1765 oprechte
2080 1705 2221 1754 ende
2253 1696 2501 1749 Sincere

1421 1822 1886 1870 verclaringhe
1924 1818 2157 1867 sonder
2195 1812 2351 1863 haat
2388 1804 2547 1855 ofte

1435 1930 1642 1977 Sunst
1683 1927 1807 1974 tot
1848 1926 2139 1973 ymanden
2179 1921 2263 1970 te
2304 1911 2558 1964 dragen

1447 2034 1745 2084 gelyeven
1781 2031 1856 2078 te
1891 2025 2078 2075 geven

1414 1074 1530 1125 met
1567 1075 1942 1128 naebehoren
1979 1080 2280 1128 gequeten
2316 1079 2467 1126 ende

1431 1188 1557 1235 int
1597 1186 2017 1236 betrachten
2056 1186 2184 1233 van
2222 1166 2476 1228 Compes

1436 1300 1680 1347 bosten
1719 1297 2044 1348 toestant
2083 1290 2488 1343 verhuymich

1448 1408 1606 1454 ende
1646 1407 2001 1454 nuolatich
2039 1402 2317 1451 geweest
2356 1401 2476 1447 zyn

1742 4353 1868 4402 Des
1908 4338 2283 4395 Toirconde

1862 4540 2158 4610 Andries
2193 4528 2501 4583 Frisius

2120 4590 2344 4644 secrts

2398 4614 2468 4660 E

2182 4644 2279 4696 6

158 1054 233 1102 ner

341 1741 530 1792 hebben

174 2617 224 2662 wert

71 3107 167 3153 bleven

0 3844 41 3891 te

15 4233 78 4281 sich

2046 1492 2172 1552 15
