3642 4883
1133 659 1321 715 Janua
1357 651 1470 702 179
1506 641 1618 694 A:o
1651 626 1802 682 1640

1154 819 1210 868 An
1233 814 1313 862 8d.
1339 813 1366 858 o
1390 808 1548 857 hebben
1572 803 1861 852 voorgemelte
1886 799 2044 847 dooden
2068 795 2148 844 ter
2173 792 2487 839 begraefnisse
2511 791 2728 840 gebraght

1188 963 1249 1014 Ag
1272 953 1334 1005 d.
1362 949 1419 995 o.
1444 930 1704 994 Vertreckt
1733 924 1934 975 Tengels
1962 920 2248 969 vaersuijen
2277 920 2363 967 met
2389 918 2506 966 sijn
2534 912 2792 962 sngeleden
2821 912 2935 957 Eijs
2963 910 3079 957 naer
3107 906 3425 956 maerespatam

1197 1121 1278 1170 Aon
1300 1116 1331 1163 9
1353 1111 1383 1158 d
1405 1107 1436 1154 o
1459 1094 1673 1149 verstaen
1698 1092 1778 1138 war
1804 1086 2069 1137 dapaneijck
2094 1079 2360 1130 uijtvredse
2384 1075 2439 1122 ij
2465 1074 2544 1119 hem
2569 1069 2808 1119 ansermael
2835 1064 2993 1114 souden
3019 1061 3152 1109 Comen
3178 1056 3447 1109 bestoocken

1339 1207 1418 1254 met
1442 1199 1626 1251 partije
1651 1196 1730 1244 van
1756 1193 1861 1241 sijn
1885 1190 2017 1237 volcq
2041 1186 2121 1234 van
2146 1178 2433 1230 Wansjewacke
2458 1176 2563 1222 naer
2588 1173 2745 1221 Ursoer
2769 1167 2927 1217 sijnde
2953 1166 3110 1213 verder
3133 1163 3187 1209 t'
3213 1162 3457 1211 landewaer

1349 1305 1410 1354 In
1436 1293 1731 1348 vertrocken
1758 1290 1849 1338 Is,

1214 1448 1246 1496 A
1266 1435 1352 1490 10„
1376 1428 1459 1477 11,
1482 1423 1539 1471 en
1565 1420 1620 1467 12
1645 1418 1673 1464 d
1698 1416 1727 1462 o
1752 1409 1915 1460 become
1938 1404 2156 1453 tijdingh
2182 1402 2263 1449 hoe
2290 1396 2612 1448 meergemelten
2639 1390 2988 1440 Wardapaneijck
3013 1387 3122 1434 naer
3147 1378 3447 1431 maerespatam

1347 1529 1630 1590 vertrocken
1655 1524 1742 1574 Is,
1767 1519 1881 1568 ende
1907 1516 1993 1564 den
2020 1509 2357 1561 onderwoopman
2383 1504 2553 1553 Willem
2580 1502 2693 1548 Pauw
2720 1500 2805 1547 met
2832 1499 2916 1544 hem
2944 1498 3169 1544 genomen,
3195 1494 3308 1542 ende

1341 1650 1370 1696 3
1394 1647 1426 1694 a
1450 1643 1480 1689 9
1505 1631 1784 1686 Visiadoors
1810 1627 1977 1676 nevens
2004 1626 2032 1672 4
2059 1625 2088 1671 a
2115 1624 2198 1670 500
2225 1621 2309 1668 man
2335 1619 2391 1665 in
2418 1612 2640 1663 Arrasour
2665 1606 2861 1656 gelaten
2888 1605 2971 1651 Van
2997 1600 3248 1650 gelijcken
3274 1599 3358 1644 dat

1350 1755 1413 1806 82
1441 1742 1620 1798 prince
1647 1734 1915 1786 stuckjens
1943 1731 2063 1778 naer
2091 1726 2417 1775 maerespatam
2447 1724 2565 1771 doen
2594 1722 2802 1769 brengen
2830 1720 3008 1769 hadde,
3037 1715 3215 1764 wencke
3244 1708 3393 1759 tadre

1340 1857 1440 1907 wwas
1463 1856 1562 1901 naer
1585 1851 1734 1900 velour
1757 1849 1832 1896 bij
1855 1847 1954 1894 sijn
1978 1845 2101 1891 vader
2126 1843 2298 1890 maleija
2321 1839 2543 1887 gereijst,
2566 1836 2666 1883 dese
2689 1832 2935 1880 omliggende
2959 1826 3205 1877 quartieren
3229 1818 3355 1870 soude

1348 1968 1430 2020 tot
1455 1963 1586 2012 nader
1611 1961 1743 2008 ordre
1767 1961 1847 2007 van
1872 1957 2083 2006 gemelten
2107 1951 2291 2001 Maleija
2317 1950 2474 1996 beseth
2500 1947 2684 1994 houden,
2709 1944 2866 1991 eenige
2892 1937 3102 1988 soldaten
3126 1929 3284 1981 waeren
3310 1925 3365 1973 on

1338 2074 1443 2124 haer
1467 2067 1724 2118 betaelinge
1750 2066 1853 2112 ende
1878 2063 2109 2112 Verdiende
2135 2058 2442 2108 maendtgelden
2468 2057 2673 2103 Woerdapa
2699 2053 2930 2102 gevolght,
2954 2049 3032 2097 die
3054 2042 3160 2093 haer
3184 2033 3442 2086 Continueel

1345 2185 1436 2235 met
1462 2178 1611 2228 goede
1640 2176 1757 2222 hope
1787 2175 1874 2221 was
1903 2172 2138 2220 voedende
2165 2169 2343 2217 seggen
2371 2168 2489 2215 2000
2516 2168 2577 2214 P.
2605 2167 2635 2213 a
2664 2165 2752 2212 van
2781 2161 2986 2209 maleije
3013 2158 3074 2206 en
3102 2152 3221 2201 2000
3247 2147 3338 2195 Pam

1343 2285 1582 2336 randtsoen
1608 2282 1768 2330 vanden
1793 2276 2111 2328 ondercoopman
2137 2274 2243 2321 Pauw
2269 2273 2322 2318 te
2349 2273 2481 2318 comen
2506 2272 2666 2318 stont,
2692 2271 2798 2317 ende
2824 2269 2904 2315 als
2930 2267 3010 2313 dan
3035 2265 3142 2311 haer
3167 2262 3380 2310 Volcomen

1347 2391 1627 2448 contenteren
1651 2391 1801 2437 soude,
1826 2390 1926 2436 doch
1950 2388 2001 2434 d'
2025 2387 2150 2433 pions
2175 2386 2325 2432 Waeren
2350 2386 2450 2432 niet
2475 2387 2525 2432 al
2549 2388 2599 2433 te
2624 2388 2699 2434 wel
2724 2386 2924 2433 daermede
2948 2385 2999 2430 te
3022 2381 3173 2430 vreden
3198 2378 3224 2426 —

1339 2499 1594 2553 sustineren
1619 2495 1951 2544 wardapaneijck
1976 2493 2180 2540 maleijer
2206 2493 2333 2538 geldt
2359 2493 2537 2538 volgens
2563 2493 2691 2538 ordre
2715 2492 2793 2537 aen
2817 2489 3022 2536 soldaten
3047 2486 3149 2533 niet
3175 2484 3461 2533 contribusee

1344 2614 1498 2664 maer't
1522 2607 1779 2658 meerendeel
1804 2605 1881 2652 bij
1907 2605 2009 2651 sich
2032 2601 2264 2649 behieldt,
2290 2600 2392 2647 ende
2417 2601 2673 2647 dienvoegen
2698 2600 2800 2647 sijn
2826 2596 3081 2645 parsonague
3106 2590 3312 2641 daermede

1330 2717 1587 2777 speelde

1184 2900 1278 2959 An
1318 2884 1408 2935 12
1451 2881 1541 2932 d.
1584 2883 1630 2930 o
1671 2871 1984 2929 Becomme
2028 2870 2340 2916 missive
2384 2869 2651 2916 vanden
2695 2868 3229 2919 oppercoopman
3273 2867 3412 2919 s=r

1352 2979 1547 3032 Adriaen
1572 2975 1740 3024 vander
1767 2974 1934 3020 meijde
1960 2972 2210 3020 gedateert
2237 2969 2293 3016 13
2320 2968 2542 3018 december
2568 2972 2763 3018 passado
2790 2971 2901 3017 Inde
2928 2971 3095 3017 stadt,
3121 2968 3377 3017 Caylpatam

1348 3084 1446 3135 Item
1469 3078 1709 3128 daernevens
1732 3076 1805 3122 een
1828 3075 1876 3120 d.
1900 3075 1924 3120 o
1948 3073 2092 3120 Vanden
2114 3070 2164 3118 H.
2186 3069 2211 3114 r
2235 3068 2475 3114 Gouverneur
2499 3067 2643 3114 Arnold
2666 3068 2834 3114 Heussen
2857 3068 3121 3114 gecarteert,
3145 3063 3315 3114 daerbij

1344 3175 1480 3228 ander
1506 3171 1692 3220 anderen
1718 3169 1956 3216 Vernemen,
1982 3166 2273 3215 eerstelijck
2299 3164 2432 3211 byden
2458 3164 2776 3210 opvercoopman
2802 3164 2856 3209 S.
2882 3165 2908 3210 r
2934 3163 3120 3209 Adriaen
3146 3159 3305 3208 Vander

1330 3274 1463 3323 Meyde
1489 3271 1648 3318 hoedat
1673 3269 1780 3315 naer
1806 3268 1912 3315 sijn
1938 3268 2149 3314 vertreck
2176 3268 2255 3314 den
2281 3268 2334 3313 16
2360 3263 2545 3312 october
2571 3261 2756 3307 passado
2783 3260 2862 3306 p:r
2887 3258 2941 3305 d'
2967 3256 3100 3302 fluyt
3124 3253 3205 3300 den
3230 3245 3417 3297 Coninck

1306 3378 1384 3430 van
1406 3371 1558 3421 Polen,
1582 3369 1683 3416 ende
1706 3368 1757 3413 't
1782 3366 1907 3413 Iacht
1932 3366 2081 3412 lunnen
2106 3366 2207 3412 uijt
2230 3366 2406 3412 Carcals
2429 3364 2555 3411 Rhede
2580 3364 2680 3409 naer
2705 3364 2854 3410 Ceylon
2878 3363 2930 3409 op
2954 3364 3004 3409 24
3029 3364 3079 3409 d.
3103 3362 3129 3408 o
3151 3359 3204 3405 In
3228 3357 3353 3404 gales

1294 3480 1428 3543 Baeij
1452 3476 1530 3523 ten
1555 3474 1710 3521 ancker
1735 3473 1916 3518 quamen,
1942 3472 2045 3518 ende
2071 3472 2122 3517 d'
2148 3472 2253 3518 H.:r
2277 3474 2535 3520 Gouverneur
2560 3474 2638 3519 Jan
2663 3468 2896 3519 Thijssen,
2921 3465 2999 3512 met
3024 3463 3076 3509 't
3100 3456 3230 3508 Jacht
3254 3450 3419 3500 linnen

1350 3589 1454 3635 naer
1480 3587 1559 3633 dat
1584 3584 1663 3631 van
1689 3582 1767 3629 sin
1792 3579 2080 3626 medegebragh
2105 3578 2158 3624 te
2183 3576 2445 3623 Cargasoent
2471 3576 2549 3621 gen
2573 3570 2836 3621 ontledight
2861 3566 2966 3614 was,
2990 3562 3096 3610 ende
3120 3559 3174 3607 't
3200 3552 3367 3603 Nodige

1358 3685 1468 3734 voor
1494 3685 1685 3733 negombo
1712 3684 1820 3730 mede
1848 3680 2092 3729 Ingenomen
2119 3680 2255 3728 hadde
2282 3681 2337 3727 in
2363 3680 2608 3727 Compagnie
2634 3677 2771 3725 vande
2797 3671 2961 3720 fluijt
2986 3667 3097 3714 naer
3123 3664 3314 3712 Negombo
3340 3659 3396 3708 en

1350 3796 1537 3849 Columbo
1562 3793 1643 3840 ten
1668 3791 1855 3838 dienste
1880 3789 2014 3835 vande
2040 3788 2094 3834 E.
2120 3788 2359 3833 Compagnie
2384 3783 2651 3833 verseijlde
2677 3780 2809 3827 sulcx
2835 3778 2942 3825 tden
2967 3777 3075 3823 rijs
3100 3770 3260 3821 aldaer

1340 3910 1500 3960 gelost
1524 3904 1658 3954 synde
1682 3902 1737 3948 op
1763 3902 1816 3947 6.
1842 3901 1868 3946 e
1894 3900 2105 3946 december
2132 3899 2264 3946 weder
2290 3898 2369 3944 van
2395 3897 2501 3943 daer
2527 3893 2607 3941 mes
2632 3888 2818 3937 'sdacht
2841 3881 3002 3932 kunnen
3027 3878 3107 3925 syn
3133 3878 3346 3926 afscheyt
3370 3882 3397 3928 —

1341 4014 1527 4064 nemende
1552 4012 1632 4059 den
1658 4012 1711 4057 1.
1738 4011 1791 4057 en
1815 4003 2239 4055 Voortoutecourijn
2265 3999 2503 4048 vervielen
2529 3999 2582 4044 en
2608 3997 2793 4044 savonts
2819 3995 2925 4041 voor
2951 3988 3215 4040 Caijepatam
3240 3987 3322 4035 ten
3345 3992 3378 4040 —

1345 4125 1509 4174 ancker
1535 4121 1672 4169 quam,
1699 4118 1809 4166 omme
1834 4113 2108 4162 doenelijck
2135 4112 2300 4158 sijnde
2326 4112 2381 4158 't
2407 4110 2544 4155 selve
2570 4108 2708 4155 weder
2734 4106 2817 4151 met
2843 4102 2953 4150 rijs
2980 4096 3171 4146 teladen
3198 4093 3315 4141 doch

1341 4229 1606 4285 aengesien,
1629 4225 1710 4273 den
1735 4223 1840 4269 rijs
1865 4221 1919 4268 't
1944 4212 2232 4265 gepasseerde
2258 4212 2467 4258 saijsoen
2492 4212 2624 4258 meest
2650 4210 2807 4256 sonder
2832 4205 2964 4254 regen
2988 4201 3146 4249 doord'
3172 4196 3329 4245 groote

1349 4332 1476 4382 hitte
1500 4326 1750 4377 verstickt,
1774 4323 2049 4371 verdrooght,
2070 4320 2124 4368 en
2148 4315 2398 4364 dienvolgen
2423 4314 2522 4360 niet
2547 4312 2772 4359 opgecomen
2797 4309 2872 4357 dE,
2895 4306 2996 4353 ende
3020 4304 3221 4351 daerdeur
3245 4299 3346 4348 seer

1357 4421 1576 4470 verdiedt
1601 4418 1685 4465 was
1710 4414 1848 4463 konde
1875 4413 2012 4459 sulcx
2037 4410 2147 4457 niet
2173 4407 2476 4455 geschieden,

1879 1285 1933 1337 -

2985 4475 3128 4527 n
