<?xml version="1.0" encoding="UTF-8"?>
<PcGts xmlns="http://schema.primaresearch.org/PAGE/gts/pagecontent/2013-07-15">
  <Metadata externalRef="39414cd5-d887-4c91-9d65-1c59f2f3acc4">
    <Creator>Laypa</Creator>
    <Created>2023-09-08T02:22:19</Created>
    <LastChange>2023-09-08T03:38:15</LastChange>
    <Comment>license: CC0</Comment>
    <MetadataItem type="processingStep" name="layout-analysis" value="laypa">
      <Labels>
        <Label value="228a7d24385cff0e51687c00d0e65a2c2a9703d5" type="githash"/>
        <Label value="61334eb4-edff-4af5-b036-b5927f35bbcf" type="uuid"/>
        <Label value="https://hdl.handle.net/10622/VMSCBR" type="laypamodelremote"/>
      </Labels>
    </MetadataItem>
    <MetadataItem type="processingStep" name="region-analysis" value="laypa">
      <Labels>
        <Label value="0a3442b4-835c-44bc-9115-3fd08263a5dc" type="uuid"/>
        <Label value="https://hdl.handle.net/10622/DMAS2T" type="laypamodelremote"/>
      </Labels>
    </MetadataItem>
    <MetadataItem type="processingStep" name="htr" value="loghi-htr">
      <Labels>
        <Label value="9efb3e0ff4338dc6e07d110ac4d435f27f5b0e16&#10;" type="githash"/>
        <Label value="3a9bdaa3-493c-483e-bbb2-f51961b8e5a0" type="uuid"/>
        <Label value="64" type="batch_size"/>
        <Label value="https://hdl.handle.net/10622/X2JZYY" type="loghihtrmodelremote"/>
      </Labels>
    </MetadataItem>
    <MetadataItem type="processingStep" name="word-splitting" value="loghi-htr-tooling"/>
    <MetadataItem type="other" name="dataset" value="https://hdl.handle.net/10622/LVXSBW">
      <Labels>
        <Label value="VOC transcriptions v2 - GLOBALISE" type="name"/>
        <Label value="Dataset in pagexml and txt format, including data card." type="description"/>
        <Label value="https://globalise.huygens.knaw.nl/" type="creator"/>
        <Label value="https://hdl.handle.net/10622/LVXSBW" type="url"/>
      </Labels>
    </MetadataItem>
  </Metadata>
  <Page imageFilename="NL-HaNA_1.04.02_1161_0526.jpg" imageWidth="3567" imageHeight="4883">
    <ReadingOrder>
      <OrderedGroup id="orderedgroup_00c0b578-8498-4e4f-b380-0da396c7da57">
        <RegionRefIndexed index="0" regionRef="region_6539aa7d-b1e8-41fb-a159-662c1c754cb5_9"/>
        <RegionRefIndexed index="1" regionRef="region_e4cf3612-b7d7-4bfb-b8a7-45f46e603f57_8"/>
        <RegionRefIndexed index="2" regionRef="region_7c32959f-aacd-40ac-be24-c9144ec2f3ec_4"/>
        <RegionRefIndexed index="3" regionRef="region_fa17391a-1f4e-4c67-b3e0-ac8617f3fb36_2"/>
        <RegionRefIndexed index="4" regionRef="region_20a251ad-d66e-486f-a873-7aa2c3a531bf_1"/>
        <RegionRefIndexed index="5" regionRef="region_6b9c7cdd-d299-4103-ab5c-bcab03a20800_3"/>
        <RegionRefIndexed index="6" regionRef="region_7f2c8c97-0b6a-436b-a2fb-6e0d42d95fee_6"/>
        <RegionRefIndexed index="7" regionRef="region_a9f6f6ce-3cc7-47f9-929a-7e9b4a36a3f7_5"/>
        <RegionRefIndexed index="8" regionRef="region_1f30e384-fdb2-4b26-a3eb-04835633e951_7"/>
      </OrderedGroup>
    </ReadingOrder>
    <TextRegion id="region_6539aa7d-b1e8-41fb-a159-662c1c754cb5_9" custom="structure {type:marginalia;}">
      <Coords points="1143,2957 1132,2947 1115,2947 1111,2950 1104,2950 1101,2953 1090,2953 1087,2957 1080,2957 1076,2960 1073,2960 1069,2964 1066,2964 1062,2967 1059,2967 1055,2971 1052,2971 1049,2974 1042,2974 1038,2978 1024,2978 1021,2981 1007,2981 989,2999 986,2999 982,3002 979,3002 975,3006 972,3006 968,3009 965,3009 961,3013 954,3013 951,3016 958,3023 961,3023 965,3027 979,3027 982,3023 1003,3023 1007,3027 1010,3027 1014,3023 1017,3023 1021,3020 1028,3020 1031,3016 1062,3016 1066,3013 1076,3013 1080,3009 1090,3009 1094,3006 1101,3006 1104,3002 1108,3002 1111,2999 1118,2999 1136,2981 1136,2978 1139,2974 1139,2971 1143,2967"/>
    </TextRegion>
    <TextRegion id="region_e4cf3612-b7d7-4bfb-b8a7-45f46e603f57_8" custom="structure {type:marginalia;}">
      <Coords points="1167,3542 1163,3539 1132,3539 1129,3535 1118,3535 1115,3539 1104,3539 1101,3542 1083,3542 1080,3546 1059,3546 1055,3549 1045,3549 1042,3553 1035,3553 1031,3556 1024,3556 1021,3560 1021,3566 1017,3570 1021,3573 1024,3573 1028,3577 1035,3577 1038,3580 1080,3580 1083,3584 1101,3584 1104,3587 1111,3587 1115,3584 1132,3584 1139,3577 1143,3577 1153,3566 1153,3563 1160,3556 1160,3553 1167,3546"/>
    </TextRegion>
    <TextRegion id="region_7c32959f-aacd-40ac-be24-c9144ec2f3ec_4" custom="structure {type:paragraph;}">
      <Coords points="1261,724 1219,763 1219,784 1198,822 1202,888 1226,968 1223,1014 1251,1125 1247,1344 1237,1393 1230,1560 1251,1620 1254,1710 1251,1794 1219,1999 1219,2184 1240,2316 1244,2407 1237,2501 1195,2556 1198,2581 1237,2630 1258,2745 1247,2905 1226,2985 1244,3406 1258,3462 1188,3528 1184,3546 1230,3580 1317,3584 1348,3570 1519,3549 1804,3532 2271,3525 3006,3525 3156,3532 3278,3525 3330,3511 3351,3472 3344,3434 3344,3270 3355,3239 3355,3204 3348,3180 3341,2988 3355,2692 3337,2647 3337,2591 3323,2515 3334,2334 3330,2233 3341,2177 3334,1891 3341,1780 3330,1741 3334,1668 3320,1637 3316,1602 3323,1553 3355,1515 3348,1456 3358,1442 3365,1376 3389,1320 3393,1236 3386,1216 3382,1097 3393,1059 3386,916 3403,805 3400,773 3372,735 3327,717 3222,717 3156,707 2592,714 2505,704 2149,700 2121,707 2066,704 1951,714 1501,728 1414,721"/>
      <TextLine id="line_8270f0f6-5e86-4a06-9d69-97c18d66c2fb">
        <Coords points="1219,552 1501,547 1561,579 1637,654 1912,655 1940,646 2048,646 2116,650 2124,658 2160,662 2304,662 2348,706 2416,707 2484,647 2812,634 3083,638 3103,654 3187,654 3247,711 3420,710 3420,794 3407,805 2955,809 2935,829 2919,817 2660,821 2632,796 2448,801 2008,792 1848,797 1840,805 1525,804 1433,889 1349,884 1335,873 1219,892"/>
        <Baseline points="1260,774 1310,778 1360,778 1410,779 1460,778 1510,779 1560,779 1610,777 1660,776 1710,776 1760,776 1810,774 1860,773 1910,773 1960,774 2010,777 2060,780 2110,780 2160,778 2210,778 2260,776 2310,775 2360,774 2410,774 2460,776 2510,775 2560,772 2610,771 2660,771 2710,772 2760,772 2810,772 2860,774 2910,774 2960,775 3010,775 3060,775 3110,776 3160,774 3210,773 3260,773 3310,772 3360,773 3380,773"/>
        <Word id="word_02f8fe74-b524-456d-87f0-7f2b236a3aaf">
          <Coords points="1263,739 1313,743 1360,743 1411,744 1459,743 1511,744 1560,744 1609,742 1659,741 1684,741 1684,786 1660,786 1610,787 1560,789 1510,789 1460,788 1410,789 1360,788 1309,788 1259,784"/>
          <TextEquiv>
            <Unicode>astricum</Unicode>
          </TextEquiv>
        </Word>
        <Word id="word_d47eabca-39c7-40f6-adbb-66deabbe23d7">
          <Coords points="1737,741 1760,741 1809,739 1859,738 1910,738 1950,739 1949,784 1910,783 1860,783 1810,784 1760,786 1737,786"/>
          <TextEquiv>
            <Unicode>voor</Unicode>
          </TextEquiv>
        </Word>
        <Word id="word_5cc06ce8-f293-499e-be18-f2ad035a33bf">
          <Coords points="2011,741 2019,743 2062,745 2110,745 2159,743 2210,743 2259,741 2309,740 2359,739 2410,739 2427,740 2425,785 2410,784 2360,784 2310,785 2260,786 2210,788 2160,788 2110,790 2059,790 2007,787 1999,784"/>
          <TextEquiv>
            <Unicode>Batavia,</Unicode>
          </TextEquiv>
        </Word>
        <Word id="word_36afd8fa-2292-428a-b775-c16fafeb9c0b">
          <Coords points="2477,742 2508,740 2558,737 2609,736 2660,736 2711,737 2760,737 2810,737 2861,739 2910,739 2961,740 3010,740 3060,740 3062,740 3061,785 3060,785 3010,785 2960,785 2910,784 2860,784 2810,782 2760,782 2710,782 2660,781 2610,781 2561,782 2511,785 2479,787"/>
          <TextEquiv>
            <Unicode>namentlijck</Unicode>
          </TextEquiv>
        </Word>
        <Word id="word_18331258-2fa2-4182-aa5e-07584192e314">
          <Coords points="3113,741 3158,739 3209,738 3260,738 3309,737 3361,738 3380,738 3380,783 3360,783 3310,782 3260,783 3210,783 3160,784 3115,786"/>
          <TextEquiv>
            <Unicode>tmeer</Unicode>
          </TextEquiv>
        </Word>
        <TextEquiv conf="0.9053049066874507">
          <Unicode>astricum voor Batavia, namentlijck tmeer</Unicode>
        </TextEquiv>
        <TextStyle xHeight="54"/>
      </TextLine>
      <TextLine id="line_1fda7d78-00f4-47b4-980e-c7e897c5bdaa">
        <Coords points="1271,788 1297,797 1445,804 1840,805 1848,797 2008,792 2448,801 2632,796 2660,821 2919,818 2935,829 2955,812 3283,812 3291,819 3356,819 3356,902 3327,892 3239,892 2756,899 2718,907 2540,903 2468,907 2460,915 2072,906 1980,970 1900,969 1892,961 1813,966 1800,953 1357,950 1345,957 1338,950 1317,950 1271,986"/>
        <Baseline points="1312,895 1362,899 1412,901 1462,900 1512,899 1562,900 1612,900 1662,900 1712,900 1762,898 1812,897 1862,896 1912,896 1962,895 2012,895 2062,896 2112,896 2162,895 2212,894 2262,896 2312,896 2362,897 2412,897 2462,897 2512,897 2562,896 2612,895 2662,895 2712,895 2762,892 2812,890 2862,890 2912,889 2962,888 3012,887 3062,886 3112,885 3162,884 3212,885 3262,884 3312,881 3316,882"/>
        <Word id="word_d92760f4-2bf2-49b3-b1ca-0cec0fa32382">
          <Coords points="1315,860 1365,864 1413,866 1461,865 1511,864 1563,865 1612,865 1662,865 1663,865 1663,910 1662,910 1612,910 1562,910 1512,909 1462,910 1412,911 1361,909 1311,905"/>
          <TextEquiv>
            <Unicode>Gemelte</Unicode>
          </TextEquiv>
        </Word>
        <Word id="word_beb7e30c-e799-416e-bc7c-3e1c1b710b83">
          <Coords points="1711,865 1761,863 1811,862 1861,861 1912,861 1961,860 2012,860 2014,860 2013,905 2012,905 1962,905 1912,906 1862,906 1812,907 1762,908 1713,910"/>
          <TextEquiv>
            <Unicode>schip:</Unicode>
          </TextEquiv>
        </Word>
        <Word id="word_aa5e1569-5e70-429c-ab73-34dfd50f9ce8">
          <Coords points="2063,861 2112,861 2161,860 2211,859 2215,859 2213,904 2212,904 2162,905 2112,906 2064,906"/>
          <TextEquiv>
            <Unicode>VE:</Unicode>
          </TextEquiv>
        </Word>
        <Word id="word_e59881d4-b937-4f2b-88a5-d31033aedc85">
          <Coords points="2264,861 2312,861 2363,862 2412,862 2462,862 2512,862 2561,861 2611,860 2662,860 2712,860 2713,860 2716,905 2712,905 2662,905 2612,905 2562,906 2512,907 2462,907 2412,907 2362,907 2312,906 2264,906"/>
          <TextEquiv>
            <Unicode>Amsterdam</Unicode>
          </TextEquiv>
        </Word>
        <Word id="word_0c7d5e70-57c6-4e54-81dc-e20db9074a9d">
          <Coords points="2764,857 2811,855 2862,855 2911,854 2915,854 2916,899 2912,899 2862,900 2812,900 2765,902"/>
          <TextEquiv>
            <Unicode>met</Unicode>
          </TextEquiv>
        </Word>
        <Word id="word_934bbf71-3f93-4aea-a498-cbdeadb01f43">
          <Coords points="2965,853 3011,852 3061,851 3111,850 3161,849 3167,849 3166,894 3162,894 3112,895 3062,896 3012,897 2966,898"/>
          <TextEquiv>
            <Unicode>alle</Unicode>
          </TextEquiv>
        </Word>
        <Word id="word_091c3381-2971-4822-8c4d-142f777b58b2">
          <Coords points="3215,850 3261,849 3310,846 3324,848 3314,892 3313,891 3262,894 3216,895"/>
          <TextEquiv>
            <Unicode>de</Unicode>
          </TextEquiv>
        </Word>
        <TextEquiv conf="0.8748453788160588">
          <Unicode>Gemelte schip: VE: Amsterdam met alle de</Unicode>
        </TextEquiv>
        <TextStyle xHeight="39"/>
      </TextLine>
      <TextLine id="line_79423caf-bcae-4d99-9164-bd6aae88a331">
        <Coords points="1211,1010 1269,990 1313,950 1349,945 1365,953 1799,953 1812,966 1892,961 1900,969 1976,970 2040,913 2131,913 2148,929 2495,930 2527,918 2683,914 2691,906 2759,906 2779,898 3270,894 3317,890 3338,869 3358,869 3435,933 3435,1017 3418,1024 3007,1018 2924,1030 2639,1030 2623,1018 1980,1019 1972,1027 1529,1030 1497,1042 1211,1042"/>
        <Baseline points="1252,1016 1302,1015 1352,1013 1402,1013 1452,1011 1502,1011 1552,1010 1602,1010 1652,1007 1702,1004 1752,1004 1802,1003 1852,1003 1902,1001 1952,1001 2002,1001 2052,1001 2102,1001 2152,1002 2202,1002 2252,1002 2302,1002 2352,1001 2402,1001 2452,1000 2502,1000 2552,1000 2602,998 2652,997 2702,997 2752,996 2802,996 2852,994 2902,994 2952,993 3002,993 3052,993 3102,993 3152,994 3202,994 3252,995 3302,997 3352,998 3395,997"/>
        <Word id="word_bf9e53c0-99c1-4690-a9ab-0fa1e8c4ddd8">
          <Coords points="1251,981 1301,980 1351,978 1402,978 1451,976 1502,976 1534,975 1535,1020 1502,1021 1452,1021 1402,1023 1352,1023 1302,1025 1252,1026"/>
          <TextEquiv>
            <Unicode>gereede</Unicode>
          </TextEquiv>
        </Word>
        <Word id="word_c9494fd7-22b9-4b56-bcce-956c1c3c13ba">
          <Coords points="1576,975 1603,975 1650,972 1700,969 1752,969 1801,968 1852,968 1901,966 1952,966 2002,966 2052,966 2102,966 2153,967 2182,967 2182,1012 2152,1012 2102,1011 2052,1011 2002,1011 1952,1011 1902,1011 1852,1013 1802,1013 1752,1014 1703,1014 1653,1017 1602,1020 1575,1020"/>
          <TextEquiv>
            <Unicode>poeijersuijcker</Unicode>
          </TextEquiv>
        </Word>
        <Word id="word_07ffd23c-e4ba-4a28-abf4-6aae249231cb">
          <Coords points="2222,967 2252,967 2302,967 2351,966 2384,966 2384,1011 2352,1011 2302,1012 2252,1012 2222,1012"/>
          <TextEquiv>
            <Unicode>ende</Unicode>
          </TextEquiv>
        </Word>
        <Word id="word_4112540a-e89d-46b9-8a82-7fcb670cdc65">
          <Coords points="2423,966 2451,965 2502,965 2552,965 2585,964 2587,1009 2552,1010 2502,1010 2452,1010 2425,1011"/>
          <TextEquiv>
            <Unicode>lacq</Unicode>
          </TextEquiv>
        </Word>
        <Word id="word_65f10fa6-d63a-4625-8dac-35e4d0f619f3">
          <Coords points="2627,962 2652,962 2702,962 2751,961 2802,961 2827,960 2829,1005 2802,1006 2752,1006 2702,1007 2652,1007 2627,1007"/>
          <TextEquiv>
            <Unicode>medio</Unicode>
          </TextEquiv>
        </Word>
        <Word id="word_2ab158e6-d68e-4232-9bf2-5a50b80af648">
          <Coords points="2870,958 2903,959 2951,958 3002,958 3052,958 3102,958 3153,959 3193,959 3193,1004 3152,1004 3102,1003 3052,1003 3002,1003 2952,1003 2902,1004 2869,1003"/>
          <TextEquiv>
            <Unicode>decemb=r</Unicode>
          </TextEquiv>
        </Word>
        <Word id="word_1069508a-b0aa-4380-9311-3df110b37e20">
          <Coords points="3235,959 3254,960 3303,962 3353,963 3394,962 3395,1007 3352,1008 3302,1007 3251,1005 3233,1004"/>
          <TextEquiv>
            <Unicode>naer</Unicode>
          </TextEquiv>
        </Word>
        <TextEquiv conf="0.9303704330922793">
          <Unicode>gereede poeijersuijcker ende lacq medio decemb=r naer</Unicode>
        </TextEquiv>
        <TextStyle xHeight="38"/>
      </TextLine>
      <TextLine id="line_7e4938f0-a297-44e2-837c-5d96d1d6db76">
        <Coords points="1210,1041 1496,1041 1504,1033 1568,1028 1971,1029 1983,1020 2623,1020 2639,1029 3154,1024 3274,1028 3314,1068 3387,1069 3387,1152 3377,1153 2831,1153 2811,1161 2655,1165 2215,1156 1572,1156 1536,1189 1210,1189"/>
        <Baseline points="1251,1137 1301,1138 1351,1137 1401,1136 1451,1134 1501,1133 1551,1134 1601,1133 1651,1132 1701,1132 1751,1132 1801,1132 1851,1132 1901,1132 1951,1131 2001,1131 2051,1130 2101,1129 2151,1129 2201,1129 2251,1128 2301,1128 2351,1130 2401,1128 2451,1128 2501,1128 2551,1128 2601,1129 2651,1128 2701,1128 2751,1129 2801,1129 2851,1130 2901,1131 2951,1130 3001,1131 3051,1131 3101,1130 3151,1130 3201,1130 3251,1130 3301,1130 3347,1132"/>
        <Word id="word_9b14876e-2aaf-41a5-a84b-234ad0f8841d">
          <Coords points="1252,1102 1302,1103 1350,1102 1400,1101 1450,1099 1500,1098 1552,1099 1600,1098 1650,1097 1701,1097 1751,1097 1775,1097 1775,1142 1751,1142 1701,1142 1651,1142 1601,1143 1551,1144 1501,1143 1451,1144 1401,1146 1351,1147 1301,1148 1251,1147"/>
          <TextEquiv>
            <Unicode>masulijpatam</Unicode>
          </TextEquiv>
        </Word>
        <Word id="word_f0442307-39f5-49bb-99dd-d62f2616b7e4">
          <Coords points="1819,1097 1851,1097 1901,1097 1950,1096 1993,1096 1993,1141 1951,1141 1901,1142 1851,1142 1819,1142"/>
          <TextEquiv>
            <Unicode>omme</Unicode>
          </TextEquiv>
        </Word>
        <Word id="word_c7e82405-c1b7-4763-b06c-6c614145f2f2">
          <Coords points="2035,1096 2049,1095 2100,1094 2151,1094 2168,1094 2168,1139 2151,1139 2101,1139 2052,1140 2038,1141"/>
          <TextEquiv>
            <Unicode>van</Unicode>
          </TextEquiv>
        </Word>
        <Word id="word_f017ac04-b299-458c-9c32-66a8195db079">
          <Coords points="2211,1094 2250,1093 2301,1093 2352,1095 2385,1094 2387,1139 2351,1140 2301,1138 2251,1138 2212,1139"/>
          <TextEquiv>
            <Unicode>daer</Unicode>
          </TextEquiv>
        </Word>
        <Word id="word_de27674e-46d7-4288-8de7-9a17e871262f">
          <Coords points="2432,1092 2453,1093 2501,1093 2517,1093 2517,1138 2501,1138 2450,1138 2429,1137"/>
          <TextEquiv>
            <Unicode>d'</Unicode>
          </TextEquiv>
        </Word>
        <Word id="word_0475020d-8c16-4d55-8eb7-c85e0d11a4cf">
          <Coords points="2562,1093 2602,1094 2650,1093 2701,1093 2752,1094 2801,1094 2852,1095 2867,1095 2866,1140 2851,1140 2801,1139 2751,1139 2701,1138 2651,1138 2601,1139 2561,1138"/>
          <TextEquiv>
            <Unicode>Cleeden</Unicode>
          </TextEquiv>
        </Word>
        <Word id="word_75a49750-9431-46ba-9522-7909c3328389">
          <Coords points="2909,1096 2950,1095 3002,1096 3041,1096 3041,1141 3001,1141 2951,1140 2911,1141"/>
          <TextEquiv>
            <Unicode>als</Unicode>
          </TextEquiv>
        </Word>
        <Word id="word_0d04f0e8-ff4b-4e62-9468-49d6baae6246">
          <Coords points="3083,1096 3099,1095 3151,1095 3201,1095 3251,1095 3301,1095 3348,1097 3346,1142 3301,1140 3251,1140 3201,1140 3151,1140 3102,1140 3086,1141"/>
          <TextEquiv>
            <Unicode>anders</Unicode>
          </TextEquiv>
        </Word>
        <TextEquiv conf="0.9557060480677749">
          <Unicode>masulijpatam omme van daer d' Cleeden als anders</Unicode>
        </TextEquiv>
        <TextStyle xHeight="45"/>
      </TextLine>
      <TextLine id="ffb6e5ea-2e35-4f7c-8bd2-2b1736abb09f">
        <Coords points="1221,1190 1503,1194 1535,1190 1575,1154 2059,1154 2462,1165 3002,1165 3034,1189 3338,1189 3398,1193 3419,1209 3450,1178 3463,1175 3463,1258 3442,1258 3406,1283 2774,1284 2758,1275 2682,1275 2654,1296 2619,1300 2211,1304 2091,1304 2075,1291 1783,1283 1768,1295 1699,1308 1683,1308 1667,1295 1411,1295 1403,1287 1371,1287 1328,1327 1315,1328 1263,1380 1221,1376"/>
        <Baseline points="1262,1267 1312,1266 1362,1265 1412,1262 1462,1260 1512,1260 1562,1259 1612,1258 1662,1256 1712,1255 1762,1255 1812,1255 1862,1254 1912,1255 1962,1253 2012,1253 2062,1253 2112,1251 2162,1251 2212,1250 2262,1250 2312,1249 2362,1249 2412,1249 2462,1249 2512,1249 2562,1248 2612,1247 2662,1245 2712,1245 2762,1244 2812,1243 2862,1241 2912,1240 2962,1240 3012,1239 3062,1240 3112,1241 3162,1240 3212,1239 3262,1238 3312,1238 3362,1239 3412,1239 3423,1238"/>
        <Word id="word_0f94efb6-20b3-4103-b337-3b123f985e0c">
          <Coords points="1261,1232 1311,1231 1361,1230 1410,1227 1461,1225 1512,1225 1561,1224 1611,1223 1635,1222 1636,1267 1612,1268 1562,1269 1512,1270 1462,1270 1413,1272 1362,1275 1312,1276 1262,1277"/>
          <TextEquiv>
            <Unicode>jngenomen</Unicode>
          </TextEquiv>
        </Word>
        <Word id="word_19d679d5-1a76-4d31-89c2-41063e97890e">
          <Coords points="1677,1220 1712,1220 1762,1220 1812,1220 1861,1219 1913,1220 1961,1218 2010,1218 2010,1263 1962,1263 1912,1265 1862,1264 1812,1265 1762,1265 1712,1265 1678,1265"/>
          <TextEquiv>
            <Unicode>hebbende</Unicode>
          </TextEquiv>
        </Word>
        <Word id="word_62d091a1-95ed-40bb-b272-1d6cf250e32b">
          <Coords points="2052,1218 2062,1218 2111,1216 2162,1216 2211,1215 2262,1215 2300,1214 2301,1259 2262,1260 2212,1260 2162,1261 2112,1261 2062,1263 2052,1263"/>
          <TextEquiv>
            <Unicode>voorts</Unicode>
          </TextEquiv>
        </Word>
        <Word id="word_5c62d8db-0840-4ab1-a3a8-c30516ed9c77">
          <Coords points="2344,1213 2363,1214 2412,1214 2462,1214 2509,1214 2509,1259 2462,1259 2412,1259 2362,1259 2342,1258"/>
          <TextEquiv>
            <Unicode>naer</Unicode>
          </TextEquiv>
        </Word>
        <Word id="word_70a8a969-98c9-4de3-a08f-4cfd62c60926">
          <Coords points="2547,1214 2559,1213 2611,1212 2661,1210 2712,1210 2761,1209 2799,1208 2800,1253 2762,1254 2712,1255 2662,1255 2612,1257 2563,1258 2551,1259"/>
          <TextEquiv>
            <Unicode>persia</Unicode>
          </TextEquiv>
        </Word>
        <Word id="word_fa615fc8-37cb-41ec-af4e-e5cd091c42a0">
          <Coords points="2839,1207 2860,1206 2911,1205 2962,1205 3011,1204 3063,1205 3113,1206 3161,1205 3211,1204 3261,1203 3312,1203 3363,1204 3412,1204 3420,1203 3424,1248 3412,1249 3362,1249 3312,1248 3262,1248 3212,1249 3162,1250 3112,1251 3062,1250 3012,1249 2962,1250 2912,1250 2863,1251 2842,1252"/>
          <TextEquiv>
            <Unicode>gedespecheert,</Unicode>
          </TextEquiv>
        </Word>
        <TextEquiv conf="0.9253487057179092">
          <Unicode>jngenomen hebbende voorts naer persia gedespecheert,</Unicode>
        </TextEquiv>
        <TextStyle xHeight="43"/>
      </TextLine>
      <TextLine id="line_33355da9-8e21-4bd7-89c0-aa2c6df33c64">
        <Coords points="1213,1376 1251,1376 1259,1383 1315,1328 1327,1327 1371,1287 1403,1287 1411,1295 1667,1295 1683,1308 1767,1295 1782,1283 2074,1291 2090,1304 2210,1304 2619,1300 2654,1296 2674,1276 2757,1275 2786,1299 3155,1300 3163,1293 3169,1299 3329,1299 3357,1324 3373,1324 3407,1304 3415,1311 3430,1305 3430,1388 3406,1365 3389,1378 2854,1378 2746,1382 2714,1394 2302,1390 2155,1445 2118,1413 2078,1414 2054,1430 2006,1434 1755,1434 1720,1402 1659,1402 1647,1410 1263,1410 1213,1457"/>
        <Baseline points="1254,1400 1304,1399 1354,1397 1404,1395 1454,1396 1504,1394 1554,1394 1604,1394 1654,1394 1704,1393 1754,1391 1804,1390 1854,1389 1904,1388 1954,1386 2004,1385 2054,1386 2104,1384 2154,1383 2204,1380 2254,1378 2304,1378 2354,1377 2404,1375 2454,1374 2504,1373 2554,1372 2604,1370 2654,1368 2704,1367 2754,1366 2804,1367 2854,1367 2904,1366 2954,1366 3004,1367 3054,1367 3104,1366 3154,1365 3204,1364 3254,1365 3304,1368 3354,1368 3390,1368"/>
        <Word id="word_f7668099-0ca4-4ad8-bd47-83386099f323">
          <Coords points="1253,1365 1303,1364 1343,1362 1345,1407 1304,1409 1254,1410"/>
          <TextEquiv>
            <Unicode>te</Unicode>
          </TextEquiv>
        </Word>
        <Word id="word_3dc9dfab-e0d2-4613-a4b0-7337806d028a">
          <Coords points="1389,1361 1403,1360 1455,1361 1503,1359 1554,1359 1604,1359 1654,1359 1703,1358 1707,1358 1709,1403 1704,1403 1654,1404 1604,1404 1554,1404 1504,1404 1454,1406 1404,1405 1391,1406"/>
          <TextEquiv>
            <Unicode>werden,</Unicode>
          </TextEquiv>
        </Word>
        <Word id="word_1aa4b355-332f-4596-b377-8cd06f97b792">
          <Coords points="1753,1356 1753,1356 1803,1355 1853,1354 1903,1353 1953,1351 2003,1350 2055,1351 2103,1349 2153,1348 2202,1345 2253,1343 2299,1343 2299,1388 2254,1388 2205,1390 2154,1393 2104,1394 2054,1396 2004,1395 1954,1396 1904,1398 1854,1399 1804,1400 1754,1401 1754,1401"/>
          <TextEquiv>
            <Unicode>tfluijtschip</Unicode>
          </TextEquiv>
        </Word>
        <Word id="word_22267422-c3d0-48a0-a099-a2cb943f5b75">
          <Coords points="2341,1343 2350,1342 2403,1340 2453,1339 2503,1338 2553,1337 2603,1335 2653,1333 2703,1332 2753,1331 2800,1332 2799,1377 2754,1376 2704,1377 2654,1378 2604,1380 2554,1382 2504,1383 2454,1384 2404,1385 2355,1387 2346,1388"/>
          <TextEquiv>
            <Unicode>heemsteede</Unicode>
          </TextEquiv>
        </Word>
        <Word id="word_d9a38183-c46b-4909-9975-cd20f172e44b">
          <Coords points="2842,1333 2851,1332 2903,1331 2954,1331 3005,1332 3054,1332 3103,1331 3153,1330 3162,1330 3163,1375 3154,1375 3104,1376 3054,1377 3004,1377 2954,1376 2904,1376 2855,1377 2845,1378"/>
          <TextEquiv>
            <Unicode>omtrent</Unicode>
          </TextEquiv>
        </Word>
        <Word id="word_5f53c9ad-b1e4-4943-be1f-73a8ac2dcf2f">
          <Coords points="3209,1329 3255,1330 3306,1333 3354,1333 3390,1333 3390,1378 3354,1378 3303,1378 3254,1375 3208,1374"/>
          <TextEquiv>
            <Unicode>25en</Unicode>
          </TextEquiv>
        </Word>
        <TextEquiv conf="0.8608190106075115">
          <Unicode>te werden, tfluijtschip heemsteede omtrent 25en</Unicode>
        </TextEquiv>
        <TextStyle xHeight="38"/>
      </TextLine>
      <TextLine id="ff2ee80c-74aa-4b4f-a9b5-964e412471d8">
        <Coords points="1182,1478 1204,1466 1260,1410 1648,1410 1660,1402 1717,1402 1752,1434 2008,1434 2052,1430 2080,1414 2116,1413 2136,1433 2164,1442 2220,1418 2252,1414 2299,1390 2543,1389 2659,1398 2995,1393 3003,1401 3243,1409 3263,1425 3275,1425 3295,1445 3340,1446 3340,1529 2987,1526 2943,1543 2863,1543 2835,1566 2655,1565 2647,1557 1721,1550 1708,1558 1696,1552 1356,1550 1182,1562"/>
        <Baseline points="1223,1552 1273,1546 1323,1541 1373,1536 1423,1533 1473,1529 1523,1526 1573,1520 1623,1519 1673,1518 1723,1518 1773,1517 1823,1515 1873,1514 1923,1513 1973,1512 2023,1511 2073,1511 2123,1512 2173,1512 2223,1511 2273,1511 2323,1511 2373,1509 2423,1509 2473,1509 2523,1509 2573,1510 2623,1511 2673,1512 2723,1512 2773,1511 2823,1511 2873,1511 2923,1510 2973,1510 3023,1510 3073,1509 3123,1510 3173,1510 3223,1510 3273,1509 3300,1509"/>
        <Word id="word_d94971cb-3b59-42ec-974b-01747185d1c5">
          <Coords points="1219,1517 1269,1511 1320,1506 1370,1501 1421,1498 1470,1494 1521,1491 1569,1485 1622,1484 1656,1483 1657,1528 1623,1529 1574,1530 1524,1536 1474,1539 1424,1543 1374,1546 1324,1551 1274,1556 1224,1562"/>
          <TextEquiv>
            <Unicode>Dechtever</Unicode>
          </TextEquiv>
        </Word>
        <Word id="word_ecea9819-3ecf-4558-968a-e7ee6a685083">
          <Coords points="1706,1482 1724,1483 1772,1482 1822,1480 1872,1479 1922,1478 1972,1477 1994,1477 1995,1522 1973,1522 1923,1523 1873,1524 1823,1525 1773,1527 1723,1528 1705,1527"/>
          <TextEquiv>
            <Unicode>maendt</Unicode>
          </TextEquiv>
        </Word>
        <Word id="word_7dff85cf-6a69-4f93-a109-2a51bf1756e9">
          <Coords points="2044,1476 2073,1476 2124,1477 2173,1477 2222,1476 2273,1476 2323,1476 2372,1474 2423,1474 2473,1474 2523,1474 2527,1474 2526,1519 2523,1519 2473,1519 2423,1519 2373,1519 2323,1521 2273,1521 2223,1521 2173,1522 2123,1522 2073,1521 2043,1521"/>
          <TextEquiv>
            <Unicode>adriocture</Unicode>
          </TextEquiv>
        </Word>
        <Word id="word_7daa3c22-46c2-42aa-b1de-b4faa0971ece">
          <Coords points="2576,1475 2624,1476 2674,1477 2723,1477 2768,1476 2768,1521 2723,1522 2673,1522 2623,1521 2575,1520"/>
          <TextEquiv>
            <Unicode>ende</Unicode>
          </TextEquiv>
        </Word>
        <Word id="word_1d637bb9-1524-4fe3-881c-f58c04c63412">
          <Coords points="2821,1475 2828,1476 2873,1476 2922,1475 2973,1475 3023,1475 3072,1474 3107,1475 3106,1520 3073,1519 3023,1520 2973,1520 2923,1520 2873,1521 2822,1521 2815,1520"/>
          <TextEquiv>
            <Unicode>tjacht</Unicode>
          </TextEquiv>
        </Word>
        <Word id="word_db5f1135-7892-40a3-b13e-b1d6c2251f82">
          <Coords points="3154,1476 3172,1475 3223,1475 3272,1474 3300,1474 3300,1519 3273,1519 3223,1520 3173,1520 3155,1521"/>
          <TextEquiv>
            <Unicode>Lis</Unicode>
          </TextEquiv>
        </Word>
        <TextEquiv conf="0.8927755363013131">
          <Unicode>Dechtever maendt adriocture ende tjacht Lis</Unicode>
        </TextEquiv>
        <TextStyle xHeight="52"/>
      </TextLine>
      <TextLine id="line_6d8c4406-4ab6-4860-b3ab-69d1864189dd">
        <Coords points="1214,1562 1384,1542 1480,1542 1500,1534 1517,1534 1536,1551 1696,1551 1704,1558 1729,1546 1736,1553 2363,1553 2835,1566 2855,1550 3320,1550 3320,1633 3231,1626 3219,1627 3202,1643 2979,1638 2927,1670 2883,1682 2671,1681 2619,1694 2248,1694 2236,1685 1992,1685 1948,1690 1940,1698 1460,1697 1412,1706 1214,1706"/>
        <Baseline points="1255,1664 1305,1662 1355,1662 1405,1662 1455,1661 1505,1659 1555,1659 1605,1657 1655,1656 1705,1653 1755,1651 1805,1650 1855,1648 1905,1647 1955,1646 2005,1644 2055,1643 2105,1642 2155,1642 2205,1640 2255,1639 2305,1639 2355,1640 2405,1640 2455,1640 2505,1639 2555,1638 2605,1636 2655,1637 2705,1637 2755,1634 2805,1631 2855,1629 2905,1628 2955,1628 3005,1627 3055,1623 3105,1621 3155,1618 3205,1617 3255,1616 3280,1613"/>
        <Word id="word_73f5e457-1eae-4607-87f1-eba0bc9a2707">
          <Coords points="1254,1629 1304,1627 1355,1627 1405,1627 1454,1626 1504,1624 1514,1624 1514,1669 1505,1669 1455,1671 1405,1672 1355,1672 1305,1672 1255,1674"/>
          <TextEquiv>
            <Unicode>nevens</Unicode>
          </TextEquiv>
        </Word>
        <Word id="word_51653dd6-a62a-40ab-8def-16ba48a971cf">
          <Coords points="1555,1624 1604,1622 1654,1621 1703,1618 1754,1616 1804,1615 1854,1613 1904,1612 1944,1611 1945,1656 1905,1657 1855,1658 1805,1660 1755,1661 1706,1663 1655,1666 1605,1667 1557,1669"/>
          <TextEquiv>
            <Unicode>tgaljoodt</Unicode>
          </TextEquiv>
        </Word>
        <Word id="word_b333bdb7-cf6b-484a-b09c-38c0b7bb5106">
          <Coords points="1985,1610 2002,1609 2054,1608 2073,1608 2074,1653 2055,1653 2006,1654 1988,1655"/>
          <TextEquiv>
            <Unicode>d'</Unicode>
          </TextEquiv>
        </Word>
        <Word id="word_32d1f099-5659-4594-b160-58cefff7ae43">
          <Coords points="2117,1607 2155,1607 2204,1605 2254,1604 2305,1604 2356,1605 2375,1605 2375,1650 2355,1650 2305,1649 2255,1649 2205,1650 2155,1652 2117,1652"/>
          <TextEquiv>
            <Unicode>Bracq,</Unicode>
          </TextEquiv>
        </Word>
        <Word id="word_63a02efb-fb2b-42a1-8083-a7c56f14d19f">
          <Coords points="2419,1605 2455,1605 2504,1604 2554,1603 2590,1602 2591,1647 2555,1648 2505,1649 2455,1650 2419,1650"/>
          <TextEquiv>
            <Unicode>ende</Unicode>
          </TextEquiv>
        </Word>
        <Word id="word_56eaffc1-d6fd-4742-b3c3-5ce0b41de3d6">
          <Coords points="2638,1600 2659,1602 2705,1602 2753,1599 2803,1596 2854,1594 2904,1593 2955,1593 3004,1592 3019,1591 3022,1636 3005,1637 2955,1638 2905,1638 2855,1639 2806,1641 2756,1644 2705,1647 2654,1647 2633,1645"/>
          <TextEquiv>
            <Unicode>d'Chaloup</Unicode>
          </TextEquiv>
        </Word>
        <Word id="word_c2cd0011-7012-49b1-b962-cbb70a56989c">
          <Coords points="3064,1587 3104,1586 3153,1583 3204,1582 3254,1581 3276,1578 3281,1623 3255,1626 3205,1627 3156,1628 3105,1631 3065,1632"/>
          <TextEquiv>
            <Unicode>Cleen</Unicode>
          </TextEquiv>
        </Word>
        <TextEquiv conf="0.8707499982857662">
          <Unicode>nevens tgaljoodt d' Bracq, ende d'Chaloup Cleen</Unicode>
        </TextEquiv>
        <TextStyle xHeight="45"/>
      </TextLine>
      <TextLine id="line_72f4f7ae-d231-41b6-8d15-dc219fbf3523">
        <Coords points="1196,1706 1410,1706 1458,1697 1938,1698 1946,1690 1992,1685 2238,1685 2250,1694 2618,1694 2670,1681 2882,1682 2926,1670 2974,1637 3281,1637 3359,1707 3359,1790 2606,1779 2598,1787 2522,1787 2470,1838 2354,1838 2306,1813 2214,1822 1526,1821 1438,1885 1426,1884 1394,1853 1196,1849"/>
        <Baseline points="1237,1788 1287,1785 1337,1785 1387,1781 1437,1778 1487,1776 1537,1775 1587,1776 1637,1776 1687,1774 1737,1772 1787,1772 1837,1771 1887,1770 1937,1769 1987,1768 2037,1769 2087,1769 2137,1768 2187,1767 2237,1767 2287,1766 2337,1765 2387,1765 2437,1763 2487,1763 2537,1764 2587,1765 2637,1765 2687,1764 2737,1763 2787,1761 2837,1762 2887,1762 2937,1762 2987,1763 3037,1761 3087,1762 3137,1762 3187,1765 3237,1767 3287,1769 3319,1770"/>
        <Word id="word_94ebc2a3-c9f7-4717-b7d9-9eaa81d5a8d0">
          <Coords points="1235,1753 1285,1750 1337,1750 1384,1746 1435,1743 1486,1741 1536,1740 1588,1741 1599,1741 1599,1786 1587,1786 1537,1785 1487,1786 1438,1788 1388,1791 1337,1795 1288,1795 1238,1798"/>
          <TextEquiv>
            <Unicode>pijpelij</Unicode>
          </TextEquiv>
        </Word>
        <Word id="word_d06980b4-33c0-4de6-b8fe-f45d87d8e4a3">
          <Coords points="1643,1741 1685,1739 1736,1737 1787,1737 1836,1736 1886,1735 1936,1734 1960,1734 1961,1779 1937,1779 1887,1780 1837,1781 1787,1782 1737,1782 1687,1784 1645,1786"/>
          <TextEquiv>
            <Unicode>omtrend</Unicode>
          </TextEquiv>
        </Word>
        <Word id="word_2da23ab3-d6d9-4280-a42c-23b0046d4f4c">
          <Coords points="2008,1733 2039,1734 2052,1734 2052,1779 2037,1779 2006,1778"/>
          <TextEquiv>
            <Unicode>t</Unicode>
          </TextEquiv>
        </Word>
        <Word id="word_4a9b3e42-fb32-4ed0-b6d6-871834afba7a">
          <Coords points="2096,1734 2136,1733 2186,1732 2187,1732 2187,1777 2187,1777 2137,1778 2097,1779"/>
          <TextEquiv>
            <Unicode>a8</Unicode>
          </TextEquiv>
        </Word>
        <Word id="word_55d4f0d0-c10a-4db8-a1be-0b32408bd3aa">
          <Coords points="2233,1732 2237,1732 2286,1731 2336,1730 2387,1730 2436,1728 2487,1728 2538,1729 2588,1730 2595,1730 2595,1775 2587,1775 2537,1774 2487,1773 2437,1773 2387,1775 2337,1775 2287,1776 2237,1777 2233,1777"/>
          <TextEquiv>
            <Unicode>Januarij</Unicode>
          </TextEquiv>
        </Word>
        <Word id="word_46665d7c-76bb-44f0-ac72-f10e9e8d5082">
          <Coords points="2639,1730 2686,1729 2736,1728 2786,1726 2838,1727 2887,1727 2937,1727 2988,1728 3036,1726 3088,1727 3093,1727 3093,1772 3087,1772 3037,1771 2987,1773 2937,1772 2887,1772 2837,1772 2787,1771 2737,1773 2687,1774 2640,1775"/>
          <TextEquiv>
            <Unicode>aenstaende</Unicode>
          </TextEquiv>
        </Word>
        <Word id="word_aa928564-fb17-418d-a004-5b8c37a97c16">
          <Coords points="3140,1727 3189,1730 3238,1732 3288,1734 3320,1735 3319,1780 3287,1779 3237,1777 3186,1775 3137,1772"/>
          <TextEquiv>
            <Unicode>over</Unicode>
          </TextEquiv>
        </Word>
        <TextEquiv conf="0.9373699046284065">
          <Unicode>pijpelij omtrend t a8 Januarij aenstaende over</Unicode>
        </TextEquiv>
        <TextStyle xHeight="46"/>
      </TextLine>
      <TextLine id="bc5025b0-d7b7-41f2-8008-a4e893b72590">
        <Coords points="1188,1848 1398,1855 1426,1883 1438,1884 1474,1852 1494,1852 1530,1816 2318,1815 2358,1840 2466,1840 2510,1799 2718,1799 2746,1827 2778,1840 3363,1840 3363,1923 3198,1921 3187,1913 3098,1917 3090,1925 3054,1925 2986,1952 2566,1947 1986,1960 1975,1967 1522,1964 1494,1992 1402,1996 1330,2039 1318,2030 1188,2030"/>
        <Baseline points="1229,1942 1279,1938 1329,1936 1379,1935 1429,1931 1479,1929 1529,1928 1579,1927 1629,1926 1679,1924 1729,1921 1779,1919 1829,1918 1879,1919 1929,1919 1979,1918 2029,1916 2079,1916 2129,1916 2179,1913 2229,1913 2279,1913 2329,1915 2379,1914 2429,1914 2479,1913 2529,1912 2579,1913 2629,1912 2679,1911 2729,1911 2779,1910 2829,1910 2879,1909 2929,1909 2979,1909 3029,1908 3079,1909 3129,1908 3179,1906 3229,1906 3279,1905 3323,1903"/>
        <Word id="word_18357181-f977-4503-bf57-b1f19041397d">
          <Coords points="1226,1907 1276,1903 1328,1901 1378,1900 1426,1896 1478,1894 1528,1893 1578,1892 1628,1891 1678,1889 1727,1886 1751,1885 1753,1930 1730,1931 1679,1934 1629,1936 1579,1937 1529,1938 1479,1939 1430,1941 1379,1945 1329,1946 1280,1948 1230,1952"/>
          <TextEquiv>
            <Unicode>masulijpatam</Unicode>
          </TextEquiv>
        </Word>
        <Word id="word_c2cf49a0-fdd1-4813-b0ac-9f5c1e45b853">
          <Coords points="1795,1883 1829,1883 1880,1884 1927,1884 1927,1929 1879,1929 1829,1928 1796,1928"/>
          <TextEquiv>
            <Unicode>met</Unicode>
          </TextEquiv>
        </Word>
        <Word id="word_5c66da9a-4eb9-44a3-a0dd-5cb5017e9086">
          <Coords points="1966,1884 1975,1883 2028,1881 2079,1881 2129,1881 2177,1878 2188,1878 2188,1923 2180,1923 2129,1926 2079,1926 2029,1926 1980,1928 1971,1929"/>
          <TextEquiv>
            <Unicode>rijst</Unicode>
          </TextEquiv>
        </Word>
        <Word id="word_aa1ec6bc-ee22-4cc2-9936-7b4ffef66279">
          <Coords points="2232,1878 2279,1878 2330,1880 2378,1879 2429,1879 2478,1878 2528,1877 2580,1878 2628,1877 2678,1876 2729,1876 2778,1875 2829,1875 2878,1874 2929,1874 2930,1874 2930,1919 2929,1919 2879,1919 2829,1920 2779,1920 2729,1921 2679,1921 2629,1922 2579,1923 2529,1922 2479,1923 2429,1924 2379,1924 2329,1925 2279,1923 2232,1923"/>
          <TextEquiv>
            <Unicode>ongeraffineerden</Unicode>
          </TextEquiv>
        </Word>
        <Word id="word_aa0a3a20-d6ea-48f5-8f05-c286754009cb">
          <Coords points="2974,1874 2979,1874 3028,1873 3080,1874 3128,1873 3178,1871 3229,1871 3278,1870 3321,1868 3323,1913 3279,1915 3229,1916 3179,1916 3129,1918 3079,1919 3029,1918 2979,1919 2974,1919"/>
          <TextEquiv>
            <Unicode>salpeter</Unicode>
          </TextEquiv>
        </Word>
        <TextEquiv conf="0.9200613996657724">
          <Unicode>masulijpatam met rijst ongeraffineerden salpeter</Unicode>
        </TextEquiv>
        <TextStyle xHeight="43"/>
      </TextLine>
      <TextLine id="line_40d10e73-dce3-4467-8760-92ee2cdff0d2">
        <Coords points="1185,2015 1322,2019 1347,2032 1387,2000 1483,1996 1519,1964 1975,1968 1983,1961 2642,1948 3222,1952 3294,1956 3310,1971 3387,1975 3385,2062 3174,2057 2978,2066 2622,2066 2590,2070 2582,2078 2546,2078 2522,2058 2502,2058 2467,2074 2454,2064 2434,2064 2406,2074 2255,2074 2183,2082 1627,2082 1587,2122 1507,2126 1399,2126 1379,2109 1315,2105 1185,2106"/>
        <Baseline points="1226,2081 1276,2078 1326,2076 1376,2073 1426,2071 1476,2069 1526,2067 1576,2064 1626,2061 1676,2061 1726,2059 1776,2056 1826,2054 1876,2052 1926,2051 1976,2051 2026,2050 2076,2047 2126,2045 2176,2044 2226,2043 2276,2042 2326,2043 2376,2043 2426,2044 2476,2042 2526,2041 2576,2039 2626,2038 2676,2038 2726,2038 2776,2038 2826,2038 2876,2038 2926,2039 2976,2040 3026,2040 3076,2038 3126,2038 3176,2038 3226,2037 3276,2036 3326,2036 3347,2039"/>
        <Word id="word_2e86997c-7eed-466e-a67e-80a92751e598">
          <Coords points="1224,2046 1274,2043 1325,2041 1365,2039 1368,2084 1326,2086 1277,2088 1227,2091"/>
          <TextEquiv>
            <Unicode>was</Unicode>
          </TextEquiv>
        </Word>
        <Word id="word_383d59e0-98f9-40c1-9816-f8310f48ab57">
          <Coords points="1415,2036 1427,2036 1475,2034 1525,2032 1574,2029 1624,2026 1650,2026 1650,2071 1627,2071 1577,2074 1526,2077 1476,2079 1426,2081 1414,2081"/>
          <TextEquiv>
            <Unicode>olij,</Unicode>
          </TextEquiv>
        </Word>
        <Word id="word_04838fb8-7eae-4e26-ab8d-05db52aa8715">
          <Coords points="1695,2026 1724,2024 1774,2021 1825,2019 1875,2017 1925,2016 1976,2016 2025,2015 2025,2015 2028,2060 2026,2060 1976,2061 1926,2061 1876,2062 1826,2064 1777,2066 1727,2069 1698,2071"/>
          <TextEquiv>
            <Unicode>Booter,</Unicode>
          </TextEquiv>
        </Word>
        <Word id="word_30dbaea8-5be7-49a7-b13d-ea206f33b68a">
          <Coords points="2072,2012 2074,2012 2125,2010 2175,2009 2225,2008 2275,2007 2310,2008 2310,2053 2276,2052 2226,2053 2176,2054 2126,2055 2077,2057 2075,2057"/>
          <TextEquiv>
            <Unicode>aracq</Unicode>
          </TextEquiv>
        </Word>
        <Word id="word_673ffef9-6113-4890-8e18-b18de3b624c2">
          <Coords points="2356,2009 2375,2008 2427,2009 2450,2008 2452,2053 2426,2054 2376,2053 2357,2054"/>
          <TextEquiv>
            <Unicode>@,</Unicode>
          </TextEquiv>
        </Word>
        <Word id="word_f0ab4be2-2cfb-4f77-a909-557ffa4a4916">
          <Coords points="2498,2006 2526,2006 2575,2004 2625,2003 2676,2003 2726,2003 2776,2003 2826,2003 2876,2003 2923,2004 2923,2049 2876,2048 2826,2048 2776,2048 2726,2048 2676,2048 2626,2048 2576,2049 2526,2051 2498,2051"/>
          <TextEquiv>
            <Unicode>herwaerts</Unicode>
          </TextEquiv>
        </Word>
        <Word id="word_eafc39ad-6fc4-41f7-9c9d-dfe6c83ed846">
          <Coords points="2971,2005 2977,2005 3026,2005 3063,2004 3065,2048 3026,2050 2976,2050 2970,2050"/>
          <TextEquiv>
            <Unicode>te</Unicode>
          </TextEquiv>
        </Word>
        <Word id="word_adbe4627-f990-4b1b-938a-f6d5b923ea7c">
          <Coords points="3115,2002 3129,2003 3176,2003 3225,2002 3275,2001 3326,2001 3352,2004 3345,2049 3326,2046 3276,2046 3226,2047 3176,2048 3125,2048 3110,2047"/>
          <TextEquiv>
            <Unicode>laten</Unicode>
          </TextEquiv>
        </Word>
        <TextEquiv conf="0.8775356948030735">
          <Unicode>was olij, Booter, aracq @, herwaerts te laten</Unicode>
        </TextEquiv>
        <TextStyle xHeight="44"/>
      </TextLine>
      <TextLine id="line_466adb5c-b176-42ca-88b3-cd1712e85a83">
        <Coords points="1181,2106 1315,2105 1379,2109 1399,2126 1507,2126 1587,2122 1627,2082 2182,2082 2258,2074 2406,2074 2434,2065 2454,2065 2466,2074 2512,2057 2522,2057 2546,2078 2582,2078 2590,2070 2622,2066 3289,2057 3356,2065 3414,2110 3414,2193 3389,2174 3373,2183 2893,2183 2885,2191 2702,2183 2466,2187 2438,2214 2410,2226 2034,2226 1870,2234 1782,2233 1751,2202 1727,2210 1181,2214"/>
        <Baseline points="1222,2198 1272,2199 1322,2197 1372,2194 1422,2191 1472,2189 1522,2187 1572,2186 1622,2185 1672,2184 1722,2185 1772,2185 1822,2184 1872,2182 1922,2180 1972,2179 2022,2179 2072,2178 2122,2178 2172,2177 2222,2177 2272,2176 2322,2177 2372,2176 2422,2173 2472,2171 2522,2171 2572,2171 2622,2171 2672,2171 2722,2170 2772,2169 2822,2169 2872,2169 2922,2169 2972,2171 3022,2172 3072,2171 3122,2172 3172,2172 3222,2172 3272,2173 3322,2173 3372,2173 3374,2173"/>
        <Word id="word_9a8c2ddb-5250-4504-87d6-59c0448cd10d">
          <Coords points="1223,2163 1273,2164 1321,2162 1370,2159 1420,2156 1471,2154 1521,2152 1571,2151 1621,2150 1671,2149 1723,2150 1749,2150 1749,2195 1722,2195 1672,2194 1622,2195 1572,2196 1522,2197 1472,2199 1423,2201 1373,2204 1322,2207 1272,2209 1222,2208"/>
          <TextEquiv>
            <Unicode>retourneren,</Unicode>
          </TextEquiv>
        </Word>
        <Word id="word_e236959b-c549-4e9b-9b79-1044289ecb0e">
          <Coords points="1792,2150 1821,2149 1871,2147 1879,2147 1881,2192 1872,2192 1822,2194 1793,2195"/>
          <TextEquiv>
            <Unicode>d'</Unicode>
          </TextEquiv>
        </Word>
        <Word id="word_f68e016f-3dcb-40b6-b0c2-3156c59e4885">
          <Coords points="1924,2145 1971,2144 2022,2144 2071,2143 2122,2143 2171,2142 2188,2142 2188,2187 2172,2187 2122,2188 2072,2188 2022,2189 1972,2189 1925,2190"/>
          <TextEquiv>
            <Unicode>saecke</Unicode>
          </TextEquiv>
        </Word>
        <Word id="word_b1249747-bcf8-427e-a1e8-24b9d83cb444">
          <Coords points="2231,2142 2271,2141 2321,2142 2320,2187 2272,2186 2232,2187"/>
          <TextEquiv>
            <Unicode>nu</Unicode>
          </TextEquiv>
        </Word>
        <Word id="word_833fd9dd-0e60-4fe6-9cab-0b495f1605b5">
          <Coords points="2356,2144 2364,2142 2420,2138 2471,2136 2522,2136 2572,2136 2622,2136 2672,2136 2721,2135 2758,2134 2759,2179 2722,2180 2672,2181 2622,2181 2572,2181 2522,2181 2472,2181 2423,2183 2374,2186 2366,2188"/>
          <TextEquiv>
            <Unicode>Contrarie</Unicode>
          </TextEquiv>
        </Word>
        <Word id="word_dc76d5d8-f8b3-428a-9e8c-842f7f9320d0">
          <Coords points="2804,2133 2823,2134 2872,2134 2922,2134 2973,2136 2979,2136 2978,2181 2972,2181 2922,2179 2872,2179 2822,2179 2802,2178"/>
          <TextEquiv>
            <Unicode>uijt</Unicode>
          </TextEquiv>
        </Word>
        <Word id="word_ac51fd41-fa27-4cb2-b502-0def860ef291">
          <Coords points="3022,2137 3071,2136 3123,2137 3172,2137 3222,2137 3273,2138 3322,2138 3372,2138 3374,2138 3374,2183 3372,2183 3322,2183 3272,2183 3222,2182 3172,2182 3122,2182 3072,2181 3023,2182"/>
          <TextEquiv>
            <Unicode>vallende</Unicode>
          </TextEquiv>
        </Word>
        <TextEquiv conf="0.9320230593058638">
          <Unicode>retourneren, d' saecke nu Contrarie uijt vallende</Unicode>
        </TextEquiv>
        <TextStyle xHeight="43"/>
      </TextLine>
      <TextLine id="line_3923772e-3dbd-4e47-a6f4-efad881286ad">
        <Coords points="1198,2213 1708,2213 1748,2204 1764,2220 1832,2220 1876,2229 2420,2225 2464,2186 2624,2185 2636,2194 2704,2194 2716,2185 2952,2185 2968,2200 2984,2201 3269,2197 3288,2204 3312,2228 3377,2228 3377,2311 3328,2311 3311,2323 3304,2316 2888,2314 2828,2347 2788,2355 2551,2367 2212,2363 2196,2350 1816,2350 1792,2371 1272,2371 1264,2378 1198,2378"/>
        <Baseline points="1239,2333 1289,2332 1339,2331 1389,2330 1439,2328 1489,2328 1539,2326 1589,2325 1639,2323 1689,2322 1739,2319 1789,2319 1839,2316 1889,2315 1939,2314 1989,2313 2039,2313 2089,2312 2139,2311 2189,2311 2239,2311 2289,2312 2339,2311 2389,2311 2439,2310 2489,2309 2539,2308 2589,2307 2639,2306 2689,2303 2739,2304 2789,2304 2839,2303 2889,2301 2939,2301 2989,2300 3039,2299 3089,2299 3139,2298 3189,2295 3239,2292 3289,2289 3337,2291"/>
        <Word id="word_8063b406-42cb-4f67-bf1c-c31b8ca99dcf">
          <Coords points="1238,2298 1288,2297 1338,2296 1388,2295 1416,2294 1418,2339 1389,2340 1339,2341 1289,2342 1239,2343"/>
          <TextEquiv>
            <Unicode>ende</Unicode>
          </TextEquiv>
        </Word>
        <Word id="word_224d45bf-1b83-4e9d-a426-35b138719a2a">
          <Coords points="1463,2292 1490,2293 1538,2291 1588,2290 1638,2288 1688,2287 1728,2285 1731,2330 1689,2332 1639,2333 1589,2335 1539,2336 1489,2338 1462,2337"/>
          <TextEquiv>
            <Unicode>d'onse</Unicode>
          </TextEquiv>
        </Word>
        <Word id="word_973acf1e-7eb7-4330-8eef-10606759011d">
          <Coords points="1780,2282 1794,2284 1837,2281 1888,2280 1938,2279 1988,2278 2039,2278 2088,2277 2138,2276 2189,2276 2239,2276 2290,2277 2338,2276 2355,2276 2355,2321 2339,2321 2289,2322 2239,2321 2189,2321 2139,2321 2089,2322 2039,2323 1989,2323 1939,2324 1889,2325 1840,2326 1788,2329 1773,2327"/>
          <TextEquiv>
            <Unicode>genoodtsaeckt</Unicode>
          </TextEquiv>
        </Word>
        <Word id="word_d0e1d036-4315-4e1f-adb1-4e971e9bd03a">
          <Coords points="2399,2276 2438,2275 2488,2274 2538,2273 2588,2272 2638,2271 2665,2269 2668,2314 2639,2316 2589,2317 2539,2318 2489,2319 2439,2320 2400,2321"/>
          <TextEquiv>
            <Unicode>sijnde</Unicode>
          </TextEquiv>
        </Word>
        <Word id="word_f22f505d-8b24-44df-a79b-fa64c77db1d3">
          <Coords points="2715,2267 2742,2269 2789,2269 2800,2269 2801,2314 2789,2314 2738,2314 2711,2312"/>
          <TextEquiv>
            <Unicode>'t</Unicode>
          </TextEquiv>
        </Word>
        <Word id="word_485b94d3-e311-49eb-8cb8-62d1b06a395b">
          <Coords points="2844,2268 2887,2266 2939,2266 2988,2265 3038,2264 3089,2264 3138,2263 3187,2260 3201,2259 3203,2304 3190,2305 3139,2308 3089,2309 3039,2309 2989,2310 2939,2311 2889,2311 2846,2313"/>
          <TextEquiv>
            <Unicode>Comptoir</Unicode>
          </TextEquiv>
        </Word>
        <Word id="word_f5b073fb-d73c-4273-b089-38f290e81cbf">
          <Coords points="3245,2257 3287,2254 3338,2256 3336,2301 3290,2299 3248,2301"/>
          <TextEquiv>
            <Unicode>te</Unicode>
          </TextEquiv>
        </Word>
        <TextEquiv conf="0.9107846365804602">
          <Unicode>ende d'onse genoodtsaeckt sijnde 't Comptoir te</Unicode>
        </TextEquiv>
        <TextStyle xHeight="47"/>
      </TextLine>
      <TextLine id="line_0421766b-5df9-4d37-b275-4cd42cd1001d">
        <Coords points="1183,2379 1265,2379 1281,2370 1793,2371 1817,2350 2193,2350 2209,2363 2273,2355 2789,2355 2829,2347 2889,2311 3165,2304 3313,2304 3320,2311 3330,2303 3382,2350 3382,2434 3141,2436 3129,2448 3033,2448 3014,2459 2969,2463 2937,2483 2901,2491 2525,2487 2493,2462 2345,2463 2281,2483 2237,2507 2165,2511 2149,2510 2137,2498 1485,2490 1425,2495 1417,2503 1329,2503 1183,2558"/>
        <Baseline points="1224,2469 1274,2466 1324,2465 1374,2465 1424,2464 1474,2463 1524,2462 1574,2461 1624,2460 1674,2458 1724,2456 1774,2456 1824,2454 1874,2453 1924,2453 1974,2452 2024,2451 2074,2450 2124,2449 2174,2448 2224,2448 2274,2447 2324,2446 2374,2445 2424,2443 2474,2442 2524,2442 2574,2442 2624,2442 2674,2441 2724,2441 2774,2442 2824,2441 2874,2439 2924,2437 2974,2436 3024,2435 3074,2433 3124,2430 3174,2427 3224,2425 3274,2422 3324,2416 3342,2414"/>
        <Word id="word_162c803c-4973-40d6-a93c-d391cd1b1d9c">
          <Coords points="1222,2434 1272,2431 1323,2430 1374,2430 1423,2429 1473,2428 1523,2427 1573,2426 1592,2426 1593,2471 1574,2471 1524,2472 1474,2473 1424,2474 1374,2475 1324,2475 1275,2476 1225,2479"/>
          <TextEquiv>
            <Unicode>lichten,</Unicode>
          </TextEquiv>
        </Word>
        <Word id="word_c7a0b383-a645-4c1c-b6f3-b8d5601f43ee">
          <Coords points="1637,2425 1672,2423 1723,2421 1774,2421 1821,2419 1823,2464 1774,2466 1724,2466 1674,2468 1639,2470"/>
          <TextEquiv>
            <Unicode>ende</Unicode>
          </TextEquiv>
        </Word>
        <Word id="word_b434ec64-e7eb-47d5-b4f3-8ffc1062e140">
          <Coords points="1874,2418 1879,2418 1924,2418 1973,2417 2006,2416 2007,2461 1974,2462 1924,2463 1873,2463 1867,2462"/>
          <TextEquiv>
            <Unicode>met</Unicode>
          </TextEquiv>
        </Word>
        <Word id="word_df00f133-d0fc-41b6-afa2-e09820fda194">
          <Coords points="2052,2415 2073,2415 2123,2414 2173,2413 2191,2413 2191,2458 2174,2458 2124,2459 2074,2460 2053,2460"/>
          <TextEquiv>
            <Unicode>den</Unicode>
          </TextEquiv>
        </Word>
        <Word id="word_99b38bd7-f6ad-45cb-af57-440a905bf93a">
          <Coords points="2236,2413 2273,2412 2323,2411 2373,2410 2423,2408 2473,2407 2524,2407 2574,2407 2606,2407 2606,2452 2574,2452 2524,2452 2474,2452 2424,2453 2374,2455 2324,2456 2274,2457 2237,2458"/>
          <TextEquiv>
            <Unicode>geheelen</Unicode>
          </TextEquiv>
        </Word>
        <Word id="word_725a3a3d-84d9-49af-b125-cecd023a299c">
          <Coords points="2650,2407 2672,2406 2724,2406 2775,2407 2823,2406 2873,2404 2923,2402 2973,2401 3023,2400 3065,2398 3067,2443 3024,2445 2974,2446 2924,2447 2874,2449 2824,2451 2774,2452 2724,2451 2674,2451 2652,2452"/>
          <TextEquiv>
            <Unicode>ommeslaen</Unicode>
          </TextEquiv>
        </Word>
        <Word id="word_ea00d764-38e2-4b52-97b9-2dc0215b5e2f">
          <Coords points="3108,2397 3120,2395 3172,2392 3203,2391 3205,2436 3175,2437 3125,2440 3114,2441"/>
          <TextEquiv>
            <Unicode>op</Unicode>
          </TextEquiv>
        </Word>
        <Word id="word_e2315370-8290-4a61-8f31-b750d6a7c706">
          <Coords points="3247,2389 3271,2387 3320,2381 3338,2379 3343,2424 3325,2426 3275,2432 3251,2434"/>
          <TextEquiv>
            <Unicode>te</Unicode>
          </TextEquiv>
        </Word>
        <TextEquiv conf="0.9535597797623361">
          <Unicode>lichten, ende met den geheelen ommeslaen op te</Unicode>
        </TextEquiv>
        <TextStyle xHeight="45"/>
      </TextLine>
      <TextLine id="line_8471d6be-9b33-4338-a4da-c524c8eb7043">
        <Coords points="1164,2563 1340,2502 1418,2503 1426,2495 1486,2490 1673,2490 2137,2498 2149,2510 2165,2511 2237,2507 2348,2460 2480,2459 2524,2487 2900,2491 2944,2480 2979,2460 3011,2460 3035,2448 3131,2448 3143,2439 3195,2439 3251,2494 3340,2496 3340,2579 3303,2581 3227,2657 2968,2652 2936,2620 2920,2620 2848,2688 2811,2652 2741,2605 2728,2615 2506,2617 1861,2617 1849,2608 1164,2609"/>
        <Baseline points="1205,2600 1255,2600 1305,2598 1355,2595 1405,2593 1455,2592 1505,2592 1555,2592 1605,2591 1655,2589 1705,2589 1755,2588 1805,2588 1855,2586 1905,2584 1955,2583 2005,2582 2055,2581 2105,2580 2155,2580 2205,2580 2255,2580 2305,2579 2355,2579 2405,2580 2455,2581 2505,2581 2555,2580 2605,2580 2655,2578 2705,2577 2755,2574 2805,2573 2855,2571 2905,2572 2955,2573 3005,2573 3055,2572 3105,2570 3155,2568 3205,2566 3255,2565 3300,2559"/>
        <Word id="word_4c192e16-6ffa-49c6-bf82-9a4941667905">
          <Coords points="1205,2565 1255,2565 1304,2563 1353,2560 1404,2558 1454,2557 1505,2557 1555,2557 1604,2556 1605,2556 1607,2601 1605,2601 1555,2602 1505,2602 1455,2602 1405,2603 1356,2605 1305,2608 1255,2610 1205,2610"/>
          <TextEquiv>
            <Unicode>Breecken,</Unicode>
          </TextEquiv>
        </Word>
        <Word id="word_9c7faac5-3b16-4d74-80f9-b8dafa5f3920">
          <Coords points="1649,2554 1654,2554 1705,2554 1754,2553 1785,2553 1785,2598 1755,2598 1705,2599 1655,2599 1651,2599"/>
          <TextEquiv>
            <Unicode>dat</Unicode>
          </TextEquiv>
        </Word>
        <Word id="word_b82eb014-a63e-471a-bf28-20b1c9e271e0">
          <Coords points="1826,2553 1852,2551 1904,2549 1954,2548 2004,2547 2007,2547 2008,2592 2005,2592 1955,2593 1905,2594 1856,2596 1830,2598"/>
          <TextEquiv>
            <Unicode>Lis,</Unicode>
          </TextEquiv>
        </Word>
        <Word id="word_f8acc0d5-92a8-49ed-8cf9-6566fa27f128">
          <Coords points="2051,2546 2054,2546 2104,2545 2141,2545 2141,2590 2105,2590 2055,2591 2052,2591"/>
          <TextEquiv>
            <Unicode>de</Unicode>
          </TextEquiv>
        </Word>
        <Word id="word_675ce7d5-b1b8-4c02-b638-9eb4efd3a6d7">
          <Coords points="2186,2545 2205,2545 2255,2545 2304,2544 2355,2544 2406,2545 2409,2545 2409,2590 2405,2590 2355,2589 2305,2589 2255,2590 2205,2590 2186,2590"/>
          <TextEquiv>
            <Unicode>Brack</Unicode>
          </TextEquiv>
        </Word>
        <Word id="word_d9501f86-f540-496a-b0bc-8c7bf448046d">
          <Coords points="2454,2546 2456,2546 2505,2546 2554,2545 2605,2545 2630,2544 2632,2589 2605,2590 2555,2590 2505,2591 2455,2591 2453,2591"/>
          <TextEquiv>
            <Unicode>ende</Unicode>
          </TextEquiv>
        </Word>
        <Word id="word_42aa47b5-3299-41a1-83af-73d277ad0eec">
          <Coords points="2676,2542 2705,2542 2753,2539 2804,2538 2854,2536 2900,2537 2899,2582 2855,2581 2805,2583 2756,2584 2705,2587 2676,2587"/>
          <TextEquiv>
            <Unicode>Cleen</Unicode>
          </TextEquiv>
        </Word>
        <Word id="word_473af44a-6f8d-470b-9752-ae6caf7f6083">
          <Coords points="2944,2538 2956,2538 3005,2538 3054,2537 3104,2535 3154,2533 3204,2531 3254,2530 3295,2524 3301,2569 3255,2575 3205,2576 3155,2578 3105,2580 3055,2582 3005,2583 2955,2583 2944,2583"/>
          <TextEquiv>
            <Unicode>pijpelij</Unicode>
          </TextEquiv>
        </Word>
        <TextEquiv conf="0.9300166518883116">
          <Unicode>Breecken, dat Lis, de Brack ende Cleen pijpelij</Unicode>
        </TextEquiv>
        <TextStyle xHeight="46"/>
      </TextLine>
      <TextLine id="line_143e6d2c-5a94-4b71-8ffa-c1652719a7d5">
        <Coords points="1222,2611 1895,2598 2143,2602 2175,2615 2727,2613 2739,2606 2810,2650 2846,2686 2918,2618 2934,2618 2986,2670 3158,2671 3170,2659 3226,2659 3258,2630 3391,2627 3410,2646 3439,2647 3439,2730 3350,2728 3298,2759 3286,2759 3266,2741 2695,2743 2543,2783 2495,2826 2476,2826 2459,2810 2443,2810 2411,2778 1684,2787 1540,2786 1520,2766 1222,2771"/>
        <Baseline points="1263,2728 1313,2729 1363,2728 1413,2727 1463,2726 1513,2724 1563,2723 1613,2721 1663,2720 1713,2719 1763,2720 1813,2720 1863,2719 1913,2719 1963,2718 2013,2717 2063,2718 2113,2715 2163,2712 2213,2714 2263,2715 2313,2715 2363,2715 2413,2715 2463,2714 2513,2713 2563,2713 2613,2714 2663,2715 2713,2717 2763,2718 2813,2718 2863,2719 2913,2718 2963,2718 3013,2717 3063,2715 3113,2714 3163,2712 3213,2712 3263,2713 3313,2714 3363,2714 3399,2710"/>
        <Word id="word_7051c402-c2b0-4de3-875c-75a3a070f7a7">
          <Coords points="1264,2693 1314,2694 1362,2693 1381,2693 1382,2738 1363,2738 1313,2739 1263,2738"/>
          <TextEquiv>
            <Unicode>tot</Unicode>
          </TextEquiv>
        </Word>
        <Word id="word_054f50e4-7593-4138-bc8f-caa695609664">
          <Coords points="1421,2692 1462,2691 1512,2689 1562,2688 1612,2686 1662,2685 1712,2684 1764,2685 1813,2685 1816,2685 1817,2730 1813,2730 1763,2730 1713,2729 1663,2730 1613,2731 1563,2733 1513,2734 1463,2736 1421,2737"/>
          <TextEquiv>
            <Unicode>besettinge</Unicode>
          </TextEquiv>
        </Word>
        <Word id="word_b7d2199c-a543-4743-9ac7-f3e1274ec77b">
          <Coords points="1856,2684 1862,2684 1913,2684 1962,2683 2012,2682 2055,2683 2054,2728 2013,2727 1963,2728 1913,2729 1863,2729 1857,2729"/>
          <TextEquiv>
            <Unicode>vande</Unicode>
          </TextEquiv>
        </Word>
        <Word id="word_21d09d70-1d6a-44a4-9d15-b9df9e85c143">
          <Coords points="2087,2684 2107,2681 2161,2677 2214,2679 2264,2680 2313,2680 2331,2680 2331,2725 2313,2725 2263,2725 2213,2724 2164,2722 2115,2725 2096,2728"/>
          <TextEquiv>
            <Unicode>Bhaert</Unicode>
          </TextEquiv>
        </Word>
        <Word id="word_b5e140fd-a0cc-4c22-b4fa-95747bd6fc9e">
          <Coords points="2370,2680 2413,2680 2449,2679 2450,2724 2413,2725 2370,2725"/>
          <TextEquiv>
            <Unicode>'t</Unicode>
          </TextEquiv>
        </Word>
        <Word id="word_02db22f3-03fa-494e-8b9c-a89e1deba1d1">
          <Coords points="2488,2678 2512,2678 2563,2678 2614,2679 2664,2680 2714,2682 2764,2683 2813,2683 2846,2684 2845,2729 2813,2728 2763,2728 2713,2727 2663,2725 2613,2724 2563,2723 2513,2723 2489,2723"/>
          <TextEquiv>
            <Unicode>aenhouden</Unicode>
          </TextEquiv>
        </Word>
        <Word id="word_7b624a25-e99f-4566-b31f-a517ff30907e">
          <Coords points="2883,2684 2911,2683 2963,2683 3003,2682 3004,2727 2963,2728 2914,2728 2885,2729"/>
          <TextEquiv>
            <Unicode>der</Unicode>
          </TextEquiv>
        </Word>
        <Word id="word_a7458231-32f2-49f4-9885-42b073c91354">
          <Coords points="3040,2681 3061,2680 3112,2679 3162,2677 3213,2677 3264,2678 3314,2679 3363,2679 3395,2675 3400,2720 3363,2724 3313,2724 3263,2723 3213,2722 3163,2722 3113,2724 3064,2725 3044,2726"/>
          <TextEquiv>
            <Unicode>moorschei</Unicode>
          </TextEquiv>
        </Word>
        <TextEquiv conf="0.8627376791746264">
          <Unicode>tot besettinge vande Bhaert 't aenhouden der moorschei</Unicode>
        </TextEquiv>
        <TextStyle xHeight="47"/>
      </TextLine>
      <TextLine id="line_83b827f8-b838-4f76-b9cd-8a3505a4f23f">
        <Coords points="1200,2771 1518,2766 1538,2783 2409,2778 2445,2814 2493,2827 2541,2783 2625,2767 2633,2759 2733,2758 2741,2766 2908,2766 2940,2773 3204,2773 3210,2779 3226,2775 3234,2783 3287,2759 3300,2770 3389,2770 3389,2854 3376,2848 2661,2849 2653,2857 2609,2857 2601,2865 2553,2865 2525,2885 2053,2884 2033,2893 1905,2893 1889,2880 1853,2880 1785,2885 1753,2901 1294,2897 1200,2941"/>
        <Baseline points="1241,2872 1291,2868 1341,2867 1391,2865 1441,2862 1491,2857 1541,2855 1591,2854 1641,2854 1691,2852 1741,2850 1791,2848 1841,2850 1891,2849 1941,2845 1991,2844 2041,2844 2091,2842 2141,2841 2191,2841 2241,2839 2291,2838 2341,2837 2391,2837 2441,2837 2491,2837 2541,2837 2591,2836 2641,2835 2691,2836 2741,2837 2791,2836 2841,2836 2891,2835 2941,2835 2991,2834 3041,2835 3091,2835 3141,2835 3191,2834 3241,2834 3291,2833 3341,2831 3349,2834"/>
        <Word id="word_96977f11-e566-4b1e-a48f-2484f546fbb6">
          <Coords points="1238,2837 1288,2833 1340,2832 1390,2830 1439,2827 1488,2822 1540,2820 1584,2819 1585,2864 1541,2865 1492,2867 1442,2872 1391,2875 1341,2877 1292,2878 1242,2882"/>
          <TextEquiv>
            <Unicode>scheepen</Unicode>
          </TextEquiv>
        </Word>
        <Word id="word_d2bb0c17-dc58-4c31-abb3-a1f622ca2978">
          <Coords points="1630,2818 1643,2819 1690,2817 1740,2815 1756,2814 1757,2859 1741,2860 1691,2862 1640,2864 1627,2863"/>
          <TextEquiv>
            <Unicode>met</Unicode>
          </TextEquiv>
        </Word>
        <Word id="word_8e2c556f-5d58-44c3-a554-7d90f6e4d58b">
          <Coords points="1802,2813 1843,2815 1890,2814 1926,2811 1930,2856 1891,2859 1840,2860 1799,2858"/>
          <TextEquiv>
            <Unicode>hun</Unicode>
          </TextEquiv>
        </Word>
        <Word id="word_b945b7af-76f1-4d66-9aca-8ae3be6c3b9b">
          <Coords points="1975,2808 1994,2809 2041,2809 2090,2807 2140,2806 2191,2806 2240,2804 2290,2803 2340,2802 2391,2802 2402,2802 2402,2847 2391,2847 2341,2847 2291,2848 2241,2849 2191,2851 2141,2851 2091,2852 2041,2854 1990,2854 1971,2853"/>
          <TextEquiv>
            <Unicode>inhebbende</Unicode>
          </TextEquiv>
        </Word>
        <Word id="word_f79fd372-413c-43c4-ad17-fc3232788986">
          <Coords points="2445,2802 2491,2802 2541,2802 2590,2801 2640,2800 2692,2801 2742,2802 2790,2801 2833,2801 2833,2846 2791,2846 2741,2847 2691,2846 2641,2845 2591,2846 2541,2847 2491,2847 2445,2847"/>
          <TextEquiv>
            <Unicode>goederen,</Unicode>
          </TextEquiv>
        </Word>
        <Word id="word_61935088-0a2f-440e-9eb3-da14315f9a6d">
          <Coords points="2874,2801 2889,2800 2941,2800 2961,2800 2962,2845 2941,2845 2892,2845 2876,2846"/>
          <TextEquiv>
            <Unicode>en</Unicode>
          </TextEquiv>
        </Word>
        <Word id="word_c8e5627d-fc13-41ea-9c37-b0851b64f8dc">
          <Coords points="3006,2799 3042,2800 3091,2800 3141,2800 3190,2799 3241,2799 3290,2798 3340,2796 3361,2801 3345,2843 3341,2841 3291,2843 3241,2844 3191,2844 3141,2845 3091,2845 3041,2845 3005,2844"/>
          <TextEquiv>
            <Unicode>verderen</Unicode>
          </TextEquiv>
        </Word>
        <TextEquiv conf="0.9355372921948152">
          <Unicode>scheepen met hun inhebbende goederen, en verderen</Unicode>
        </TextEquiv>
        <TextStyle xHeight="38"/>
      </TextLine>
      <TextLine id="line_51903eda-cf3b-45fb-921e-fe4eb2240755">
        <Coords points="1194,2945 1296,2897 1752,2901 1784,2885 1852,2880 1892,2880 1908,2893 2032,2893 2052,2884 2527,2885 2539,2876 2571,2876 2579,2884 2791,2888 2807,2900 2983,2900 2991,2908 3335,2908 3377,2944 3408,2913 3408,2996 3335,3009 2140,3009 2048,3017 1652,3017 1632,3021 1620,3033 1508,3033 1500,3041 1194,3033"/>
        <Baseline points="1235,3002 1285,3001 1335,2998 1385,2997 1435,2994 1485,2992 1535,2991 1585,2991 1635,2992 1685,2991 1735,2990 1785,2989 1835,2988 1885,2988 1935,2989 1985,2989 2035,2988 2085,2987 2135,2986 2185,2986 2235,2987 2285,2986 2335,2986 2385,2985 2435,2986 2485,2987 2535,2986 2585,2984 2635,2983 2685,2981 2735,2979 2785,2978 2835,2977 2885,2977 2935,2977 2985,2977 3035,2977 3085,2978 3135,2979 3185,2978 3235,2979 3285,2979 3335,2979 3368,2976"/>
        <Word id="word_c526bbb3-5b54-42fe-9a99-ba9c9e91a192">
          <Coords points="1234,2967 1284,2966 1333,2963 1384,2962 1433,2959 1484,2957 1534,2956 1585,2956 1627,2957 1626,3002 1585,3001 1535,3001 1485,3002 1436,3004 1385,3007 1336,3008 1285,3011 1235,3012"/>
          <TextEquiv>
            <Unicode>afsbreucq</Unicode>
          </TextEquiv>
        </Word>
        <Word id="word_0f97c1ae-a9ce-4162-8425-0b615a9b9ab3">
          <Coords points="1666,2958 1681,2956 1734,2955 1784,2954 1834,2953 1885,2953 1932,2954 1931,2999 1885,2998 1835,2998 1785,2999 1735,3000 1686,3001 1671,3003"/>
          <TextEquiv>
            <Unicode>aldaer</Unicode>
          </TextEquiv>
        </Word>
        <Word id="word_e2f4227e-b889-4e9e-9176-499f59a2ece4">
          <Coords points="1972,2955 1982,2954 2034,2953 2084,2952 2105,2952 2106,2997 2085,2997 2035,2998 1986,2999 1976,3000"/>
          <TextEquiv>
            <Unicode>tot</Unicode>
          </TextEquiv>
        </Word>
        <Word id="word_3364be08-6252-45aa-a688-a4c5326a6927">
          <Coords points="2149,2951 2185,2951 2236,2952 2284,2951 2335,2951 2366,2950 2367,2995 2335,2996 2285,2996 2235,2997 2185,2996 2149,2996"/>
          <TextEquiv>
            <Unicode>nader</Unicode>
          </TextEquiv>
        </Word>
        <Word id="word_e7ad7b65-71fa-4da1-91e1-7f7b99011047">
          <Coords points="2412,2950 2437,2951 2486,2952 2534,2951 2584,2949 2627,2948 2628,2993 2585,2994 2535,2996 2485,2997 2434,2996 2410,2994"/>
          <TextEquiv>
            <Unicode>ordre</Unicode>
          </TextEquiv>
        </Word>
        <Word id="word_2d370bee-7a71-4a5f-be68-0d02974f06ff">
          <Coords points="2668,2947 2682,2946 2734,2944 2784,2943 2801,2943 2802,2988 2785,2988 2735,2989 2686,2991 2672,2992"/>
          <TextEquiv>
            <Unicode>ten</Unicode>
          </TextEquiv>
        </Word>
        <Word id="word_a48bf59f-f336-4935-a82f-8a570a96a4bf">
          <Coords points="2846,2942 2885,2942 2935,2942 2985,2942 3035,2942 3064,2943 3063,2988 3035,2987 2985,2987 2935,2987 2885,2987 2845,2987"/>
          <TextEquiv>
            <Unicode>waere</Unicode>
          </TextEquiv>
        </Word>
        <Word id="word_37217524-2a1a-47fe-a6ee-1065b899b415">
          <Coords points="3107,2943 3136,2944 3184,2943 3236,2944 3285,2944 3335,2944 3365,2941 3369,2986 3335,2989 3285,2989 3235,2989 3185,2988 3135,2989 3106,2988"/>
          <TextEquiv>
            <Unicode>midde</Unicode>
          </TextEquiv>
        </Word>
        <TextEquiv conf="0.9414189866254179">
          <Unicode>afsbreucq aldaer tot nader ordre ten waere midde</Unicode>
        </TextEquiv>
        <TextStyle xHeight="42"/>
      </TextLine>
      <TextLine id="line_901c37f7-1721-42c8-bc45-e566ecf88922">
        <Coords points="1192,3033 1414,3032 1422,3040 1498,3041 1506,3033 1618,3033 1630,3021 1650,3017 2550,3008 3098,3016 3166,3081 3286,3076 3298,3086 3370,3086 3399,3064 3399,3148 3347,3192 3286,3192 3274,3180 2634,3189 2586,3184 2546,3148 2529,3157 2214,3144 1842,3149 1746,3177 1578,3177 1566,3168 1522,3168 1510,3177 1466,3181 1192,3172"/>
        <Baseline points="1233,3142 1283,3141 1333,3140 1383,3139 1433,3138 1483,3136 1533,3133 1583,3131 1633,3129 1683,3128 1733,3126 1783,3125 1833,3123 1883,3125 1933,3124 1983,3124 2033,3125 2083,3125 2133,3125 2183,3126 2233,3126 2283,3126 2333,3126 2383,3124 2433,3123 2483,3123 2533,3122 2583,3121 2633,3120 2683,3121 2733,3120 2783,3121 2833,3123 2883,3123 2933,3123 2983,3123 3033,3122 3083,3122 3133,3123 3183,3124 3233,3126 3283,3126 3333,3125 3359,3127"/>
        <Word id="word_b67e2dc4-a01d-403d-b868-08341686c833">
          <Coords points="1232,3107 1282,3106 1332,3105 1382,3104 1432,3103 1482,3101 1531,3098 1582,3096 1607,3095 1608,3140 1583,3141 1534,3143 1483,3146 1433,3148 1383,3149 1333,3150 1283,3151 1233,3152"/>
          <TextEquiv>
            <Unicode>lerwijle</Unicode>
          </TextEquiv>
        </Word>
        <Word id="word_aad2b8fa-c97c-49b0-89d6-30ab70f12cf8">
          <Coords points="1649,3093 1683,3093 1732,3091 1782,3090 1832,3088 1884,3090 1932,3089 1983,3089 2034,3090 2083,3090 2108,3090 2108,3135 2083,3135 2033,3135 1983,3134 1933,3134 1883,3135 1833,3133 1783,3135 1733,3136 1683,3138 1650,3138"/>
          <TextEquiv>
            <Unicode>Behoorlijck</Unicode>
          </TextEquiv>
        </Word>
        <Word id="word_20083294-aee5-4b45-a571-752364d1b3ed">
          <Coords points="2151,3090 2184,3091 2233,3091 2283,3091 2333,3091 2382,3089 2399,3089 2400,3134 2383,3134 2333,3136 2283,3136 2233,3136 2183,3136 2150,3135"/>
          <TextEquiv>
            <Unicode>redres</Unicode>
          </TextEquiv>
        </Word>
        <Word id="word_2b8c9187-4a49-473e-9e85-8e555819e1f7">
          <Coords points="2442,3088 2483,3088 2532,3087 2582,3086 2632,3085 2684,3086 2732,3085 2734,3085 2733,3130 2733,3130 2683,3131 2633,3130 2583,3131 2533,3132 2483,3133 2442,3133"/>
          <TextEquiv>
            <Unicode>erlangh</Unicode>
          </TextEquiv>
        </Word>
        <Word id="word_34c8dc27-cb54-445f-9f21-ed34431fb12a">
          <Coords points="2776,3086 2784,3086 2834,3088 2859,3088 2859,3133 2833,3133 2783,3131 2775,3131"/>
          <TextEquiv>
            <Unicode>d'</Unicode>
          </TextEquiv>
        </Word>
        <Word id="word_43c7800a-d725-472e-a15c-9ad9813f3717">
          <Coords points="2900,3088 2933,3088 2983,3088 3032,3087 3083,3087 3134,3088 3184,3089 3234,3091 3283,3091 3332,3090 3362,3092 3358,3137 3333,3135 3283,3136 3233,3136 3183,3134 3133,3133 3083,3132 3033,3132 2983,3133 2933,3133 2900,3133"/>
          <TextEquiv>
            <Unicode>verblijven,</Unicode>
          </TextEquiv>
        </Word>
        <TextEquiv conf="0.9225593832292972">
          <Unicode>lerwijle Behoorlijck redres erlangh d' verblijven,</Unicode>
        </TextEquiv>
        <TextStyle xHeight="48"/>
      </TextLine>
      <TextLine id="line_0e7dba9c-afcb-4e6e-85a8-b46a71ac4bcf">
        <Coords points="1196,3167 1464,3166 1478,3175 1510,3175 1522,3166 1565,3166 1585,3183 1733,3179 1781,3171 1809,3155 1837,3155 1845,3147 2312,3142 2520,3150 2528,3158 2541,3151 2588,3195 2660,3187 2956,3191 2984,3179 3219,3178 3350,3194 3371,3174 3391,3183 3420,3183 3420,3267 3368,3311 2876,3314 2804,3335 2648,3334 2636,3322 2548,3323 2532,3314 2125,3314 2049,3323 1881,3322 1805,3314 1753,3331 1669,3339 1637,3322 1242,3318 1230,3306 1196,3306"/>
        <Baseline points="1237,3281 1287,3279 1337,3278 1387,3277 1437,3274 1487,3272 1537,3270 1587,3270 1637,3269 1687,3268 1737,3267 1787,3265 1837,3264 1887,3264 1937,3265 1987,3265 2037,3266 2087,3267 2137,3269 2187,3270 2237,3271 2287,3271 2337,3269 2387,3270 2437,3269 2487,3269 2537,3269 2587,3269 2637,3269 2687,3268 2737,3262 2787,3259 2837,3256 2887,3256 2937,3256 2987,3255 3037,3256 3087,3254 3137,3252 3187,3250 3237,3250 3287,3250 3337,3248 3380,3246"/>
        <Word id="word_951c2f31-320a-48a2-a5dd-fd4e6d6043a4">
          <Coords points="1236,3246 1286,3244 1336,3243 1386,3242 1430,3239 1432,3284 1387,3287 1337,3288 1287,3289 1237,3291"/>
          <TextEquiv>
            <Unicode>ende</Unicode>
          </TextEquiv>
        </Word>
        <Word id="word_a6632550-b217-43ba-9498-2e068708c40e">
          <Coords points="1484,3237 1490,3237 1536,3235 1587,3235 1626,3234 1627,3279 1587,3280 1537,3280 1486,3282 1480,3281"/>
          <TextEquiv>
            <Unicode>als</Unicode>
          </TextEquiv>
        </Word>
        <Word id="word_45ed504c-2aee-4917-b3ce-f19142eeeab3">
          <Coords points="1675,3233 1686,3233 1736,3232 1786,3230 1821,3229 1822,3274 1787,3275 1737,3277 1687,3278 1675,3278"/>
          <TextEquiv>
            <Unicode>dan</Unicode>
          </TextEquiv>
        </Word>
        <Word id="word_9fb13843-7666-4149-ab8a-7c7e9af3eda3">
          <Coords points="1872,3228 1888,3229 1938,3230 1987,3230 2038,3231 2088,3232 2138,3234 2163,3235 2162,3280 2137,3279 2087,3277 2037,3276 1987,3275 1937,3275 1887,3274 1870,3273"/>
          <TextEquiv>
            <Unicode>echter</Unicode>
          </TextEquiv>
        </Word>
        <Word id="word_d74f7cbe-f4da-4ed3-b5ac-641b937ffb32">
          <Coords points="2212,3235 2238,3236 2287,3236 2336,3234 2388,3235 2436,3234 2487,3234 2537,3234 2587,3234 2637,3234 2649,3234 2650,3279 2637,3279 2587,3279 2537,3279 2487,3279 2437,3279 2387,3280 2337,3279 2287,3281 2237,3281 2211,3280"/>
          <TextEquiv>
            <Unicode>Amsterdam</Unicode>
          </TextEquiv>
        </Word>
        <Word id="word_2448a3fa-9164-4cd4-bab9-b2868912f720">
          <Coords points="2693,3233 2732,3227 2785,3224 2835,3221 2887,3221 2893,3221 2893,3266 2887,3266 2838,3266 2788,3269 2738,3272 2700,3278"/>
          <TextEquiv>
            <Unicode>ende</Unicode>
          </TextEquiv>
        </Word>
        <Word id="word_8c20f451-559f-4d20-9b30-6eb3b822581e">
          <Coords points="2941,3221 2986,3220 3038,3221 3086,3219 3136,3217 3186,3215 3237,3215 3287,3215 3336,3213 3378,3211 3380,3256 3337,3258 3287,3260 3237,3260 3187,3260 3137,3262 3087,3264 3037,3266 2987,3265 2942,3266"/>
          <TextEquiv>
            <Unicode>heemstede</Unicode>
          </TextEquiv>
        </Word>
        <TextEquiv conf="0.9501701521668596">
          <Unicode>ende als dan echter Amsterdam ende heemstede</Unicode>
        </TextEquiv>
        <TextStyle xHeight="52"/>
      </TextLine>
      <TextLine id="line_5cb4e33a-435d-4fd3-9769-d861c6c71a53">
        <Coords points="1206,3315 1636,3322 1664,3338 1708,3339 1808,3314 2004,3323 2128,3314 2531,3314 2547,3323 2635,3322 2647,3334 2803,3335 2875,3314 3280,3313 3280,3396 3111,3396 3087,3405 3044,3448 3019,3436 2847,3441 2795,3432 2651,3428 2623,3400 2607,3396 1884,3397 1804,3473 1740,3473 1704,3464 1248,3461 1206,3500"/>
        <Baseline points="1247,3404 1297,3400 1347,3399 1397,3397 1447,3395 1497,3393 1547,3392 1597,3391 1647,3389 1697,3389 1747,3389 1797,3387 1847,3386 1897,3385 1947,3384 1997,3385 2047,3385 2097,3385 2147,3384 2197,3384 2247,3384 2297,3384 2347,3385 2397,3384 2447,3384 2497,3381 2547,3380 2597,3379 2647,3379 2697,3379 2747,3380 2797,3381 2847,3380 2897,3378 2947,3377 2997,3376 3047,3375 3097,3372 3147,3371 3197,3371 3240,3376"/>
        <Word id="word_bd0eda56-f3bb-4b52-9017-3d2f825e35b9">
          <Coords points="1244,3369 1294,3365 1346,3364 1381,3363 1383,3408 1347,3409 1298,3410 1248,3414"/>
          <TextEquiv>
            <Unicode>met</Unicode>
          </TextEquiv>
        </Word>
        <Word id="word_73a1f5dd-14fe-429b-bfd7-130e3bf1532f">
          <Coords points="1427,3361 1446,3360 1496,3358 1546,3357 1596,3356 1646,3354 1655,3354 1655,3399 1647,3399 1597,3401 1547,3402 1497,3403 1447,3405 1428,3406"/>
          <TextEquiv>
            <Unicode>alles</Unicode>
          </TextEquiv>
        </Word>
        <Word id="word_6fb921f5-b538-4026-91b9-dc41a27cd2ef">
          <Coords points="1700,3354 1747,3354 1796,3352 1835,3351 1836,3396 1797,3397 1747,3399 1700,3399"/>
          <TextEquiv>
            <Unicode>dat</Unicode>
          </TextEquiv>
        </Word>
        <Word id="word_4c92953a-e838-4b1c-ac68-72dc46233aa0">
          <Coords points="1880,3350 1896,3350 1946,3349 1972,3350 1971,3394 1947,3394 1897,3395 1881,3395"/>
          <TextEquiv>
            <Unicode>in</Unicode>
          </TextEquiv>
        </Word>
        <Word id="word_3ccdabff-1fea-4cd3-bf2e-aa0155943742">
          <Coords points="2017,3350 2047,3350 2097,3350 2146,3349 2197,3349 2247,3349 2297,3349 2348,3350 2396,3349 2425,3349 2425,3394 2397,3394 2347,3395 2297,3394 2247,3394 2197,3394 2147,3394 2097,3395 2047,3395 2017,3395"/>
          <TextEquiv>
            <Unicode>voorraedt</Unicode>
          </TextEquiv>
        </Word>
        <Word id="word_37f51412-b479-4f85-a640-77ff188dcd2e">
          <Coords points="2466,3349 2493,3346 2546,3345 2596,3344 2647,3344 2697,3344 2697,3389 2647,3389 2597,3389 2547,3390 2498,3391 2471,3394"/>
          <TextEquiv>
            <Unicode>soude</Unicode>
          </TextEquiv>
        </Word>
        <Word id="word_1b6d09c9-d2b1-4638-a104-3638130504e2">
          <Coords points="2749,3345 2754,3346 2798,3346 2846,3345 2896,3343 2946,3342 2968,3342 2969,3387 2947,3387 2897,3388 2847,3390 2797,3391 2745,3390 2740,3389"/>
          <TextEquiv>
            <Unicode>mogen</Unicode>
          </TextEquiv>
        </Word>
        <Word id="word_8a9b6123-1d68-4d04-8158-534e8d663e77">
          <Coords points="3013,3341 3046,3340 3095,3337 3146,3336 3197,3336 3244,3341 3239,3386 3197,3381 3147,3381 3098,3382 3047,3385 3014,3386"/>
          <TextEquiv>
            <Unicode>sijn.</Unicode>
          </TextEquiv>
        </Word>
        <TextEquiv conf="0.9572535206946936">
          <Unicode>met alles dat in voorraedt soude mogen sijn.</Unicode>
        </TextEquiv>
        <TextStyle xHeight="39"/>
      </TextLine>
      <TextLine id="e882a503-9020-4240-a371-983409c765b6">
        <Coords points="1212,3483 1242,3459 1702,3463 1710,3471 1806,3471 1889,3395 1945,3404 2045,3404 2089,3395 2605,3395 2621,3399 2649,3427 2793,3431 2801,3439 3016,3435 3043,3448 3084,3408 3228,3403 3268,3440 3328,3440 3372,3427 3385,3432 3385,3516 3369,3523 3132,3523 3076,3544 2517,3543 2493,3556 2385,3556 2326,3517 2233,3517 2141,3532 1945,3532 1909,3568 1730,3568 1679,3575 1542,3575 1514,3547 1422,3543 1330,3583 1314,3599 1298,3595 1212,3627"/>
        <Baseline points="1253,3533 1303,3532 1353,3526 1403,3522 1453,3519 1503,3517 1553,3516 1603,3517 1653,3517 1703,3517 1753,3515 1803,3514 1853,3513 1903,3512 1953,3510 2003,3508 2053,3507 2103,3506 2153,3505 2203,3504 2253,3503 2303,3502 2353,3501 2403,3500 2453,3499 2503,3500 2553,3499 2603,3500 2653,3500 2703,3500 2753,3500 2803,3499 2853,3500 2903,3500 2953,3498 3003,3499 3053,3501 3103,3500 3153,3497 3203,3497 3253,3497 3303,3497 3345,3495"/>
        <Word id="word_cd1ef094-25db-4190-894b-202e0127fc09">
          <Coords points="1252,3498 1302,3497 1332,3493 1338,3538 1303,3542 1253,3543"/>
          <TextEquiv>
            <Unicode>op</Unicode>
          </TextEquiv>
        </Word>
        <Word id="word_da48de95-7e5f-4f7d-9f6f-b69bb4b79585">
          <Coords points="1377,3488 1402,3487 1451,3484 1502,3482 1503,3482 1504,3527 1503,3527 1454,3529 1403,3532 1378,3533"/>
          <TextEquiv>
            <Unicode>hun</Unicode>
          </TextEquiv>
        </Word>
        <Word id="word_0347a591-7e40-46e8-b0a9-dfeb7638ef70">
          <Coords points="1545,3481 1552,3481 1604,3482 1653,3482 1703,3482 1752,3480 1802,3479 1852,3478 1902,3477 1952,3475 2002,3473 2052,3472 2102,3471 2131,3470 2131,3515 2103,3516 2053,3517 2003,3518 1953,3520 1903,3522 1853,3523 1803,3524 1753,3525 1703,3527 1653,3527 1603,3527 1553,3526 1546,3526"/>
          <TextEquiv>
            <Unicode>geprefigeerden</Unicode>
          </TextEquiv>
        </Word>
        <Word id="word_4a21e73f-7344-44d6-bb8e-66b7402b5399">
          <Coords points="2172,3470 2202,3469 2252,3468 2302,3467 2340,3466 2341,3511 2303,3512 2253,3513 2203,3514 2173,3515"/>
          <TextEquiv>
            <Unicode>tijt</Unicode>
          </TextEquiv>
        </Word>
        <Word id="word_b5dcfd5d-ad33-4f7b-89ee-1322b77e191d">
          <Coords points="2382,3465 2402,3465 2452,3464 2504,3465 2552,3464 2604,3465 2653,3465 2703,3465 2753,3465 2802,3464 2844,3465 2843,3510 2803,3509 2753,3510 2703,3510 2653,3510 2603,3510 2553,3509 2503,3510 2453,3509 2403,3510 2383,3510"/>
          <TextEquiv>
            <Unicode>alsgesonden</Unicode>
          </TextEquiv>
        </Word>
        <Word id="word_c4d17d3f-e130-4536-a5f5-97754fb905c6">
          <Coords points="2883,3466 2902,3465 2952,3463 3004,3464 3054,3466 3102,3465 3134,3463 3136,3508 3103,3510 3053,3511 3003,3509 2953,3508 2903,3510 2885,3511"/>
          <TextEquiv>
            <Unicode>werden</Unicode>
          </TextEquiv>
        </Word>
        <Word id="word_e2c8619f-21db-4f7e-a4e2-6017827cdee3">
          <Coords points="3180,3461 3205,3462 3253,3462 3303,3462 3343,3460 3345,3505 3303,3507 3253,3507 3202,3507 3177,3506"/>
          <TextEquiv>
            <Unicode>sall</Unicode>
          </TextEquiv>
        </Word>
        <TextEquiv conf="0.957509700476301">
          <Unicode>op hun geprefigeerden tijt alsgesonden werden sall</Unicode>
        </TextEquiv>
        <TextStyle xHeight="44"/>
      </TextLine>
    </TextRegion>
    <TextRegion id="region_fa17391a-1f4e-4c67-b3e0-ac8617f3fb36_2" custom="structure {type:paragraph;}">
      <Coords points="1177,3779 1188,3810 1181,3821 1177,3852 1167,3873 1160,3876 1188,3880 1202,3869 1230,3869 1258,3880 1484,3876 1547,3883 1669,3883 1686,3876 1745,3869 1878,3869 1940,3883 2048,3887 2073,3894 2097,3894 2128,3915 2153,3939 2153,3950 2135,3967 2104,3977 2073,3977 2010,4002 1996,4016 1999,4030 2010,4040 2034,4047 2094,4037 2163,4005 2170,4009 2247,4005 2264,3995 2292,3988 2397,3991 2414,3967 2445,3950 2508,3946 2525,3957 2539,3974 2543,3988 2536,4002 2557,4016 2567,4037 2602,4040 2665,4058 2675,4068 2686,4099 2686,4113 2675,4127 2679,4155 2665,4172 2637,4155 2595,4152 2571,4127 2546,4145 2487,4148 2459,4159 2442,4152 2358,4148 2362,4183 2393,4207 2393,4232 2376,4284 2386,4298 2400,4301 2515,4301 2623,4315 2832,4312 2943,4315 2999,4322 3208,4319 3302,4326 3327,4315 3344,4298 3368,4242 3365,4225 3372,4214 3375,4152 3382,4124 3379,4075 3372,4051 3375,3824 3358,3699 3341,3667 3323,3661 3194,3654 3152,3661 3051,3654 2947,3657 2909,3650 2797,3647 2644,3650 2303,3647 2163,3657 2111,3650 2104,3654 2048,3650 1679,3654 1613,3647 1292,3643 1261,3654 1226,3657 1209,3667 1219,3671 1226,3685 1209,3702 1195,3765"/>
      <TextLine id="line_56e498c9-f872-453a-b39a-1bcef7f28b17">
        <Coords points="1129,3686 1197,3631 1299,3595 1315,3599 1331,3583 1363,3575 1423,3542 1514,3546 1554,3583 1642,3583 1730,3567 1990,3562 2018,3587 2158,3592 2238,3670 2290,3673 2305,3686 2353,3655 2457,3555 2501,3555 2521,3539 3024,3542 3044,3550 3152,3654 3324,3650 3354,3670 3389,3661 3389,3745 3380,3737 3216,3741 3200,3746 3176,3769 3115,3741 2753,3737 2657,3742 2609,3785 2581,3793 2567,3784 2513,3788 2501,3776 2469,3776 2437,3745 2417,3741 2098,3742 1906,3746 1850,3797 1770,3797 1714,3753 1534,3753 1483,3781 1307,3780 1264,3750 1129,3760"/>
        <Baseline points="1170,3747 1220,3743 1270,3736 1320,3734 1370,3733 1420,3731 1470,3730 1520,3728 1570,3726 1620,3728 1670,3727 1720,3728 1770,3728 1820,3728 1870,3729 1920,3728 1970,3729 2020,3729 2070,3728 2120,3726 2170,3727 2220,3727 2270,3727 2320,3726 2370,3726 2420,3726 2470,3726 2520,3726 2570,3726 2620,3726 2670,3725 2720,3725 2770,3725 2820,3724 2870,3724 2920,3725 2970,3724 3020,3725 3070,3725 3120,3725 3170,3727 3220,3729 3270,3727 3320,3726 3349,3725"/>
        <Word id="word_468cd504-7030-4cd4-9e65-923ffa1b9721">
          <Coords points="1167,3712 1217,3708 1265,3701 1319,3699 1369,3698 1405,3697 1407,3742 1370,3743 1320,3744 1271,3746 1221,3753 1171,3757"/>
          <TextEquiv>
            <Unicode>Aldus</Unicode>
          </TextEquiv>
        </Word>
        <Word id="word_64b04bd2-7d00-4a67-aeff-65723d44a60b">
          <Coords points="1454,3695 1471,3695 1519,3693 1569,3691 1621,3693 1669,3692 1721,3693 1738,3693 1738,3738 1720,3738 1670,3737 1620,3738 1570,3736 1520,3738 1470,3740 1453,3740"/>
          <TextEquiv>
            <Unicode>gedaen</Unicode>
          </TextEquiv>
        </Word>
        <Word id="word_eed498f7-e94d-4bfa-88fd-8aa934d6f08b">
          <Coords points="1785,3693 1820,3693 1871,3694 1919,3693 1971,3694 2020,3694 2069,3693 2119,3691 2171,3692 2220,3692 2270,3692 2319,3691 2370,3691 2401,3691 2401,3736 2370,3736 2320,3736 2270,3737 2220,3737 2170,3737 2120,3736 2070,3738 2020,3739 1970,3739 1920,3738 1870,3739 1820,3738 1785,3738"/>
          <TextEquiv>
            <Unicode>geresolveert,</Unicode>
          </TextEquiv>
        </Word>
        <Word id="word_9573fdbc-ba6f-49c3-9d91-6401734b69a2">
          <Coords points="2449,3691 2470,3691 2520,3691 2543,3691 2543,3736 2520,3736 2470,3736 2449,3736"/>
          <TextEquiv>
            <Unicode>en</Unicode>
          </TextEquiv>
        </Word>
        <Word id="word_5c0f06c1-109b-432b-affc-5bf259287097">
          <Coords points="2591,3691 2620,3691 2669,3690 2720,3690 2770,3690 2819,3689 2870,3689 2921,3690 2969,3689 3021,3690 3070,3690 3120,3690 3161,3692 3159,3737 3120,3735 3070,3735 3020,3735 2970,3734 2920,3735 2870,3734 2820,3734 2770,3735 2720,3735 2670,3735 2620,3736 2591,3736"/>
          <TextEquiv>
            <Unicode>g'arresteert</Unicode>
          </TextEquiv>
        </Word>
        <Word id="word_d10c0755-5123-4037-a319-6530a9cfa8b1">
          <Coords points="3208,3694 3221,3694 3269,3692 3319,3691 3348,3690 3349,3735 3320,3736 3270,3737 3220,3739 3206,3738"/>
          <TextEquiv>
            <Unicode>int</Unicode>
          </TextEquiv>
        </Word>
        <TextEquiv conf="0.8884488865180564">
          <Unicode>Aldus gedaen geresolveert, en g'arresteert int</Unicode>
        </TextEquiv>
        <TextStyle xHeight="59"/>
      </TextLine>
      <TextLine id="line_7c88539e-ab95-4004-96d4-6c28ac1b8d24">
        <Coords points="1213,3751 1263,3750 1307,3778 1347,3778 1363,3787 1399,3779 1491,3779 1535,3754 1715,3754 1766,3795 1854,3795 1906,3747 2426,3742 2466,3774 2550,3774 2577,3791 2606,3787 2658,3742 2726,3750 2953,3754 2965,3763 3097,3759 3105,3766 3114,3759 3152,3786 3213,3742 3378,3739 3401,3760 3426,3760 3426,3843 3397,3839 3382,3851 3363,3835 3241,3840 3197,3852 2610,3848 2574,3852 2504,3883 2489,3874 2430,3875 2330,3911 2302,3931 2222,3931 2210,3942 1647,3942 1388,3934 1339,3942 1213,3942"/>
        <Baseline points="1254,3849 1304,3849 1354,3849 1404,3848 1454,3848 1504,3848 1554,3847 1604,3845 1654,3843 1704,3842 1754,3840 1804,3839 1854,3839 1904,3838 1954,3839 2004,3839 2054,3840 2104,3840 2154,3839 2204,3839 2254,3839 2304,3838 2354,3837 2404,3839 2454,3841 2504,3840 2554,3838 2604,3838 2654,3838 2704,3838 2754,3838 2804,3838 2854,3838 2904,3837 2954,3835 3004,3835 3054,3834 3104,3832 3154,3830 3204,3828 3254,3827 3304,3825 3354,3822 3386,3823"/>
        <Word id="word_96a449ef-1d7b-420c-ae85-13a8007fe077">
          <Coords points="1254,3814 1304,3814 1354,3814 1403,3813 1454,3813 1504,3813 1553,3812 1577,3811 1579,3856 1554,3857 1504,3858 1454,3858 1404,3858 1354,3859 1304,3859 1254,3859"/>
          <TextEquiv>
            <Unicode>Casteel</Unicode>
          </TextEquiv>
        </Word>
        <Word id="word_ef499042-26fe-4c27-958d-78cbb7d544c2">
          <Coords points="1623,3809 1653,3808 1703,3807 1753,3805 1803,3804 1854,3804 1903,3803 1950,3804 1949,3849 1904,3848 1854,3849 1804,3849 1754,3850 1704,3852 1654,3853 1625,3854"/>
          <TextEquiv>
            <Unicode>geldria</Unicode>
          </TextEquiv>
        </Word>
        <Word id="word_4f914180-d87f-4931-8187-1b68057cabe5">
          <Coords points="1992,3805 2001,3804 2055,3805 2088,3805 2088,3850 2054,3850 2005,3849 1997,3850"/>
          <TextEquiv>
            <Unicode>op</Unicode>
          </TextEquiv>
        </Word>
        <Word id="word_8b9c9d19-a0da-4bae-9611-0af9ec158384">
          <Coords points="2133,3805 2152,3804 2204,3804 2227,3804 2227,3849 2204,3849 2155,3849 2135,3850"/>
          <TextEquiv>
            <Unicode>d'</Unicode>
          </TextEquiv>
        </Word>
        <Word id="word_9c0ef4b4-91b3-4ab6-9516-c9110f81a225">
          <Coords points="2273,3804 2303,3803 2353,3802 2405,3804 2455,3806 2458,3806 2459,3851 2454,3851 2404,3849 2354,3847 2304,3848 2274,3849"/>
          <TextEquiv>
            <Unicode>Cust</Unicode>
          </TextEquiv>
        </Word>
        <Word id="word_3be27697-97e4-4e8f-9a74-37bd1e377128">
          <Coords points="2504,3805 2553,3803 2604,3803 2654,3803 2704,3803 2754,3803 2804,3803 2854,3803 2903,3802 2953,3800 2969,3800 2969,3845 2954,3845 2904,3847 2854,3848 2804,3848 2754,3848 2704,3848 2654,3848 2604,3848 2554,3848 2506,3850"/>
          <TextEquiv>
            <Unicode>Coromandel</Unicode>
          </TextEquiv>
        </Word>
        <Word id="word_c7df81b8-0846-4eb8-934d-8389319fbb81">
          <Coords points="3014,3800 3053,3799 3103,3797 3107,3797 3108,3842 3104,3842 3054,3844 3016,3845"/>
          <TextEquiv>
            <Unicode>ut</Unicode>
          </TextEquiv>
        </Word>
        <Word id="word_bd6bd1de-9fb6-4d59-bbfc-dcc403cd1329">
          <Coords points="3153,3795 3203,3793 3253,3792 3303,3790 3352,3787 3387,3788 3386,3833 3355,3832 3304,3835 3254,3837 3204,3838 3155,3840"/>
          <TextEquiv>
            <Unicode>supra</Unicode>
          </TextEquiv>
        </Word>
        <TextEquiv conf="0.8961270452011622">
          <Unicode>Casteel geldria op d' Cust Coromandel ut supra</Unicode>
        </TextEquiv>
        <TextStyle xHeight="51"/>
      </TextLine>
      <TextLine id="cd4ad3e0-95ac-4ff7-81a1-d3a8a212e433">
        <Coords points="2579,3845 3204,3849 3360,3836 3404,3872 3425,3871 3425,3954 3408,3954 3367,3984 3332,3953 3004,3957 2973,3953 2965,3945 2579,3946"/>
        <Baseline points="2620,3933 2670,3935 2720,3935 2770,3934 2820,3933 2870,3933 2920,3933 2970,3933 3020,3933 3070,3933 3120,3932 3170,3933 3220,3933 3270,3934 3320,3934 3370,3932 3385,3934"/>
        <Word id="word_1bd7b300-707d-45a1-be2b-478bc9427d68">
          <Coords points="2621,3898 2671,3900 2720,3900 2769,3899 2819,3898 2870,3898 2920,3898 2939,3898 2939,3943 2920,3943 2870,3943 2820,3943 2770,3944 2720,3945 2670,3945 2620,3943"/>
          <TextEquiv>
            <Unicode>Onder</Unicode>
          </TextEquiv>
        </Word>
        <Word id="word_72410bfd-711c-4654-a23a-6f8aadb2e5d7">
          <Coords points="3003,3898 3020,3898 3070,3898 3119,3897 3171,3898 3220,3898 3271,3899 3320,3899 3369,3897 3390,3899 3384,3944 3370,3942 3320,3944 3270,3944 3220,3943 3170,3943 3120,3942 3070,3943 3020,3943 3003,3943"/>
          <TextEquiv>
            <Unicode>stondt</Unicode>
          </TextEquiv>
        </Word>
        <TextEquiv conf="0.9015328078204197">
          <Unicode>Onder stondt</Unicode>
        </TextEquiv>
        <TextStyle xHeight="38"/>
      </TextLine>
      <TextLine id="line_3a68d435-5e54-48fd-ba30-ad1f226d593b">
        <Coords points="2437,3943 2966,3943 2974,3951 3002,3955 3341,3959 3376,3959 3394,3944 3394,4028 3380,4040 3142,4027 2986,4027 2970,4040 2778,4040 2746,4039 2726,4020 2682,4016 2437,4016"/>
        <Baseline points="2478,4003 2528,4005 2578,4004 2628,4003 2678,4004 2728,4005 2778,4005 2828,4006 2878,4006 2928,4006 2978,4007 3028,4008 3078,4009 3128,4009 3178,4009 3228,4009 3278,4009 3328,4009 3354,4007"/>
        <Word id="word_67c5e860-6c02-4cab-8ce0-03c177918368">
          <Coords points="2479,3968 2529,3970 2577,3969 2623,3968 2624,4013 2578,4014 2528,4015 2478,4013"/>
          <TextEquiv>
            <Unicode>end</Unicode>
          </TextEquiv>
        </Word>
        <Word id="word_94405e5e-bac1-44ad-9517-a05bb232468b">
          <Coords points="2684,3969 2690,3971 2729,3970 2778,3970 2819,3971 2818,4016 2778,4015 2728,4015 2675,4013 2669,4012"/>
          <TextEquiv>
            <Unicode>was</Unicode>
          </TextEquiv>
        </Word>
        <Word id="word_d2faa8ea-4b17-4c57-b21e-de9710c2d88d">
          <Coords points="2865,3972 2876,3971 2928,3971 2979,3972 3029,3973 3079,3974 3128,3974 3178,3974 3228,3974 3278,3974 3328,3974 3351,3972 3354,4017 3328,4019 3278,4019 3228,4019 3178,4019 3128,4019 3078,4019 3028,4018 2978,4017 2928,4016 2879,4016 2868,4017"/>
          <TextEquiv>
            <Unicode>geteeckent</Unicode>
          </TextEquiv>
        </Word>
        <TextEquiv conf="0.8541634502888326">
          <Unicode>end was geteeckent</Unicode>
        </TextEquiv>
        <TextStyle xHeight="33"/>
      </TextLine>
      <TextLine id="line_045d9c20-1728-48ec-ac6d-d908658fa3a9">
        <Coords points="2368,4019 2726,4018 2754,4042 2969,4038 2989,4026 3141,4026 3269,4033 3301,4065 3385,4062 3394,4069 3394,4152 3357,4148 3313,4188 3253,4187 3213,4159 3025,4155 2893,4154 2861,4168 2850,4159 2794,4160 2774,4168 2542,4167 2490,4184 2368,4179"/>
        <Baseline points="2409,4144 2459,4145 2509,4146 2559,4146 2609,4146 2659,4143 2709,4141 2759,4140 2809,4138 2859,4133 2909,4131 2959,4128 3009,4127 3059,4126 3109,4126 3159,4126 3209,4128 3259,4129 3309,4133 3354,4132"/>
        <Word id="word_beca86dd-ef72-485d-a5c4-8873db2f474a">
          <Coords points="2410,4109 2460,4110 2510,4111 2559,4111 2609,4111 2657,4108 2708,4106 2758,4105 2808,4103 2811,4103 2815,4147 2809,4148 2759,4150 2709,4151 2660,4153 2609,4156 2559,4156 2509,4156 2459,4155 2409,4154"/>
          <TextEquiv>
            <Unicode>Arnold</Unicode>
          </TextEquiv>
        </Word>
        <Word id="word_79b77288-83b3-48d1-9ae9-ca795a7870ca">
          <Coords points="2882,4096 2909,4096 2957,4093 3008,4092 3058,4091 3109,4091 3159,4091 3210,4093 3260,4094 3312,4098 3353,4097 3354,4142 3308,4143 3259,4139 3209,4138 3159,4136 3109,4136 3059,4136 3009,4137 2960,4138 2909,4141 2881,4141"/>
          <TextEquiv>
            <Unicode>Leussen</Unicode>
          </TextEquiv>
        </Word>
        <TextEquiv conf="0.8455941539395451">
          <Unicode>Arnold Leussen</Unicode>
        </TextEquiv>
        <TextStyle xHeight="56"/>
      </TextLine>
      <TextLine id="line_02939144-3348-4584-8720-8a2c4c219888">
        <Coords points="2314,4179 2488,4184 2532,4168 2772,4168 2820,4155 2857,4155 2871,4167 2903,4155 3215,4159 3295,4222 3368,4222 3368,4305 3350,4286 3340,4286 3279,4311 2314,4319"/>
        <Baseline points="2355,4312 2405,4307 2455,4305 2505,4305 2555,4304 2605,4305 2655,4303 2705,4302 2755,4303 2805,4303 2855,4301 2905,4299 2955,4299 3005,4298 3055,4298 3105,4300 3155,4301 3205,4300 3255,4298 3305,4292 3328,4285"/>
        <Word id="word_1cf71afc-76d9-4dbd-96df-7bf556345522">
          <Coords points="2352,4277 2402,4272 2454,4270 2505,4270 2554,4269 2606,4270 2654,4268 2704,4267 2756,4268 2805,4268 2854,4266 2904,4264 2955,4264 2955,4309 2905,4309 2855,4311 2805,4313 2755,4313 2705,4312 2655,4313 2605,4315 2555,4314 2505,4315 2455,4315 2406,4317 2356,4322"/>
          <TextEquiv>
            <Unicode>Lauwrens</Unicode>
          </TextEquiv>
        </Word>
        <Word id="word_2e48d48e-6d4b-431a-8da1-2f934a894ada">
          <Coords points="3028,4264 3054,4263 3106,4265 3156,4266 3204,4265 3254,4263 3301,4257 3318,4252 3331,4295 3306,4302 3255,4308 3205,4310 3155,4311 3105,4310 3055,4308 3030,4309"/>
          <TextEquiv>
            <Unicode>Pitt</Unicode>
          </TextEquiv>
        </Word>
        <TextEquiv conf="0.9148771655342961">
          <Unicode>Lauwrens Pitt</Unicode>
        </TextEquiv>
        <TextStyle xHeight="58"/>
      </TextLine>
    </TextRegion>
    <TextRegion id="region_20a251ad-d66e-486f-a873-7aa2c3a531bf_1" custom="structure {type:paragraph;}">
      <Coords points="2372,4096 2369,4099 2369,4113 2365,4117 2365,4120 2362,4124 2362,4131 2369,4131 2379,4120 2379,4113 2372,4106"/>
    </TextRegion>
    <TextRegion id="region_6b9c7cdd-d299-4103-ab5c-bcab03a20800_3" custom="structure {type:paragraph;}">
      <Coords points="1021,3685 1024,3688 1028,3688 1035,3695 1069,3695 1073,3692 1080,3692 1083,3688 1087,3688 1090,3685 1094,3685 1097,3681 1104,3681 1108,3678 1118,3678 1122,3674 1129,3674 1132,3671 1139,3671 1143,3667 1146,3667 1156,3657 1156,3647 1153,3643 1153,3640 1150,3640 1143,3633 1139,3633 1136,3629 1129,3629 1125,3633 1101,3633 1097,3629 1059,3629 1055,3633 1049,3633 1045,3636 1038,3636 1035,3640 1028,3640 1021,3647"/>
    </TextRegion>
    <TextRegion id="region_7f2c8c97-0b6a-436b-a2fb-6e0d42d95fee_6" custom="structure {type:signature-mark;}">
      <Coords points="2404,3981 2404,3984 2400,3988 2400,3991 2404,3995 2407,3995 2414,4002 2414,4016 2407,4023 2407,4026 2400,4033 2400,4037 2393,4044 2393,4051 2390,4054 2390,4058 2386,4061 2386,4075 2383,4078 2383,4082 2379,4085 2379,4089 2376,4092 2376,4106 2383,4113 2383,4120 2369,4134 2358,4134 2355,4138 2355,4145 2407,4145 2411,4148 2442,4148 2445,4152 2452,4152 2456,4155 2459,4155 2463,4152 2470,4152 2473,4148 2484,4148 2487,4145 2532,4145 2536,4141 2546,4141 2560,4127 2564,4127 2567,4124 2571,4124 2574,4127 2578,4127 2581,4131 2581,4138 2588,4145 2592,4145 2595,4148 2606,4148 2609,4152 2637,4152 2640,4155 2644,4155 2647,4159 2651,4159 2658,4166 2661,4166 2665,4169 2668,4169 2668,4166 2672,4162 2672,4159 2675,4155 2675,4138 2672,4134 2672,4127 2675,4124 2675,4120 2682,4113 2682,4099 2679,4096 2679,4085 2675,4082 2675,4075 2672,4071 2672,4068 2665,4061 2654,4061 2651,4058 2640,4058 2637,4054 2630,4054 2626,4051 2620,4051 2616,4047 2606,4047 2602,4044 2578,4044 2574,4040 2567,4040 2560,4033 2560,4030 2557,4026 2557,4023 2553,4019 2553,4016 2550,4016 2546,4012 2543,4012 2532,4002 2536,3998 2536,3991 2539,3988 2539,3981 2536,3977 2536,3974 2529,3967 2529,3964 2525,3960 2522,3960 2515,3953 2512,3953 2508,3950 2463,3950 2459,3953 2445,3953 2442,3957 2438,3957 2431,3964 2428,3964 2424,3967 2421,3967 2417,3970 2414,3970"/>
    </TextRegion>
    <TextRegion id="region_a9f6f6ce-3cc7-47f9-929a-7e9b4a36a3f7_5" custom="structure {type:signature-mark;}">
      <Coords points="2693,4134 2686,4141 2686,4152 2689,4155 2689,4159 2693,4162 2693,4166 2696,4166 2696,4162 2700,4159 2700,4155 2703,4152 2703,4141 2700,4141 2696,4138 2696,4134"/>
    </TextRegion>
    <TextRegion id="region_1f30e384-fdb2-4b26-a3eb-04835633e951_7" custom="structure {type:catch-word;}">
      <Coords points="3316,4357 3313,4354 3313,4350 3306,4343 3292,4343 3285,4350 3281,4350 3278,4354 3271,4354 3267,4357 3253,4357 3250,4361 3236,4361 3233,4364 3184,4364 3180,4361 3156,4361 3152,4357 3118,4357 3114,4354 3111,4357 3090,4357 3086,4361 3055,4361 3051,4364 3041,4364 3038,4368 3031,4368 3027,4371 3024,4371 3017,4378 3003,4378 2996,4385 2996,4388 2992,4392 2992,4395 2989,4399 2989,4406 2985,4409 2985,4420 2989,4423 2989,4427 2992,4430 2992,4437 2996,4441 2996,4444 2999,4448 2999,4451 3006,4451 3010,4455 3017,4455 3020,4458 3024,4458 3027,4462 3034,4462 3038,4465 3044,4465 3048,4469 3058,4469 3062,4472 3079,4472 3083,4476 3139,4476 3142,4472 3149,4472 3152,4469 3159,4469 3163,4465 3170,4465 3173,4462 3180,4462 3184,4458 3191,4458 3194,4455 3201,4455 3205,4451 3219,4451 3222,4448 3229,4448 3236,4441 3240,4441 3243,4437 3247,4437 3253,4430 3257,4430 3260,4427 3264,4427 3271,4420 3274,4420 3274,4416 3281,4409 3281,4406 3306,4381 3306,4378 3316,4368"/>
    </TextRegion>
  </Page>
</PcGts>
