3730 4937
651 275 972 354 Januarij
1008 266 1091 318 ao
1128 261 1289 308 1646

964 451 1183 503 wanneer
1214 452 1276 497 te
1307 452 1464 498 syner
1494 454 1774 501 geniskh:t
1805 456 1961 502 suldx
1991 455 2335 505 waerachtigh
2366 460 2617 517 bevondt,
2646 474 2709 520 en
2738 475 2833 522 den
2863 470 3019 522 Cap=t

951 584 1252 631 dierhalven
1282 583 1644 630 ontschuldigh
1673 581 1884 628 bevond,
1914 582 2156 628 vragende
2185 583 2398 633 wijders
2426 590 2516 637 uyt
2547 592 2577 637 s
2606 592 2849 648 Coninghs
2876 600 2998 649 name

963 708 1022 753 na
1052 708 1170 754 nogh
1198 706 1407 753 meerder
1435 707 1702 755 sarassen,
1730 709 1997 756 moenissen
2025 709 2233 756 stoffen
2262 709 2380 756 ende
2410 711 2647 762 lakenen,
2675 718 2735 764 en
2764 720 2942 770 hoewel
2970 726 3060 773 met

958 841 1240 891 versekerde
1267 839 1465 886 woorden
1491 840 1576 888 hem
1604 843 1716 890 sogh
1744 844 1828 890 ten
1856 845 1941 891 aff
1968 844 2025 890 te
2053 844 2221 891 setten
2248 844 2501 890 scheijden
2529 845 2643 892 niet
2669 848 2754 893 uyt
2781 848 2839 896 de
2866 849 3007 897 logie

959 972 1201 1021 bevooren
1230 971 1352 1017 nogh
1382 971 1503 1017 drie
1532 973 1743 1019 Stoffen
1773 974 2106 1023 medecreegh,
2133 978 2226 1024 die
2255 979 2346 1025 s=r
2375 979 2708 1025 Broeckhorst
2737 981 2828 1026 tot
2858 981 3043 1037 eijgen

956 1096 1215 1143 cledinge
1247 1096 1474 1142 bewaert
1506 1097 1700 1144 hadde,
1733 1099 2025 1145 brengende
2056 1101 2283 1150 deselve
2315 1105 2509 1153 aenden
2542 1107 2768 1153 Coningh
2800 1106 3029 1152 welckse

946 1222 1270 1270 onaengesien
1298 1224 1387 1270 hun
1415 1225 1532 1270 niet
1561 1225 1679 1271 raer
1708 1226 1913 1271 enwaren
1942 1225 2118 1271 echter
2147 1225 2469 1278 naesighnam,
2498 1234 2615 1281 ende
2644 1236 2703 1282 na
2732 1238 2850 1284 nogh
2878 1239 3083 1287 meerd=r

951 1352 1287 1399 „vragenliet,
1314 1354 1398 1400 een
1425 1355 1594 1405 teyken
1620 1360 1704 1405 van
1732 1356 2095 1405 onversadelijk
2122 1356 2235 1404 h.:t
2262 1359 2291 1405 ,
2318 1360 2514 1407 alwaert
2541 1362 2765 1408 datmen't
2793 1362 2992 1415 alwegen

944 1488 1054 1534 gaff
1079 1486 1190 1533 nogh
1215 1486 1379 1532 souden
1406 1487 1568 1532 gelijk
1595 1487 1758 1534 blyct)
1785 1487 1894 1533 niet
1919 1486 2301 1534 voldoencunnen,
2327 1489 2409 1535 dat
2436 1489 2518 1535 een
2544 1489 2762 1536 werdriet
2788 1491 2951 1537 gesake
2978 1492 3071 1544 is,

942 1620 1093 1665 onder
1122 1619 1454 1665 wijlencompt
1484 1619 1575 1666 met
1605 1621 1816 1667 grooten
1846 1619 1997 1666 staet
2026 1618 2147 1663 meen
2177 1616 2479 1663 palinckijn
2509 1616 2750 1663 gedragen
2780 1616 3022 1664 terlogie

933 1743 1035 1791 den
1068 1746 1236 1792 ouden
1270 1747 1472 1798 Prince
1505 1752 1909 1802 duckonghtho,
1942 1755 2178 1803 gewesen
2210 1756 2547 1802 gouverneur
2581 1755 2648 1801 in
2682 1753 2917 1800 giangh,
2949 1750 3053 1800 die

941 1880 999 1925 na
1027 1877 1261 1924 vermogen
1289 1879 1405 1925 goet
1434 1880 1725 1929 tractament
1753 1884 2015 1930 aendeden,
2043 1886 2276 1934 vragende
2304 1889 2566 1936 denselven
2593 1888 2710 1936 mede
2739 1888 2856 1935 naet
2884 1891 3058 1942 't'een

943 2007 1001 2054 en
1029 2006 1087 2051 t'
1116 2005 1260 2051 ander
1288 2007 1345 2052 te
1374 2007 1489 2053 coop
1516 2008 1604 2053 die
1631 2010 1717 2056 soo
1746 2011 1861 2057 veel
1889 2013 2176 2062 vermochten
2204 2016 2578 2068 accomodeerden
2605 2023 2863 2073 begeerden
2892 2026 2978 2073 dat

941 2134 1065 2182 over
1095 2138 1126 2184 3
1156 2139 1187 2184 â
1217 2139 1249 2185 4
1279 2141 1433 2189 dagen
1463 2144 1587 2192 hemf
1617 2145 2018 2192 comenbesoeken
2049 2146 2264 2193 souden,
2294 2146 2387 2193 dat
2417 2146 2695 2194 beloffden
2725 2146 2849 2192 ende
2878 2144 2972 2190 nae

930 2273 1136 2319 omtrent
1163 2275 1221 2321 1½
1248 2274 1570 2323 uijrsittens
1598 2278 1744 2325 (laet
1773 2280 1832 2326 op
1860 2281 2151 2329 denmiddagh
2180 2283 2412 2330 wesende)
2441 2283 2703 2332 vertrock,
2731 2285 2819 2331 als
2848 2284 3056 2332 wanneer

942 2413 1302 2463 wederomquam
1334 2419 1432 2465 den
1465 2420 1661 2471 Capado
1693 2427 1987 2473 Ongadingh
2020 2426 2216 2472 ommogh
2248 2424 2543 2471 almeerder
2575 2426 2903 2473 ondersoeck
2935 2429 3004 2475 na

929 2548 1206 2596 t'eenent'
1235 2550 1388 2597 ander
1418 2551 1540 2598 voor
1571 2553 1663 2599 den
1692 2554 1906 2604 Coningh
1936 2560 1998 2605 te
2027 2561 2180 2608 doen,
2209 2561 2455 2607 willende
2484 2563 2547 2611 in
2575 2568 2636 2613 't
2667 2568 2942 2616 packhuijs

934 2676 1111 2725 wesen,
1139 2679 1256 2725 ende
1283 2678 1400 2723 sien
1427 2676 1516 2723 wat
1544 2678 1660 2724 daer
1689 2679 1865 2726 school
1892 2682 2008 2730 ende
2037 2685 2124 2731 dat
2152 2686 2472 2737 onderschijn
2499 2691 2616 2738 vant
2644 2693 2790 2740 huijs
2818 2695 2935 2743 eens
2962 2698 3021 2744 te

939 2807 1143 2857 besien:
1172 2809 1288 2855 maer
1316 2810 1432 2856 sijn
1461 2810 1663 2856 maxinen
1691 2806 1865 2854 bekent
1894 2806 2068 2855 sijnde
2096 2810 2299 2858 hielden
2328 2813 2414 2858 ons
2443 2813 2733 2862 eenweyingh
2760 2817 2849 2864 aen
2876 2820 2966 2870 een

943 2933 1078 2981 cant
1111 2936 1214 2986 tot
1246 2942 1381 2990 wegh
1413 2944 1549 2990 was,
1583 2945 1684 2990 als
1717 2945 1953 2991 wanneer
1987 2943 2292 2991 denavondt
2320 2946 2660 2995 beginnende
2694 2950 2763 2997 te
2795 2953 3005 3004 vallen

927 3061 1017 3107 den
1046 3061 1164 3108 Ongh
1194 3063 1372 3114 Ioema.
1399 3069 1461 3115 an
1489 3071 1578 3119 ons
1606 3073 1844 3120 besoeken
1873 3075 2022 3121 quam,
2050 3075 2139 3121 die
2168 3072 2287 3119 mede
2316 3072 2376 3118 na
2405 3071 2643 3120 behooren
2670 3076 2939 3130 tracteerd
2965 3087 3028 3137 en

920 3188 1007 3235 soo
1035 3188 1123 3234 met
1150 3190 1408 3239 hollandse
1436 3194 1522 3240 als
1551 3195 1838 3242 toncquinse
1865 3198 2009 3246 cost,
2037 3201 2123 3247 tot
2151 3201 2238 3246 des
2266 3201 2438 3247 avonds
2467 3201 2610 3247 laet,
2638 3201 2725 3246 dat
2753 3202 2839 3247 wel
2867 3202 3041 3253 gecon„

883 3319 1161 3368 „tenteert
1191 3321 1346 3370 weder
1376 3326 1622 3372 vertrock
1653 3327 1899 3373 hebbende
1930 3328 2022 3374 den
2052 3326 2238 3374 gansen
2268 3328 2391 3374 dagh
2422 3327 2514 3373 van
2544 3326 2638 3372 alt
2668 3325 2884 3373 besoeck
2912 3325 3007 3373 der

918 3450 1160 3498 grooten
1192 3450 1435 3497 (twelcq
1469 3452 1709 3499 vanduyr
1744 3454 1916 3499 onser
1950 3454 2157 3501 compst
2190 3456 2431 3502 geduyrt
2465 3453 2637 3501 heeft
2671 3453 2810 3499 ende
2843 3454 2981 3500 nogh

924 3579 1124 3626 quali:k
1152 3579 1296 3627 eynde
1324 3582 1554 3633 aensien)
1580 3588 1639 3634 de
1666 3590 1753 3636 tyt
1781 3591 1896 3637 niet
1923 3592 2067 3639 gehad
2095 3590 2181 3636 een
2208 3583 2466 3634 beetbrood
2494 3581 2609 3627 inde
2637 3581 2752 3626 mont
2780 3581 2837 3626 te
2866 3581 3038 3633 steken

919 3711 984 3758 't
1016 3709 1239 3756 schijnt
1270 3708 1366 3753 ons
1398 3708 1589 3753 langhs
1621 3707 1716 3752 soo
1748 3707 1875 3753 meer
1907 3707 2162 3755 beginnen
2194 3707 2258 3752 te
2290 3704 2544 3752 beminnen
2576 3700 2831 3748 'twelcke
2862 3692 2959 3744 met

923 3834 1021 3880 een
1048 3832 1277 3880 cleijne
1308 3828 1694 3877 erkentenisse
1725 3827 2304 3876 Jaerlijxlichtelijk
2335 3826 2689 3874 onderhouden
2719 3825 2817 3871 can
2849 3826 3049 3878 werden

2471 4038 2623 4085 adij
2661 4039 2775 4088 7„e
2811 4041 2931 4088 d:o

182 1865 224 1912 ck

2805 286 3001 338 713
