3724 4773
1374 963 1586 1010 weder
1626 959 1755 1006 een
1797 961 1966 1009 voet
2008 960 2347 1010 geboeht,
2388 962 2643 1010 twelck
2683 958 2854 1008 hans
2896 956 3276 1004 rasserins
3319 953 3500 1003 quar

1389 1075 1673 1126 tiermr.
1713 1076 1875 1122 ende
1914 1072 2200 1122 Anthony
2240 1072 2484 1118 dirxsz
2521 1067 2727 1116 bossr
2766 1057 3051 1110 gehoort
3091 1056 3254 1102 ende
3293 1051 3458 1101 door

1388 1184 1518 1234 syn
1558 1178 2193 1231 boschonckenheyt
2234 1184 2361 1229 als
2403 1184 2488 1231 sy
2527 1181 2824 1230 gelycke
2864 1172 3120 1226 Except
3160 1162 3507 1215 hendrick

1405 1294 1734 1342 hendrixsz
1769 1293 2097 1341 verclaren
2133 1296 2352 1345 gesicn
2388 1298 2461 1345 te
2497 1294 2716 1342 hebben
2751 1288 3079 1338 verclaren
3114 1284 3189 1332 sy
3222 1270 3480 1329 geinter

1413 1418 1822 1467 reyeerdens
1863 1419 2313 1467 gelyckelijk
2353 1417 2476 1463 dat
2517 1415 2681 1462 haer
2720 1406 3007 1459 Coopman
3045 1393 3458 1450 Snoydegens

1415 1538 1532 1588 het
1569 1536 1839 1583 geheele
1877 1536 2338 1584 Scheepsvolck
2375 1535 2568 1583 boven
2606 1535 2913 1581 ontboden
2949 1535 3105 1582 ende
3143 1529 3488 1578 gevraecht

1412 1653 1614 1703 heeft
1651 1651 1852 1700 wyede
1892 1652 2091 1698 beste
2130 1646 2449 1697 middelen
2489 1646 2688 1692 wiste
2728 1646 2807 1691 om
2847 1646 2967 1691 het
3005 1642 3205 1690 jacht
3245 1638 3404 1687 daer

1397 1748 1564 1799 affe
1605 1754 1896 1806 cryyen,
1928 1753 2228 1806 d'selve
2267 1746 2476 1798 mocht
2517 1742 2643 1791 het
2683 1736 3140 1786 voorwenden,
3181 1734 3431 1782 twelck

1393 1858 1564 1907 mits
1604 1857 1732 1904 des
1774 1852 2155 1902 Schippers
2195 1845 2787 1898 onrodelyckheyt
2829 1844 2999 1892 alte
3039 1836 3209 1887 laat
3251 1834 3379 1881 was

1326 2095 1495 2140 Enren
1529 2095 1597 2141 hy
1630 2097 2211 2153 geinterroyeerdens

1320 2195 1687 2243 anderhalven
1719 2197 1853 2243 dach
1885 2196 2118 2245 gehoten
2150 2195 2219 2243 te

1332 2285 1526 2335 hebben
1558 2288 1721 2335 geert
1751 2292 2043 2342 geborsten
2073 2299 2138 2345 is

1333 2541 1647 2597 anwoorden
1682 2552 2067 2602 gesamentl.k
2101 2554 2212 2605 van

1263 2987 1527 3045 refleceren
1551 3002 1815 3052 gesamentl.
1840 3008 1919 3055 dat
1945 3011 1999 3057 de
2023 3013 2234 3062 schipper

2291 3014 2509 3061 waerde
2542 3015 2724 3062 reste
2759 3012 2905 3060 vant
2941 3008 3122 3057 volck
3156 3002 3450 3053 gebleven

1267 3082 1378 3129 inde
1405 3082 1600 3131 Coopman
1626 3087 1710 3135 hun
1736 3090 1902 3136 gelast
1929 3090 2095 3139 hebben
2122 3094 2263 3145 Jacht

2323 3103 2402 3152 is
2437 3106 2592 3154 ende
2631 3104 2746 3150 off
2784 3104 2937 3150 opde
2975 3098 3361 3148 behoudenis

1293 3159 1447 3208 inden
1477 3162 1632 3209 brant
1661 3164 1969 3214 vestuecken
2000 3169 2215 3219 twelcke

2322 3192 2423 3242 der
2456 3193 2658 3239 selver
2691 3191 2858 3239 goede
2890 3187 3059 3236 order
3089 3180 3328 3232 gestelt
3360 3182 3443 3228 sy

1284 3234 1456 3282 gedaen
1484 3236 1628 3283 synde
1655 3238 1828 3288 hebben
1855 3244 1941 3289 hun
1970 3244 2113 3293 vande
2141 3248 2287 3299 brant

1288 3332 1396 3379 ter
1430 3328 1648 3375 nauwer
1684 3328 1828 3375 noot
1863 3330 1971 3376 met
2007 3330 2261 3380 tvloten
2295 3335 2404 3382 dat

1293 3404 1448 3452 aende
1478 3403 1634 3449 gront
1665 3403 1789 3449 sadt
1819 3404 2006 3452 cunnen
2036 3408 2285 3457 salveren
2315 3411 2439 3457 daer
2469 3410 2625 3456 wolck
2655 3410 2812 3456 vande
2842 3409 2966 3454 boot
2997 3409 3091 3455 hun
3116 3404 3432 3455 gesamentlk

1290 3493 1383 3540 met
1413 3488 1752 3537 huntastinge
1781 3489 1997 3535 belooft
2028 3488 2304 3534 derselver
2335 3488 2489 3534 goede
2518 3489 2673 3535 ordre
2703 3489 2765 3535 by
2795 3487 2889 3533 het
2918 3488 3073 3534 vlodt
3102 3488 3165 3534 te
3195 3485 3382 3532 sullen

1284 3573 1494 3625 blyven
1528 3571 1806 3622 soodicht
1839 3578 1944 3626 jne
1977 3583 2221 3633 dochter
2253 3590 2357 3637 als
2390 3589 2495 3636 dat
2528 3584 2736 3633 geluyt
2770 3583 2943 3628 vande
2978 3582 3151 3628 clock
3184 3580 3288 3626 die
3323 3580 3392 3626 hy

1281 3661 1702 3712 gebraechdens
1737 3663 1842 3709 tot
1876 3663 2017 3712 dien
2050 3666 2226 3714 eynde
2260 3667 2400 3715 mede
2435 3667 2574 3712 vant
2609 3664 2784 3712 jucht
2818 3659 3063 3708 genomen
3097 3657 3272 3704 hadde
3305 3656 3482 3704 (daer

1280 3746 1339 3793 op
1367 3744 1602 3792 staende)
1630 3745 1777 3792 soude
1805 3746 1980 3792 cunnen
2009 3745 2185 3790 hooren
2213 3744 2389 3789 echter
2417 3743 2709 3790 doorgeyven
2739 3744 2856 3790 ende
2884 3741 3001 3789 haer
3030 3741 3264 3788 verlaten
3293 3741 3468 3787 hebben

1304 3822 1512 3875 sonder
1545 3817 1719 3865 weder
1754 3817 1893 3866 naer
1925 3821 2066 3868 haer
2099 3825 2169 3871 op
2203 3826 2273 3871 te
2307 3826 2411 3874 syn

1272 4043 1490 4090 Seggen
1524 4046 1888 4099 gesamentl.
1921 4057 2032 4107 dat
2065 4064 2211 4112 yder

1277 4140 1389 4186 syn
1427 4139 1577 4187 best
1612 4142 1839 4193 gedaen
1874 4150 2062 4203 heeft
2099 4150 2287 4204 weert
2318 4142 2696 4192 officieren
2733 4145 2884 4191 ofte
2920 4142 3220 4191 matrosen
3254 4141 3411 4194 sich

2266 4057 2396 4107 Off
2437 4053 2696 4102 yemant
2738 4057 2868 4104 der
2911 4046 3343 4102 aenwesende

2339 2510 2451 2562 Off
2486 2508 2668 2554 geene
2704 2508 2994 2559 middelen
3030 2513 3139 2560 syn
3174 2515 3502 2565 aengewent

2357 2613 2580 2663 connen
2616 2614 2835 2660 worden
2872 2612 3055 2659 omme.
3091 2611 3165 2657 dE
3200 2594 3421 2655 compes

2340 2711 2600 2766 geschat
2634 2703 2964 2755 admonitie
2999 2699 3147 2747 ende
3182 2694 3402 2742 andere

2346 2808 2572 2857 schueps
2603 2798 3054 2853 gereetschappen
3085 2793 3151 2841 te
3179 2788 3375 2835 bergen

2343 2071 2478 2126 hoe
2519 2066 2743 2114 lange
2785 2068 3184 2117 welhadden
3227 2065 3404 2111 vast

2333 2185 2576 2233 geseten
2611 2185 2715 2231 als
2749 2184 2854 2230 het
2887 2185 3062 2235 sucht
3094 2174 3409 2230 gebarsten

2355 2289 2552 2338 offte
2590 2290 2904 2339 gebroken
2941 2288 3022 2335 is

2214 506 2322 555 Comn
2347 503 2538 550 Millime
2564 502 2672 549 dasz
2698 503 2780 548 den
2807 503 2888 550 hr.
2915 506 3157 553 directeur
3183 508 3321 557 Arent

2939 1978 3019 2026 11

2919 2404 3038 2451 12

2915 2925 2998 2971 13

1737 2432 1851 2483 12

1307 2632 1560 2678 Neen

1708 3905 1997 3971 14.
