3573 4958
2766 322 2918 386 129

592 329 821 394 Junij
861 319 1045 373 1646

941 493 1093 546 sijne
1122 492 1334 539 genomen
1363 494 1604 550 moeijten
1634 506 1934 553 bedamcbden
1964 506 2054 551 met
2085 506 2266 554 werder
2294 510 2537 572 versoeck
2564 529 2657 581 ons
2684 538 2866 586 wijder
2895 542 2987 591 die

934 620 1164 670 gerechte
1192 620 1365 668 saeck,
1392 623 1536 671 wilde
1564 627 1736 677 helpen
1764 633 1850 678 tot
1879 632 2137 679 rechtende
2165 633 2396 685 Justitie
2421 642 2651 698 brengen,
2679 654 2738 700 op
2764 656 2851 704 dat
2879 659 3026 711 veele

923 748 1136 796 onlusten
1161 752 1268 800 daer
1292 756 1399 801 door
1424 757 1611 807 geweert
1632 760 1740 809 moch
1766 760 1846 805 ten
1871 759 2084 806 blijven:
2108 762 2374 819 mitsgaders
2395 773 2479 821 als
2503 778 2583 826 tot
2608 782 2714 830 dato
2740 785 2793 831 's
2819 787 3047 837 Coninghs

897 871 1014 923 ende
1041 870 1130 917 der
1157 872 1388 920 Chinesen
1415 876 1645 928 vrunden,
1673 883 1760 930 die
1788 885 1875 931 wij
1903 886 1989 932 wel
2017 887 2306 938 verstaende
2333 894 2391 941 de
2419 896 2679 948 Chinesen)
2706 904 2993 957 oversulcke

923 990 1072 1036 saken
1101 991 1280 1041 anders
1308 997 1428 1044 voor
1456 999 1694 1048 vijanden
1722 1004 1901 1052 souden
1929 1006 2227 1057 verclaren.
2255 1013 2344 1061 nae
2373 1017 2611 1065 'twelcke
2639 1022 2699 1067 en
2728 1021 3025 1077 minnelijck

876 1115 1089 1162 genomen
1119 1116 1424 1165 affscheijt
1453 1121 1696 1171 terlogie
1726 1126 1909 1173 quamen
1938 1128 2062 1177 daer
2090 1134 2366 1186 gedachten
2394 1142 2486 1188 S:a
2515 1142 2638 1188 heij
2667 1143 2789 1191 coop
2819 1147 3005 1199 vonden

915 1245 1003 1293 wel
1031 1246 1177 1292 blond
1206 1247 1322 1295 ende
1351 1250 1496 1300 blauw
1524 1255 1786 1306 geslagen,
1815 1259 2076 1306 soodanigh
2103 1257 2192 1302 dat
2220 1257 2395 1305 schier
2423 1260 2714 1312 geenmensch
2741 1268 2801 1316 en
2829 1271 3038 1326 geleeck

909 1365 1053 1412 synde
1081 1366 1224 1413 hende
1252 1368 1481 1418 clederen
1508 1374 1566 1421 en
1594 1377 1737 1424 alles
1765 1379 1879 1425 vant
1908 1380 1993 1425 gad
2022 1380 2279 1430 gescheurt
2307 1386 2365 1432 de
2392 1388 2564 1437 ringen
2592 1393 2735 1440 vande
2763 1396 2993 1451 vingers:

904 1495 1220 1546 mitsgaders
1251 1502 1409 1549 paert
1440 1504 1503 1549 en
1534 1504 1693 1552 alles
1723 1507 1976 1553 ontnomen
2007 1509 2166 1557 sulcx
2195 1513 2447 1562 eenelijk
2478 1517 2605 1566 maer
2636 1521 2731 1567 een
2762 1521 2857 1569 met
2888 1525 2988 1579 een

904 1634 1060 1685 stuck
1089 1633 1212 1679 vant
1243 1633 1396 1679 hempt
1426 1634 1548 1682 ende
1579 1635 1762 1682 broeck
1793 1635 1884 1681 ter
1915 1635 2129 1682 namober
2159 1637 2252 1685 noo
2281 1641 2343 1689 in
2373 1644 2465 1692 een
2495 1647 2739 1696 barckjen
2770 1651 2957 1704 thuijs

902 1761 1061 1811 quam,
1090 1766 1341 1813 'twelcke
1373 1765 1623 1811 terstond
1654 1762 2220 1811 wederomaenongahaij
2249 1765 2438 1813 lieten
2469 1768 2689 1818 seggen,
2720 1772 3034 1820 metvoirder

911 1899 1168 1949 versoecq
1198 1905 1294 1951 van
1326 1901 1517 1951 trecht
1549 1900 1677 1947 ende
1708 1899 1804 1944 wes
1835 1898 1963 1945 meer
1995 1900 2092 1947 als
2123 1902 2315 1953 vooren
2346 1909 2601 1957 verhaelt
2630 1910 2728 1957 ter
2760 1908 2985 1956 materie

901 2039 1156 2086 dienende,
1184 2037 1439 2085 denselven
1466 2037 1581 2083 liet
1609 2037 1666 2082 in
1694 2035 1949 2082 antwoorde
1977 2035 2176 2086 dienen,
2204 2042 2374 2088 gerust
2402 2043 2629 2091 blijven,
2657 2046 2742 2093 hij
2770 2048 2913 2095 wilde
2940 2052 3025 2097 van

908 2172 1053 2221 avond
1080 2170 1255 2217 selffs
1283 2170 1343 2217 by
1370 2173 1457 2218 den
1486 2173 1688 2220 Coningh
1717 2174 1832 2221 gaen
1860 2173 1976 2219 ende
2005 2173 2121 2218 onse
2149 2173 2294 2219 saken
2322 2174 2611 2222 beslechten
2640 2177 2727 2223 dat
2756 2178 3018 2225 contenten

881 2301 1213 2350 menthebben
1243 2301 1456 2349 souden,
1485 2305 1607 2352 waer
1636 2308 1728 2355 bij
1756 2311 1817 2358 't
1847 2313 2089 2359 vanavond
2118 2315 2301 2364 lieten
2330 2320 2572 2371 berusten
2601 2326 2663 2373 en
2692 2329 2995 2376 voornoemde

895 2439 1049 2487 onder
1078 2439 1598 2490 Coopmanverbinden,
1627 2446 1720 2495 die
1749 2451 1872 2499 veel
1901 2455 2085 2507 bloets
2114 2462 2238 2512 uijt
2266 2467 2329 2513 de
2358 2468 2633 2519 vorenende
2662 2474 2817 2523 monde
2845 2479 3014 2526 quijt

856 2568 890 2616 t
912 2571 1206 2620 geraecten,
1235 2572 1322 2618 god
1350 2571 1673 2620 wilhenweder
1700 2576 1788 2624 tot
1816 2579 2109 2633 gesondth:t
2136 2589 2341 2643 brengen
2369 2598 2776 2650 wantswbaerlijk
2805 2605 3009 2657 geslagh

890 2709 979 2756 is,
1006 2707 1155 2753 onder
1184 2706 1361 2752 wijlen
1389 2705 1567 2752 lieten
1596 2706 1832 2754 voors.:z
1861 2709 2098 2759 ongeluck
2126 2715 2246 2763 oocq
2272 2720 2421 2769 weten
2449 2725 2627 2774 aenden
2655 2729 2832 2776 Capado

883 2843 1107 2892 Ongaton
1138 2842 1266 2889 door
1297 2844 1393 2891 den
1424 2844 1679 2890 Japander
1710 2845 2092 2899 Kisemondonne
2124 2854 2220 2899 met
2251 2854 2506 2901 versoeck
2537 2856 2634 2903 ons
2664 2857 2761 2904 met
2792 2858 2984 2906 sijnen

890 2978 1046 3026 wysen
1077 2978 1201 3024 Raed
1232 2977 1419 3023 indese
1450 2977 1637 3023 saecke
1668 2978 1793 3025 dogh
1824 2981 1979 3028 wilde
2010 2983 2353 3031 adsisteren,
2384 2986 2665 3035 denselven
2695 2991 2820 3039 liet
2851 2993 2950 3039 ons

781 3115 946 3165 weten
979 3120 1077 3165 den
1110 3120 1308 3166 Jongen
1341 3118 1571 3165 Coningh
1603 3117 1736 3163 ende
1768 3117 1901 3163 alle
1933 3119 1999 3165 de
2032 3120 2263 3168 grooten
2295 3123 2429 3171 voor
2458 3125 2526 3172 de
2559 3124 2724 3173 may.t
2756 3126 2955 3177 hadden

887 3258 1105 3309 gelopen
1136 3258 1259 3304 omde
1288 3257 1535 3304 Chinesen
1565 3257 1811 3306 overhare
1842 3261 2088 3309 betoonde
2118 3264 2396 3309 grootsh:t
2425 3264 2487 3310 te
2517 3264 2672 3313 mogen
2701 3268 2961 3323 straffen

856 3395 983 3443 want
1014 3395 1109 3441 hun
1141 3395 1299 3440 ijder
1330 3395 1615 3441 eenhatigh
1645 3394 1805 3440 ware,
1834 3395 1930 3441 soo
1961 3396 2056 3442 wel
2087 3397 2246 3447 groot
2277 3402 2373 3449 als
2403 3405 2593 3451 cleijn
2623 3401 2933 3450 werdende

891 3533 1023 3579 maer
1057 3534 1255 3580 vanden
1288 3534 1520 3581 Coningh
1553 3536 1752 3587 alleen
1784 3543 2018 3591 bemindt
2049 3547 2447 3597 uytvreesevan
2480 3550 2645 3597 Iquan
2678 3544 2943 3595 waeromme

887 3666 1017 3713 best
1047 3665 1243 3712 dochte
1275 3668 1372 3713 ons
1404 3668 1631 3718 maij=ts
1662 3673 1857 3722 toorne
1887 3678 1985 3724 met
2016 3680 2082 3726 op
2113 3682 2211 3728 den
2242 3684 2372 3731 hals
2402 3685 2469 3731 te
2500 3687 2662 3734 halen
2693 3690 2790 3735 ons
2823 3686 2921 3736 soo

880 3791 1276 3841 verdraeghsaem
1307 3796 1460 3843 hield
1489 3798 1550 3843 en
1581 3798 1673 3845 als
1702 3800 1947 3856 mogelijk
1976 3811 2099 3858 was,
2128 3814 2433 3861 tantconden
2463 3817 2737 3863 syluijden
2767 3819 2859 3865 met
2888 3819 2983 3868 hun

879 3923 1043 3969 allen
1075 3925 1173 3970 hem
1206 3925 1337 3970 niet
1369 3925 1599 3973 gewegen
1631 3929 1764 3981 omde
1794 3938 2056 3987 Chinesen
2087 3941 2157 3988 te
2186 3947 2448 3998 Straffen
2480 3954 2742 4001 overhare
2774 3953 2953 4004 onbe

2543 4094 2927 4145 hoorlyckh:t:

184 518 259 572 nen

2949 401 2988 451 2
