3573 4958
2797 249 2971 296 721

565 272 769 329 mayo
815 260 1036 313 1646

607 505 725 560 adij
749 497 838 548 4:e
862 488 951 540 d:o
975 465 1318 531 wederlydagh:
1345 463 1800 509 maercompt'sonser
1828 460 1970 508 grote
1997 456 2395 504 verwoonderinge
2423 459 2536 506 niet
2565 461 2622 507 te
2650 463 2792 509 Coop,
2820 464 3036 515 brengen

944 585 1009 633 de
1038 569 1453 628 principaelste
1482 572 1706 626 Coopl:n
1736 578 1958 628 Pauldho
1988 577 2211 623 antonio
2242 576 2307 621 en
2337 577 2496 623 Pedro
2527 571 3035 623 oocqgaerweijnigh

973 688 1084 740 aen,
1111 683 1380 733 dieseggen,
1407 682 1651 728 d'oorsake
1677 684 1731 729 te
1757 683 1893 728 wesen
1919 681 2001 727 dat
2027 679 2082 725 de
2109 678 2217 724 syde
2243 678 2298 724 op
2325 679 2379 724 de
2406 679 2594 726 basaers
2621 678 2756 726 vande
2783 675 3080 723 voorcoopers

964 797 1051 844 die
1078 791 1196 841 inde
1225 791 1573 838 dorpenwoonen
1602 793 1718 839 werd
1747 790 2009 839 opgekocht
2038 789 2096 835 en
2124 788 2415 834 ingehouden
2444 789 2532 834 tot
2560 790 2618 836 de
2647 791 2763 836 twee
2791 783 2997 836 Chinese

938 903 1158 957 Joncquen
1183 899 1322 946 boven
1348 899 1513 946 komen,
1540 901 1650 947 omme
1676 897 1950 946 aendeselve
1978 897 2032 942 te
2059 897 2334 943 vercoopen,
2360 898 2497 945 alsoo
2524 897 2607 942 een
2634 898 2825 944 grooten
2853 898 2962 944 roep
2989 895 3127 943 doort

970 1029 1092 1077 land
1121 1025 1242 1073 gaet
1271 1022 1362 1070 dat
1392 1020 1513 1066 veel
1541 1020 1723 1067 silver
1752 1020 1874 1066 mede
1903 1019 2144 1067 brengen;
2174 1021 2295 1067 Siet
2325 1022 2565 1069 d'eerste
2594 1020 2897 1069 beginselen
2926 1018 3077 1066 vande

967 1142 1280 1192 hinderpalen
1307 1141 1366 1187 in
1393 1142 1536 1189 Comp.
1563 1143 1592 1188 e
1619 1142 1790 1188 sijden
1818 1141 1988 1187 handel
2017 1141 2131 1187 door
2158 1143 2244 1188 der
2272 1142 2499 1189 Chinesen
2526 1141 2868 1189 wedercompste
2893 1143 3094 1190 datter—

978 1261 1084 1307 niet
1110 1260 1371 1307 aenbeteren
1397 1261 1449 1308 en
1476 1263 1555 1308 sal
1580 1264 1659 1310 soo
1685 1265 1815 1310 lange
1841 1262 2103 1310 proffijten
2128 1261 2260 1307 weten
2286 1262 2339 1307 te
2364 1263 2469 1308 doen
2494 1262 2783 1311 onaengesien
2807 1264 2862 1310 de
2887 1265 3102 1314 vexatien

967 1369 1060 1417 die
1091 1370 1246 1417 onder
1276 1370 1680 1420 worpenbennen/

780 1491 893 1540 Soo
928 1481 1305 1534 hebbenoocq
1342 1480 1567 1526 almede
1603 1477 1980 1526 onderduijm
2016 1476 2168 1522 dese
2204 1477 2429 1524 middel
2467 1470 2842 1524 aengewendt
2878 1467 2954 1513 om

978 1585 1175 1635 meerder
1202 1584 1372 1630 partye
1399 1584 1513 1630 syde
1540 1585 1738 1631 temogen
1765 1583 1990 1631 trecken,
2018 1583 2132 1628 ende
2159 1584 2329 1630 echter
2355 1585 2412 1631 de
2439 1583 2581 1630 marct
2608 1580 2722 1627 niet
2748 1577 2806 1625 te
2833 1574 3061 1622 bederven

975 1703 1031 1750 op
1057 1701 1114 1749 de
1141 1697 1253 1745 syde
1280 1694 1560 1741 namentlijk
1586 1696 1670 1742 dat
1697 1696 1753 1741 wy
1780 1691 2058 1741 voornoemde
2086 1690 2197 1736 drie
2225 1688 2531 1735 principalen
2558 1688 2697 1734 Coopl
2724 1685 2892 1733 alleen
2919 1682 3092 1730 hebben

978 1809 1299 1859 aengemaent,
1329 1809 1446 1854 alle
1474 1807 1533 1853 de
1562 1807 1679 1852 meth
1709 1807 1796 1852 dat
1826 1804 2176 1852 debestelijde
2205 1803 2293 1849 is)
2322 1803 2382 1849 op
2410 1804 2469 1850 de
2497 1804 2673 1850 Basaar
2702 1804 2761 1849 op
2789 1803 2848 1849 te
2878 1800 3053 1848 Coopen

966 1935 1078 1990 ende
1102 1928 1239 1978 aende
1265 1924 1400 1972 Comp.
1427 1924 1454 1969 e
1480 1922 1642 1969 droogh
1669 1922 1938 1968 televeren,
1965 1921 2073 1967 mits
2100 1922 2261 1968 dathun
2288 1922 2369 1967 die
2396 1922 2611 1967 affnemen
2638 1922 2799 1967 souden
2826 1921 2961 1967 tegen
2987 1919 3042 1966 18
3067 1914 3097 1963 —

973 2047 1174 2110 Facaar,
1199 2044 1312 2091 waer
1338 2043 1450 2089 door
1478 2041 1588 2088 dese
1616 2041 1810 2088 luijden
1837 2043 1920 2088 wel
1948 2042 2170 2088 schijnen
2197 2041 2336 2087 eenig
2363 2038 2502 2086 hoope
2529 2035 2585 2082 te
2612 2031 2751 2079 geven
2778 2028 2862 2075 van
2888 2025 2972 2073 wat

986 2162 1191 2215 meerder
1218 2159 1363 2206 aente
1391 2156 1624 2203 brengen:
1650 2158 1767 2204 maer
1795 2158 1940 2204 compt
1967 2158 2083 2205 niet
2111 2157 2227 2203 eens
2255 2157 2313 2204 in
2342 2152 2688 2204 consideratie
2716 2151 2803 2197 bij
2831 2148 3033 2196 voorige

973 2282 1166 2333 Jaren,
1197 2280 1451 2327 Jnvougen
1482 2278 1546 2324 de
1578 2277 1736 2323 hoope
1768 2277 1863 2322 tot
1893 2275 2306 2322 troucqueringh
2337 2274 2464 2320 vant
2496 2274 2750 2321 Capitael
2781 2275 2877 2324 tot
2903 2276 3066 2325 heden

959 2401 1047 2449 vry
1075 2402 1221 2449 swacq
1250 2401 1454 2449 blijft,
1481 2405 1541 2454 90
1567 2407 1627 2454 d'
1656 2407 1773 2452 geve
1802 2407 1947 2453 beter
1976 2407 2268 2454 uijtvalle,
2296 2408 2412 2454 want
2441 2408 2529 2454 den
2558 2406 2646 2453 tyt
2674 2401 2790 2449 cort
2819 2401 2994 2448 begint
3023 2399 3081 2444 te

982 2528 1305 2585 worden

713 2657 830 2708 adij
858 2653 944 2704 5:e
970 2648 1055 2695 d:o
1083 2645 1394 2693 verschijnen
1422 2645 1592 2692 eenige
1620 2644 1848 2690 dienaers
1874 2646 2017 2695 boven
2044 2651 2215 2700 vanden
2241 2655 2412 2702 Capado
2438 2652 2723 2701 Ongadinghs
2750 2648 3007 2696 schrijver

983 2747 1160 2794 welcke
1188 2749 1364 2797 aenden
1392 2752 1568 2800 Jongen
1597 2755 1801 2802 Coningh
1830 2756 1976 2801 comen
2006 2756 2181 2803 seggen
2210 2758 2297 2803 dat
2327 2757 2385 2803 de
2413 2753 2648 2801 gekomene
2676 2747 2911 2797 Chinesen
2939 2744 3061 2792 haer

979 2848 1103 2897 uijt
1133 2852 1351 2900 denname
1381 2855 1474 2902 van
1504 2856 1598 2902 syn
1629 2855 1815 2901 Altese
1846 2855 2187 2906 affgesonden
2218 2861 2373 2907 wesen
2404 2862 2527 2907 niet
2558 2862 2744 2908 wilden
2775 2860 3023 2908 aennemen

935 2972 1150 3019 nochte
1185 2972 1293 3018 hun
1328 2971 1471 3018 hare
1506 2970 1829 3017 Commissie
1863 2969 1936 3016 te
1972 2969 2187 3017 kennen
2222 2972 2401 3019 geven
2435 2970 2687 3017 bevoren
2723 2967 3156 3016 gecommitteer

969 3099 1060 3146 van
1089 3097 1271 3146 sijnen
1301 3095 1453 3141 vader
1482 3093 1604 3141 (die
1634 3091 1756 3138 nogh
1783 3093 1876 3140 ten
1906 3093 2118 3138 oorloge
2147 3093 2238 3139 is)
2269 3093 2571 3139 afsquamen,
2600 3091 2843 3138 Invongen
2873 3091 2995 3137 daer
3024 3086 3116 3135 met

978 3238 1039 3284 13
1070 3230 1316 3284 galeijen
1346 3227 1409 3275 op
1438 3224 1501 3271 de
1529 3218 1869 3267 wachtleggen
1899 3218 2145 3265 blijven,
2176 3219 2331 3265 alsoo
2360 3218 2637 3266 voorgeven
2666 3214 2791 3261 geen
2820 3210 3067 3258 kennisse

984 3365 1180 3412 vanden
1211 3362 1410 3412 Jongen
1441 3355 1671 3406 Coningh
1703 3355 1769 3401 te
1799 3350 2032 3401 hebben,
2063 3347 2489 3397 seggenwijders
2521 3343 2620 3391 dat
2652 3336 2816 3386 Jquan
2848 3333 3079 3381 Coningh

985 3487 1079 3533 van
1108 3484 1418 3532 Chinasoude
1448 3480 1696 3529 gecroont
1726 3478 1912 3524 wesen,
1942 3479 2004 3524 en
2035 3479 2128 3524 sij
2158 3474 2529 3524 vandenselven
2559 3470 2899 3519 gedeputeert
2930 3471 3085 3519 sijn,

985 3616 1111 3662 omme
1142 3615 1270 3661 dese
1301 3613 1491 3662 Maij:t
1522 3610 2060 3658 teverheerlijcken,
2091 3611 2186 3656 dat
2217 3609 2281 3655 te
2312 3605 2629 3653 vertrouwen
2660 3604 2724 3650 is
2753 3598 3105 3649 vasschelijk

990 3731 1238 3782 bevonden
1267 3731 1451 3778 worden
1481 3729 1574 3775 sal
1604 3729 1789 3775 gelijk
1818 3730 2155 3781 annopassado
2186 3735 2248 3781 /.
2277 3734 2339 3780 't
2369 3733 2431 3778 is
2461 3732 2799 3779 echtersulcx
2828 3730 2921 3777 dat
2951 3728 3075 3775 geen

966 3858 1116 3909 force
1144 3857 1204 3902 op
1231 3852 1439 3902 deselve
1468 3848 1732 3897 doenderff
1762 3850 1880 3896 watt
1908 3852 1997 3898 ter
2026 3852 2261 3897 wyjders,
2290 3852 2555 3901 affvallen
2584 3855 2702 3901 sal,
2729 3852 2908 3900 werden
2937 3852 3113 3898 metter

2796 3997 3007 4048 tijt

157 572 200 618 com„

179 812 243 866 en
