3478 4985
1175 427 1498 481 bedenckeli.jk
1520 438 1596 484 sij
1619 440 1694 486 dat
1717 442 1768 489 nn
1791 445 1842 492 't
1865 448 1966 497 silh
1989 453 2088 501 hier
2112 457 2163 503 in
2186 459 2384 507 Taijouan
2408 463 2507 508 laet
2532 463 2705 509 aensien
2729 464 2778 509 en
2803 464 2852 509 de
2877 464 3075 510 gemeijne
3099 465 3325 520 geruchten

1177 497 1332 545 loopen
1355 501 1433 547 den
1457 503 1637 552 oorlogh
1660 508 1712 555 in
1737 510 1865 558 China
1889 514 2068 567 belenen
2092 523 2195 569 hast
2219 525 2296 571 dat
2321 527 2397 573 van
2423 528 2601 573 ontrent
2626 528 2677 573 de
2702 528 2855 576 revier
2880 531 3109 583 Chincheo,
3134 538 3288 592 anhaij

1174 571 1358 620 Zarcheo,
1381 575 1520 621 hoeldo
1542 576 1589 622 en
1612 578 1659 624 de
1681 579 1774 626 daer
1796 581 1959 631 ontrent
1979 587 2143 643 gelegen
2164 599 2302 648 plaets
2325 603 2372 649 en
2394 604 2579 649 weijnich
2602 604 2671 649 off
2694 604 2787 651 niet
2809 607 2857 653 in
2878 609 2995 657 Japan
3016 613 3064 660 te
3086 615 3317 669 verschijne

1174 650 1297 698 staet
1320 654 1466 701 vandie
1490 656 1687 703 gemeijne
1709 659 1954 712 sorteringe
1977 667 2149 716 chinese
2172 672 2391 724 goederen,
2416 679 2562 726 diemen
2586 681 2660 727 van
2683 682 2782 728 daer
2805 684 2855 730 op
2878 685 2928 730 de
2951 686 3293 740 Rangasackijse,

1186 726 1323 773 marckt
1344 729 1391 777 te
1413 733 1573 782 brengen
1594 738 1776 787 plachte,
1798 742 1844 788 en
1866 744 1935 790 dat
1957 745 2139 797 oversulx
2161 753 2208 799 de
2229 755 2343 801 prijs
2365 756 2434 802 wat
2456 757 2592 804 hooger
2615 759 2729 806 soude
2750 761 2864 808 mogen
2887 763 3023 810 wesen,
3046 765 3137 812 maer
3159 767 3207 814 't
3227 771 3296 820 een

1182 803 1228 850 en
1249 806 1295 851 't
1317 807 1431 855 ander
1451 811 1656 863 overwogen
1677 819 1836 869 sijnde,
1857 825 1994 875 dunckt
2014 831 2083 879 dat
2104 835 2195 881 geen
2217 837 2330 883 vaste
2352 838 2465 884 staet
2487 839 2533 884 op
2554 839 2623 886 een
2645 841 2714 888 van
2734 843 2893 889 beijden
2914 843 2960 888 te
2982 843 3140 889 maecken
3162 841 3275 888 tijd,

1180 883 1369 936 doordien
1391 891 1439 938 't
1461 894 1556 943 gene
1579 898 1698 947 aend'
1719 903 1791 949 een
1814 905 1932 955 sijde
1954 911 2074 960 vande
2095 917 2284 965 anhaijse
2306 921 2542 968 quartieren
2565 924 2730 970 minder,
2753 925 2870 971 aend'
2893 926 3011 972 ander
3035 927 3153 973 sijde
3175 927 3296 975 vande

1177 963 1391 1017 Nanquinte
1412 973 1649 1026 landstreke
1671 982 1720 1029 t'
1742 985 2048 1039 overvloediger
2071 995 2142 1042 can
2165 998 2425 1047 aengebracht
2447 1003 2612 1049 werden,
2635 1004 2847 1053 aengesien
2870 1009 2941 1056 die
2964 1011 3130 1059 vaertuu
3152 1015 3294 1065 schijn

1185 1046 1440 1100 genoeghsaem
1461 1056 1555 1104 open
1576 1060 1740 1108 tesijn,
1761 1064 1854 1112 hier
1876 1068 1969 1116 can,
1991 1071 2131 1121 immers
2153 1076 2223 1124 ten
2245 1079 2361 1126 deele
2383 1081 2477 1128 uijt
2499 1083 2569 1129 dit
2591 1084 2822 1132 navolgende
2845 1087 3076 1136 gemerckten
3098 1091 3283 1137 bespeurt

1189 1129 1355 1179 werden,
1376 1135 1424 1182 in
1446 1137 1635 1188 December
1657 1143 1754 1193 1644
1774 1149 1870 1198 sijn
1892 1154 1942 1202 de
1962 1159 2127 1209 anhaise
2150 1164 2314 1209 joncken
2338 1164 2408 1209 tot
2432 1164 2690 1212 Nangasackij
2713 1167 2783 1213 met
2807 1168 2971 1215 ontrent
2995 1169 3065 1215 300
3088 1169 3230 1215 kisten

1183 1214 1470 1265 geltwaerdije
1493 1220 1542 1266 te
1563 1223 1708 1277 merckt
1728 1234 1920 1288 gecomen.
1941 1244 2037 1292 (dat
2059 1248 2108 1294 in
2130 1250 2203 1298 ons
2225 1254 2321 1300 Dagh
2343 1256 2532 1301 register
2555 1255 2627 1301 van
2650 1256 2721 1302 dit
2745 1257 2840 1303 jaer
2863 1258 2934 1303 bij
2958 1258 3029 1304 ons
3052 1258 3267 1306 geslooten

1180 1294 1305 1341 heeft
1325 1298 1472 1348 moeten
1495 1303 1789 1358 aengetrocken
1809 1315 1982 1370 worden)
2003 1327 2223 1383 naderhant
2245 1339 2343 1386 in't
2367 1342 2488 1390 leste
2512 1345 2585 1390 van
2609 1345 2827 1392 februarij
2851 1347 2925 1393 off
2948 1348 2997 1393 't
3021 1349 3192 1395 voorste
3214 1351 3287 1401 van

1174 1371 1331 1424 maert,
1354 1380 1510 1432 immers
1534 1388 1664 1438 recht
1689 1393 1794 1442 voor
1817 1399 1921 1447 onse
1945 1403 2101 1459 compte
2126 1415 2206 1463 van
2228 1420 2358 1470 Jedo,
2383 1425 2486 1473 sijn
2511 1428 2615 1475 noch
2640 1430 2794 1478 andere
2820 1433 2949 1479 van't
2975 1432 3103 1479 zelve
3129 1432 3310 1480 geweste

1164 1453 1339 1503 gecomen
1361 1460 1438 1508 met
1460 1465 1636 1516 ontrent
1659 1472 1734 1519 200
1758 1475 1909 1526 kisten
1931 1483 2009 1534 aen
2029 1492 2328 1548 coopmanschap
2351 1505 2401 1551 en
2425 1506 2501 1553 van
2523 1508 2699 1556 Nanquin
2722 1511 2798 1557 met
2821 1512 2995 1559 hondert
3020 1510 3194 1558 kisten,

1169 1533 1418 1586 naderhant
1444 1542 1638 1595 ontrent
1664 1551 1721 1598 in
1747 1554 1859 1605 twee
1884 1561 2079 1620 maenden
2104 1577 2380 1633 vervolgens
2407 1587 2490 1632 van
2517 1587 2711 1636 Nanquim
2738 1591 2958 1639 ongevaer
2985 1592 3069 1639 400
3095 1592 3264 1645 kisten

1169 1614 1216 1659 en
1239 1614 1312 1663 van
1334 1619 1407 1668 die
1428 1625 1525 1674 tijt
1546 1631 1619 1679 tot
1641 1635 1831 1688 weijnich
1853 1644 1950 1694 voor
1971 1650 2044 1699 der
2065 1656 2233 1707 schepen
2254 1663 2397 1713 comste
2420 1668 2468 1714 na
2490 1669 2704 1720 overslagh
2727 1675 2893 1721 ontrent
2916 1676 2988 1722 200
3011 1677 3153 1724 kisten
3176 1679 3251 1727 aen

1173 1694 1509 1754 coopmanschap
1534 1711 1619 1760 van
1645 1716 1897 1773 Batanija,
1923 1729 2175 1784 Cambodia,
2201 1740 2563 1796 Coutchimrina,
2590 1751 2841 1804 Crincheo,
2869 1759 3091 1808 Sancheo,
3119 1763 3286 1810 hocheo

1170 1774 1217 1821 en
1239 1773 1379 1825 andere
1398 1782 1583 1839 plaetsen
1603 1796 1742 1848 sonder
1762 1805 2061 1863 onderscheijt,
2081 1820 2128 1866 de
2149 1822 2265 1873 reste
2286 1829 2492 1877 naderhant
2514 1833 2629 1879 vande
2651 1835 2812 1884 voors.z
2832 1838 2925 1884 drie
2947 1838 3108 1884 laetste
3129 1839 3191 1887 en

1170 1859 1265 1908 daer
1287 1864 1452 1915 ontrent
1473 1871 1662 1925 gelegene
1683 1882 1872 1937 plaetsen
1893 1893 1965 1941 als
1986 1897 2081 1947 oock
2103 1903 2175 1950 van
2196 1906 2361 1958 Nanquin
2383 1914 2431 1961 ja
2453 1917 2641 1964 weijnich
2663 1920 2780 1967 dagen
2804 1922 2898 1969 voor
2920 1924 3014 1970 mijn
3037 1925 3224 1971 vertreck

1174 1938 1222 1984 is
1244 1938 1341 1987 noch
1361 1943 1433 1992 een
1455 1948 1643 2004 jonckjen
1665 1960 1737 2010 met
1758 1966 1877 2018 ruijm
1898 1974 1947 2021 25
1968 1978 2109 2029 picoll
2132 1984 2250 2033 witte
2272 1989 2390 2039 rouwe
2412 1995 2529 2043 sijde
2553 1998 2623 2043 van
2645 1997 2810 2045 ontrent
2833 2000 3020 2046 Chincheo
3043 1999 3208 2047 gecomen

1160 2011 1212 2060 en
1232 2017 1306 2065 aen
1328 2021 1473 2074 andere
1495 2030 1688 2087 goederen
1710 2043 1880 2097 meerder
1901 2054 1951 2101 in
1973 2057 2094 2108 alles
2117 2064 2190 2111 wel
2212 2067 2261 2113 20
2283 2069 2428 2121 kisten
2452 2076 2596 2125 Iapans
2619 2080 2740 2128 waerd
2762 2084 2859 2131 ich,
2882 2086 2954 2131 dat
2978 2085 3145 2131 trouwen
3169 2085 3246 2134 inu

1164 2081 1450 2149 Daghreguster
1469 2106 1565 2156 maer
1586 2112 1682 2163 voor
1704 2119 1776 2166 een
1798 2122 1894 2172 kist
1915 2128 2010 2178 ende
2032 2134 2105 2182 met
2126 2139 2292 2191 alluijn
2313 2148 2479 2200 geladen
2501 2156 2666 2205 geweest
2688 2160 2831 2208 tesijn
2853 2164 3135 2213 aengetrocken
3157 2163 3279 2211 staet

1163 2181 1257 2228 hier
1278 2184 1371 2231 uijt
1392 2187 1485 2236 dan,
1506 2192 1576 2238 soo
1597 2194 1805 2246 vertrouwe
1825 2203 1941 2252 sulen
1962 2208 2055 2258 haer
2076 2214 2147 2262 Ed:
2167 2218 2238 2267 wel
2258 2224 2375 2277 sien,
2395 2233 2465 2281 dat
2487 2236 2557 2284 doe
2578 2239 2647 2285 het
2669 2240 2829 2288 anhaise
2852 2243 2966 2290 varen
2989 2245 3058 2290 met
3079 2240 3286 2290 kostelijk

1162 2263 1327 2312 stoflen
1349 2267 1514 2319 ophield
1535 2275 1583 2321 en
1605 2277 1747 2327 gestut
1768 2283 1910 2336 wierde
1931 2292 2142 2345 datelijck
2163 2301 2235 2350 het
2257 2306 2469 2359 Nanquinse
2489 2316 2631 2366 begost
2653 2322 2793 2371 heeft,
2816 2326 2887 2372 een
2909 2328 3026 2375 dinck
3048 2329 3214 2378 gantsch

1165 2342 1371 2393 ongehoort
1391 2350 1438 2397 en
1458 2354 1573 2402 noijt
1594 2358 1640 2404 te
1661 2360 1798 2409 vooren
1819 2365 1980 2417 gebeurt
1998 2375 2047 2423 in
2066 2380 2407 2441 coopmanschappen
2426 2398 2495 2446 van
2517 2401 2743 2453 merckel.jk
2765 2408 2924 2456 belangh
2945 2412 2990 2458 in
3013 2413 3307 2462 vergelijcking

1158 2430 1228 2475 van
1251 2430 1322 2477 dit
1344 2433 1672 2492 tegenwoordige,
1692 2448 1764 2496 het
1785 2452 1834 2499 is
1855 2455 1996 2505 almede
2018 2460 2252 2513 gelooffl.k
2274 2469 2346 2517 dat
2366 2474 2531 2525 geli.jk
2553 2481 2600 2527 de
2622 2482 2786 2532 stoffen
2809 2487 2855 2532 in
2877 2486 2926 2532 en
2948 2487 3111 2533 ontrent
3135 2486 3275 2533 anlaij

1165 2508 1322 2557 dierder
1342 2513 1478 2565 worden
1497 2521 1543 2568 om
1564 2524 1676 2573 datse
1696 2529 1786 2578 uijt
1807 2534 1853 2580 d'
1873 2536 2007 2587 andere
2028 2542 2251 2591 quartieren
2271 2547 2361 2595 niet
2382 2551 2516 2601 cunnen
2536 2557 2583 2605 na
2603 2561 2692 2610 daer
2714 2565 2781 2610 toe
2802 2566 2958 2614 gevoert
2979 2569 3135 2614 werden,
3156 2570 3223 2615 dat
3243 2566 3290 2614 se

1163 2580 1273 2632 alsoo
1292 2589 1380 2640 oock
1398 2596 1507 2645 aend'
1527 2600 1636 2650 ander
1655 2606 1766 2658 sijde
1783 2614 1871 2662 ind'
1891 2618 2170 2673 anderplaetsen
2191 2629 2299 2677 beter
2319 2633 2407 2681 coop
2426 2638 2513 2686 sijn
2533 2642 2706 2693 doordien
2726 2648 2791 2695 die
2811 2650 2940 2697 landen
2961 2650 3004 2696 de
3024 2647 3197 2695 welckese

1162 2675 1300 2723 gewoon
1320 2680 1413 2728 sijn
1434 2684 1503 2731 dat
1524 2686 1594 2734 aff
1615 2690 1662 2737 te
1684 2693 1889 2746 versenden
1910 2702 2002 2750 geen
2024 2705 2206 2754 afftreck
2227 2709 2365 2759 hebben
2387 2715 2433 2760 en
2455 2716 2524 2765 bij
2545 2721 2706 2772 gevolge
2726 2728 2773 2774 in
2795 2730 2908 2776 Japan
2930 2730 2977 2776 te
2998 2727 3158 2774 meerder
3180 2726 3296 2774 comen

1162 2756 1210 2801 te
1233 2756 1380 2809 winnen
1401 2765 1498 2814 niet
1521 2769 1811 2824 tegenstaende
1833 2780 1883 2827 de
1905 2784 2025 2833 prijs
2049 2788 2098 2834 al
2121 2789 2362 2839 eenighsins
2385 2794 2536 2854 daelt.

998 2863 1196 2913 tjaldien
1217 2862 1295 2909 het
1319 2863 1419 2911 waer
1443 2867 1495 2915 is
1517 2871 1542 2916 (
1566 2871 1791 2926 gelijck't
1814 2883 1964 2934 schiet
1986 2890 2161 2939 schijnt
2185 2895 2236 2941 te
2259 2897 2408 2946 wesen)
2432 2902 2507 2948 dat
2531 2904 2581 2949 de
2605 2904 2977 2953 coopmanschappen
3001 2908 3051 2953 in
3075 2906 3224 2952 anhaij

1161 2945 1235 2991 soo
1257 2947 1354 2996 dier
1377 2952 1473 3000 sijn
1496 2956 1570 3003 als
1591 2960 1641 3008 de
1663 2964 1855 3015 Chinesen
1878 2970 2022 3020 alhier
2044 2976 2284 3029 voorgeven,
2307 2985 2380 3032 soo
2402 2988 2547 3036 cunnen
2569 2991 2618 3038 de
2641 2993 2882 3044 Chinchoose
2904 3000 3048 3048 Iapans
3071 3000 3263 3049 vaerders

1165 3028 1258 3075 niet
1278 3032 1349 3080 wel
1369 3036 1554 3090 behouden
1574 3047 1690 3097 varen
1711 3053 1803 3101 otte
1825 3056 1963 3105 attoos
1985 3060 2078 3108 seer
2099 3064 2282 3115 weijnich
2304 3071 2465 3122 winnen,
2486 3078 2533 3124 en
2555 3080 2646 3126 sall
2669 3081 2760 3127 oock
2783 3082 2829 3128 de
2851 3084 3011 3132 Comp.:e
3032 3084 3216 3132 weijnsch

1173 3118 1241 3164 van
1259 3121 1347 3170 daer
1367 3126 1413 3173 te
1432 3130 1649 3182 verwachten
1668 3138 1799 3188 hebben
1819 3144 1864 3191 en
1883 3146 2035 3196 allijts
2056 3152 2252 3203 becomende
2271 3159 2337 3206 tot
2357 3162 2487 3211 hoogen
2508 3167 2616 3213 prijs
2637 3168 2659 3214 (
2680 3169 2767 3215 niet
2788 3170 2874 3216 veel
2896 3171 2982 3217 daer
3003 3173 3047 3218 op
3067 3169 3197 3217 cunnen

1157 3202 1365 3255 vorderen,
1384 3212 1431 3260 de
1452 3216 1658 3270 eenighste
1678 3226 1772 3278 hope
1792 3234 1862 3283 van
1883 3239 2090 3292 rijsinge,
2110 3248 2202 3295 die,
2223 3250 2360 3298 sooder
2382 3253 2519 3301 eenige
2541 3256 2610 3301 is,
2632 3256 2769 3304 altoos
2791 3260 2883 3306 seer
2904 3260 3110 3308 tveijnier
3126 3253 3202 3302 is

1134 3290 1255 3339 zoude
1278 3295 1374 3346 hier
1396 3301 1493 3350 uijt
1515 3306 1732 3365 ontstaen,
1753 3321 1826 3369 dat
1848 3325 1921 3372 het
1943 3328 2040 3379 land
2062 3335 2231 3387 doorden
2253 3343 2420 3390 oorlogh
2443 3345 2634 3393 bedurven
2658 3348 2801 3395 sijnde
2825 3350 2921 3397 niet
2943 3351 3040 3397 meer
3062 3347 3111 3395 en
3131 3340 3255 3389 zoude

1158 3381 1445 3437 genoeghsame
1468 3394 1678 3450 menighte
1700 3407 1806 3458 voor
1830 3414 1962 3466 Japan
1984 3423 2142 3475 connen
2165 3433 2476 3489 uijtleveren,
2501 3445 2579 3492 dat
2604 3448 2760 3494 anders
2785 3450 2992 3499 gevoele,
3016 3452 3121 3499 want
3146 3450 3225 3496 het

1155 3475 1259 3522 land
1283 3478 1386 3528 door
1410 3483 1514 3532 sijn
1539 3488 1744 3539 onmatige
1769 3494 1926 3551 groote
1947 3508 2026 3557 can
2050 3513 2155 3562 niet
2178 3518 2257 3567 wel
2280 3524 2462 3578 t'evens
2485 3535 2692 3589 bedorven
2715 3545 2895 3592 worden,
2920 3546 2997 3592 als
3022 3546 3100 3592 dan
3125 3544 3228 3591 daer

1156 3559 1251 3608 noch
1274 3563 1345 3610 bij
1367 3565 1462 3613 comt
1484 3569 1533 3616 de
1554 3572 1839 3631 verstoppinge
1857 3588 1976 3641 vande
1998 3597 2140 3646 gewone
2162 3602 2304 3653 wegen,
2325 3609 2420 3657 door
2442 3613 2584 3663 welcke
2606 3618 2655 3666 de
2676 3622 2794 3669 sijde
2817 3624 3074 3670 gewoonelijk
3097 3620 3277 3668 geloost

1154 3649 1285 3697 word,
1307 3654 1385 3701 die
1409 3657 1590 3710 maecken
1612 3667 1691 3716 dat
1714 3673 1843 3721 zulck
1867 3678 1996 3727 gewas
2020 3683 2099 3730 dan
2122 3687 2225 3736 maer
2249 3692 2301 3738 na
2325 3693 2403 3742 een
2427 3698 2633 3749 quartier
2656 3705 2760 3753 (als
2783 3709 2912 3756 Japan
2936 3706 3293 3757 tegenwoordich)

1151 3738 1366 3789 gesonden
1390 3745 1499 3797 magh
1524 3753 1713 3806 werden,
1736 3763 1845 3813 hulx
1870 3769 1977 3817 moet
2003 3772 2378 3831 nootsaeckelijk
2403 3787 2458 3833 in
2483 3789 2564 3836 dat
2589 3793 2803 3848 quartier
2829 3804 2909 3849 dan
2936 3804 3176 3849 overvloet
3202 3803 3256 3849 en

1144 3829 1219 3875 bij
1243 3831 1419 3883 gevolge
1442 3839 1569 3891 lagen
1591 3848 1643 3894 en
1666 3850 1867 3905 slechten
1890 3861 2016 3908 prijs
2040 3864 2241 3918 maecken,
2264 3874 2365 3922 maer
2388 3878 2465 3925 wat
2488 3881 2788 3934 veranderingh
2812 3889 2962 3934 datter
2986 3888 3037 3934 te
3061 3886 3187 3934 comen

1146 3913 1271 3966 staet
1293 3922 1369 3971 als
1391 3927 1466 3975 die
1490 3931 1664 3984 doorden
1685 3940 1859 3991 oorlogh
1882 3947 2105 3999 geslotene
2126 3957 2252 4007 wegen
2273 3964 2447 4016 geopent
2470 3972 2521 4018 en
2543 3974 2618 4020 die
2642 3976 2765 4023 langh
2789 3979 3059 4026 verhongerde
3083 3979 3255 4026 landen,

1152 4005 1208 4050 om
1232 4007 1316 4057 soo
1340 4013 1640 4076 tespreecken
1664 4033 1747 4082 met
1772 4038 2017 4089 overvedet
2042 4045 2124 4092 van
2150 4048 2557 4105 coopmanschappen
2581 4062 2745 4112 sullen
2771 4068 2988 4116 gespijst
3014 4071 3177 4121 werden

1139 4099 1310 4149 dateert
1333 4105 1408 4155 den
1430 4112 1555 4164 tijt,
1575 4121 1748 4176 evenwel
1769 4133 1820 4180 op
1842 4136 1892 4184 de
1916 4140 2013 4186 lope
2037 4141 2136 4189 niet
2159 4145 2306 4192 juijst
2328 4147 2403 4196 van
2426 4152 2621 4205 rijsinge
2645 4160 2694 4205 in
2717 4161 2840 4209 prijs
2863 4164 2961 4209 maer
2985 4165 3034 4210 op
3058 4165 3107 4210 de
3130 4160 3254 4209 loope

1137 4183 1213 4233 dat
1234 4190 1335 4244 geen
1355 4202 1528 4260 daeiige
1549 4217 1601 4265 te
1622 4222 1867 4279 verwachten
1890 4235 1915 4281 t
1938 4236 2060 4282 sij,)
2084 4236 2231 4288 hebben
2254 4243 2548 4295 goetgevonden
2570 4252 2644 4298 soo
2667 4254 2741 4299 een
2764 4253 3057 4300 aensienelijk
3080 4248 3207 4297 somme

1141 4287 1291 4338 gelts
1316 4296 1377 4345 na
1403 4302 1609 4357 Conquin
1636 4314 1987 4376 afftestelen,
2013 4331 2074 4377 en
2101 4333 2191 4383 soo
2217 4339 2335 4385 niet
2363 4340 2452 4390 den
2480 4345 2830 4392 oppercoopman
2858 4335 3179 4390 broeckhorst

2858 4468 3234 4522 Ewaericheijt
