3567 4801
2807 493 2969 547 947

711 524 972 576 april
1017 508 1231 565 1845

945 700 1226 754 eenlijcke'
1254 698 1394 745 hulpe
1420 695 1478 742 en
1505 694 1562 740 't
1589 689 1730 738 geldt
1757 686 1841 733 der
1868 685 2121 733 rleijcken
2148 689 2484 737 verwachtende
2511 692 2596 738 was
2622 692 2737 739 omme

950 804 1029 853 als
1054 803 1131 849 dan
1157 800 1518 848 gesamentlijcke
1543 801 1595 846 en
1620 801 1698 847 met
1723 800 1879 847 vollen
1904 800 2033 846 maght
2058 800 2342 848 mistasschan
2368 801 2420 846 te
2444 798 2574 845 comen
2599 796 2884 845 bestoocken—

901 947 928 992 8
954 939 1121 992 magst.
1147 938 1340 984 becompt
1368 937 1615 984 schrijven
1642 933 1807 981 Vanden
1835 931 2000 978 Neijck
2026 932 2109 978 van
2137 932 2330 978 Maisoer
2356 930 2604 978 luijdende
2631 929 2799 978 hoedat

967 1041 1219 1093 vernemende
1244 1039 1320 1085 den
1345 1036 1548 1083 aentocht
1571 1032 1648 1080 der
1673 1032 1850 1077 prooren
1875 1031 2027 1077 sijnen
2052 1031 2229 1079 dalweij
2254 1034 2279 1079 t
2304 1033 2381 1079 met
2404 1031 2456 1076 20
2481 1031 2506 1076 O
2530 1028 2607 1076 man
2632 1026 2708 1073 tot
2732 1018 3038 1071 resistentie:

946 1140 1145 1193 gesonden
1169 1137 1268 1184 doch
1292 1134 1367 1181 dat
1390 1133 1440 1178 d'
1465 1132 1564 1178 mag.
1589 1132 1687 1177 oocq
1712 1132 1836 1178 selfs
1860 1132 1911 1178 in
1934 1135 2107 1183 persoon
2132 1136 2428 1183 opgetrocken,
2452 1134 2552 1181 ende
2575 1131 2700 1178 alsoo
2723 1129 2799 1175 den
2821 1125 2972 1173 Vyandt

942 1238 1281 1299 geluckelijck
1308 1234 1560 1284 geslaegen
1586 1232 1755 1279 maerd'
1782 1231 1924 1278 mais.
1951 1233 2175 1279 qualijck
2202 1234 2370 1280 gedaen
2398 1235 2538 1280 hadde
2566 1235 2650 1280 soo
2678 1235 2818 1281 haest
2843 1233 2902 1281 op
2926 1226 2986 1275 te

944 1353 1144 1409 trecken,
1165 1347 1316 1398 sonder
1340 1347 1389 1393 't
1413 1345 1709 1392 ontsteeckent
1732 1343 1831 1389 Vier
1856 1343 1930 1389 ter
1954 1343 2077 1389 degen
2102 1343 2151 1389 te
2176 1344 2373 1391 blussen,
2397 1346 2495 1391 oocq
2520 1345 2643 1391 synen
2667 1343 2839 1390 dalweij
2863 1340 2963 1388 naer

939 1467 1078 1522 huijs
1103 1457 1404 1510 retourneren
1430 1454 1622 1501 hadden'
1648 1452 1785 1499 mays.
1812 1452 1839 1497 t
1866 1452 1948 1498 tot
1974 1451 2057 1497 syn
2084 1450 2356 1496 disrespect
2383 1450 2466 1495 hem
2491 1450 2520 1496 E
2545 1446 2737 1495 geened'
2762 1436 2928 1491 minste

938 1578 1051 1632 eere
1076 1567 1324 1622 aengedaen
1350 1564 1434 1612 (nu
1460 1559 1625 1607 waeren
1651 1558 1707 1604 d'
1734 1555 1899 1602 mooren
1926 1555 1981 1600 nu
2008 1552 2256 1600 wederomme
2281 1548 2611 1599 Ingetrocken,
2636 1546 2748 1592 ende
2773 1543 2885 1590 liep

946 1678 1201 1732 Carnatica
1227 1667 1483 1722 perijckel
1510 1664 1596 1712 sus
1624 1662 1709 1708 was
1738 1660 1822 1707 het
1851 1659 2020 1705 nodigh
2048 1658 2105 1704 d'
2133 1656 2275 1702 mags.
2303 1656 2332 1701 t
2360 1656 2445 1701 met
2473 1656 2615 1701 alder
2643 1651 2820 1701 macht—

943 1788 1194 1843 andermael
1218 1783 1277 1832 op
1304 1778 1416 1826 haer
1442 1775 1499 1822 te
1526 1770 1693 1819 gemoet
1720 1768 1860 1815 trock
1886 1766 1970 1812 hij
1997 1765 2137 1811 wilde
2163 1764 2276 1810 sijn
2302 1762 2498 1809 gansche
2525 1759 2747 1807 vermogen
2774 1750 2973 1803 daertoe

943 1894 1284 1954 Contribueren,
1309 1890 1416 1939 niet
1440 1882 1625 1934 gelijck
1649 1879 1730 1927 den
1754 1873 1939 1923 tleijck
1965 1873 2044 1919 van
2070 1872 2279 1919 siagadea
2305 1871 2436 1917 heeft
2463 1868 2646 1916 gedaen,
2672 1867 2777 1913 maer

2821 1867 2870 1913 -

949 2006 1274 2067 getrouwelijck
1296 2000 1398 2049 ende
1421 1996 1522 2044 niet
1546 1991 1696 2040 macht,
1721 1990 1770 2035 d'
1795 1989 1920 2035 mags.
1944 1988 1969 2033 t
1994 1986 2119 2033 heeft
2143 1983 2243 2030 hdem
2266 1978 2417 2028 hierop
2441 1972 2641 2022 gediendt
2665 1970 2740 2016 dat
2764 1968 2839 2015 dit
2863 1964 2989 2013 alles

950 2119 1053 2170 waer
1077 2117 1178 2164 was,
1202 2114 1304 2162 maer
1328 2111 1404 2158 dat
1428 2108 1555 2155 sinen
1579 2105 1756 2152 dalweij
1781 2103 1882 2150 niet
1906 2098 2259 2149 gecontribaeert
2283 2095 2384 2142 hadd
2409 2095 2460 2140 e,
2484 2093 2560 2139 was
2584 2091 2686 2137 door
2711 2090 2887 2136 gebreck
2911 2089 2988 2135 van

955 2235 1190 2289 middelen,
1212 2225 1398 2280 present
1422 2215 1709 2269 Verwachtede
1734 2213 1865 2259 geldt
1890 2212 1995 2257 ende
2021 2209 2203 2257 secours
2228 2206 2359 2254 vande
2384 2199 2593 2250 reijcken
2618 2195 2748 2243 soude
2772 2192 2852 2240 als
2877 2189 2956 2237 dan

957 2344 1074 2397 alles
1094 2332 1326 2387 remedieren
1348 2329 1418 2376 bij
1440 2324 1578 2373 moeste
1601 2318 1900 2369 ondertusschen
1922 2316 2014 2363 alle
2037 2316 2129 2362 sijn
2151 2314 2267 2361 macht
2288 2306 2520 2358 vergaderen
2541 2303 2588 2350 d'
2610 2299 2726 2348 Wegen
2748 2293 2938 2343 besetten

950 2446 1063 2498 enden
1083 2435 1307 2490 bijsondert
1328 2432 1506 2479 gesienth
1527 2429 1595 2476 ver
1616 2426 1706 2474 geen
1726 2423 1861 2470 toever
1882 2414 2084 2467 geschiede

943 2585 1046 2636 den
1077 2574 1281 2628 seijck
1314 2570 1415 2617 Van
1448 2564 1751 2614 Cangondij
1783 2562 1852 2608 op
1885 2556 2188 2606 gelijcker
2221 2554 2389 2601 Wijse
2417 2548 2490 2599 d'
2522 2539 2725 2592 maijs.
2757 2532 2967 2584 hebben

946 2680 1221 2736 geschreven,
1244 2677 1369 2724 heeft
1393 2675 1667 2722 g'andtwoort
1690 2674 1766 2720 dat
1790 2673 1865 2719 hem
1889 2672 1989 2718 voor
2011 2669 2113 2717 sijn
2136 2667 2311 2714 bewesen
2334 2661 2484 2710 dienst
2508 2654 2732 2705 bedanckte
2755 2651 2856 2699 ende
2880 2646 3030 2695 moeste

950 2795 1002 2844 nu
1025 2793 1098 2839 sin
1121 2789 1267 2839 debbir
1291 2788 1364 2834 van
1387 2783 1605 2832 gelijcken
1629 2779 1750 2827 doen,
1774 2776 1871 2824 ende
1894 2775 1943 2820 E'
1967 2775 2089 2821 Wegen
2112 2772 2185 2819 wel
2208 2762 2427 2817 besetten,
2449 2757 2572 2806 soude
2594 2753 2717 2801 haest
2738 2745 2862 2797 vande

955 2900 1120 2948 Maijs.
1148 2899 1176 2945 t
1202 2892 1451 2943 bygestaen
1479 2885 1645 2937 werden

940 3045 1057 3096 den
1094 3039 1326 3088 reijck
1364 3036 1480 3082 van
1517 3029 1788 3081 sagadea
1826 3026 2135 3074 hebbende
2169 3023 2289 3071 den
2327 3020 2597 3068 Coninck
2635 3017 2751 3065 het
2789 3010 2983 3061 weder

956 3139 1187 3193 Intrecken
1212 3137 1289 3184 der
1314 3135 1468 3182 mooren
1492 3132 1595 3179 mede
1620 3129 1926 3177 g'adviseert,
1952 3129 2054 3174 ende
2079 3129 2206 3174 hulpe
2231 3125 2589 3174 gepresenteert,
2614 3120 2818 3170 lachtedi
2841 3115 2972 3164 mags.
2992 3108 3023 3156 t

951 3239 1203 3291 daermede,
1229 3232 1454 3283 seggende
1479 3229 1565 3276 bij
1592 3226 1732 3273 heeft
1758 3224 1843 3272 hem
1870 3221 1983 3269 voor
2009 3220 2177 3267 desen,
2205 3220 2289 3266 soo
2316 3219 2400 3265 wel
2427 3217 2512 3263 als
2539 3215 2736 3261 Chinama
2762 3215 2987 3263 gequeten

946 3386 1259 3445 kuipedoudo
1288 3375 1631 3429 gouverneren
1661 3364 2034 3420 d'frontieren
2065 3363 2127 3409 op
2157 3357 2500 3408 d'eenesyjde
2529 3355 2593 3401 't
2621 3351 2779 3400 bosch
2808 3348 2907 3396 van

936 3489 1115 3543 Velourt
1139 3482 1368 3534 adviseert
1392 3479 1494 3527 mede
1519 3477 1595 3523 der
1620 3474 1773 3521 mooren
1795 3470 2000 3519 Compste,
2024 3467 2126 3514 ende
2152 3466 2278 3512 seght
2302 3465 2405 3511 sijn
2429 3462 2582 3509 devoir
2607 3461 2683 3507 met
2706 3456 2961 3506 defenderen

928 3597 1092 3653 gedaen
1116 3590 1224 3640 ende
1249 3582 1435 3633 omtrent
1461 3580 1541 3627 206
1567 3578 1726 3625 boeijs
1752 3576 1858 3623 ende
1885 3575 2044 3621 andere
2069 3572 2176 3619 Vee,
2201 3571 2255 3617 d'
2281 3568 2440 3615 mooren
2466 3564 2705 3612 afgenomen
2731 3562 2891 3608 hadde,
2914 3560 2956 3608 —

947 3699 1302 3763 recommanderen
1327 3695 1410 3743 den
1435 3688 1626 3739 Coninck
1652 3685 1815 3732 sveldt
1841 3681 2030 3729 trecken
2056 3678 2139 3726 ten
2165 3675 2463 3724 vdoochsten,
2487 3672 2652 3722 seggen
2677 3668 2786 3716 sijn
2813 3664 2921 3713 eere

956 3817 1069 3866 ende
1095 3807 1323 3861 rijckdom
1349 3800 1548 3851 daeraen
1574 3794 1773 3844 gelegen
1800 3792 1914 3838 was,
1941 3791 2027 3836 den
2055 3787 2337 3836 gouverneur
2364 3785 2450 3832 van
2476 3782 2760 3830 Gorniconda
2787 3776 3013 3827 genaempt

951 3909 1578 3973 Trrawengelanatharaja
1609 3910 1890 3956 maecschap
1921 3910 2015 3956 des
2046 3907 2264 3955 Conincx
2296 3902 2576 3952 adviseere
2606 3901 2639 3947 d
2668 3897 2702 3944 '
2731 3895 2920 3943 Maegs.
2948 3889 2983 3940 r

930 4024 1106 4084 hoedat
1134 4020 1250 4067 sijn
1278 4019 1336 4064 H.
1363 4017 1395 4063 r
1422 4016 1566 4064 Vader
1594 4015 1797 4061 brieven
1824 4017 1940 4062 uijt
1968 4011 2228 4061 Visiapour
2256 4009 2486 4056 becomen,
2514 4006 2630 4053 ende
2656 4000 2717 4050 me

952 4129 1040 4182 500
1066 4121 1208 4173 pions
1235 4120 1291 4166 en
1317 4118 1402 4165 een
1429 4116 1569 4163 syner
1596 4113 1736 4161 sonen
1763 4112 1903 4158 (niet
1931 4109 2265 4157 Jegenstaende
2293 4109 2378 4154 hem
2404 4106 2683 4155 aengeraden
2710 4099 2851 4151 hadde

963 4224 1022 4270 te
1050 4218 1257 4268 beyven,
1284 4216 1375 4263 met
1404 4216 1698 4263 vermaninge
1727 4212 1963 4260 sengende
1988 4209 2081 4256 het
2109 4209 2315 4256 schande
2345 4210 2404 4256 ss
2432 4209 2521 4255 een
2550 4207 2698 4254 vader
2725 4205 2815 4252 soo

195 1070 262 1117 her

183 1965 259 2010 ts

0 4040 176 4087 selfs

0 4149 117 4196 ck
