3560 4937
919 289 1178 365 Julio
1228 286 1331 333 ao
1380 276 1586 328 1646

3161 337 3295 404 -

1223 401 1449 451 sullen
1485 403 1599 450 tot
1635 406 1710 453 op
1746 407 1897 453 over
1934 406 2160 454 morgen
2196 410 2459 463 naduijt
2495 417 2683 463 clecq
2720 414 2796 461 en
2832 412 3135 458 licentie
3169 415 3290 467 van

1183 523 1406 573 maij=t
1440 524 1587 573 Item
1623 523 1808 572 alsoo
1843 528 1989 574 door
2026 528 2100 574 de
2135 530 2355 578 sobere
2391 534 2648 581 negotie
2682 533 2757 578 na
2794 530 2940 577 alle
2976 530 3312 583 vertoonen

1212 640 1664 695 apparentien
1701 637 1786 684 't
1826 635 1990 681 mede
2030 634 2115 685 uy
2148 643 2194 690 t
2233 646 2804 698 Japangebrachte
2844 652 3170 698 Capitael
3210 652 3375 700 niet

1216 767 1336 816 sal
1372 756 1614 811 cunnen
1648 752 1973 801 omgesett
2013 755 2292 811 werden,
2331 766 2412 814 't
2451 770 2970 824 overschetende
3010 779 3169 825 hier
3208 779 3289 825 te

1228 883 1455 934 laten,
1492 875 1833 925 beneffens
1870 875 2100 925 'tgene
2135 884 2249 930 tot
2285 886 2364 935 de
2399 892 2551 940 syde
2588 896 2740 944 voor
2777 900 3158 955 Nederlandt
3192 913 3308 963 ge„

1141 1001 1587 1074 projecteert
1626 999 1747 1046 was
1786 997 1947 1044 omme
1984 999 2266 1059 'tselve
2306 1013 2469 1062 niet
2506 1021 2547 1067 2
2585 1023 2627 1070 â
2666 1027 2986 1077 danemael
3026 1032 3187 1080 over
3226 1036 3346 1083 zee

1214 1136 1290 1183 na
1327 1130 1626 1181 Iaijouan
1663 1125 1813 1174 ende
1848 1124 1963 1170 van
1999 1124 2151 1171 daer
2187 1128 2375 1176 weder
2411 1132 2562 1182 hier
2598 1138 2673 1186 te
2710 1141 3087 1200 kisigueren
3121 1159 3385 1213 vermits

1213 1260 1427 1308 onses
1469 1254 1851 1304 gevoelens
1892 1251 2064 1299 niet
2106 1255 2363 1307 meenen
2402 1264 2489 1313 in
2530 1270 2872 1321 Taijouan
2912 1278 2999 1327 me
3039 1284 3337 1339 'tselve

1184 1385 1466 1433 (eenigh
1506 1375 1827 1429 voordeel
1867 1371 2229 1421 congedaen
2267 1377 2510 1430 werden
2548 1387 2711 1437 daer
2749 1394 2870 1442 ter
2909 1398 3271 1453 contrarie

1201 1512 1373 1561 hier
1415 1510 1545 1557 den
1587 1500 2145 1554 Stoffenhandel
2186 1500 2359 1547 mede
2402 1501 2918 1571 canlevendigh
2958 1530 3301 1582 gehouden

1197 1641 1420 1695 werden
1455 1636 1566 1685 die
1602 1630 1822 1679 anders
1859 1630 1933 1676 by
1968 1631 2079 1677 ons
2114 1632 2411 1684 vertrecq
2443 1643 2775 1703 versterft
2809 1661 2958 1711 ende
2992 1668 3067 1716 op
3102 1672 3214 1719 ons

1168 1767 1418 1818 Retour
1455 1757 1792 1811 Jaerlyck
1833 1755 2125 1802 ervaren
2167 1756 2418 1809 hebben
2457 1766 2792 1825 telckens
2832 1783 2875 1828 2
2914 1785 2958 1831 a
2997 1788 3039 1834 3
3081 1789 3383 1837 maenden

1209 1886 1340 1935 tyt
1381 1884 1513 1931 eer
1554 1881 1685 1927 tot
1727 1878 1815 1926 't
1858 1878 2075 1924 maken
2117 1880 2551 1943 vandeselve
2592 1901 2854 1962 cunnen
2893 1921 3327 1984 gumimneert

1135 2004 1469 2060 werden,
1516 2010 1801 2057 daerse
1849 2010 2420 2066 d'overblyven
2465 2021 2752 2077 Compes
2798 2033 3180 2100 dienaers
3226 2057 3322 2105 nu

1210 2136 1468 2185 sullen
1510 2136 1768 2182 cunnen
1811 2137 1940 2182 toe
1983 2137 2456 2192 aengehouden
2496 2148 2626 2197 met
2668 2153 2971 2208 deselve
3011 2166 3143 2218 hun
3182 2177 3312 2228 ten

1221 2261 1653 2310 behoorlijk
1692 2263 1953 2312 prijse
1994 2264 2124 2315 aff
2167 2270 2256 2320 te
2293 2278 2511 2327 Copen
2551 2281 2682 2328 tot
2724 2281 3249 2350 uijtvoeringe

1211 2384 1380 2438 vant
1422 2392 1632 2442 selve
1674 2396 2011 2446 verstaen
2052 2402 2306 2453 hebben
2346 2409 2515 2458 hier
2556 2414 2725 2463 over
2767 2419 2977 2466 weder
3018 2420 3188 2472 over
3229 2429 3313 2475 te

1209 2523 1513 2579 laten,
1564 2533 2072 2584 navolgende
2122 2537 2532 2589 personen

1133 2665 1307 2729 Jan
1361 2660 1533 2710 van
1589 2659 2045 2726 Kiebeecq

2146 2700 2192 2752 T
2219 2716 2658 2773 ondercoopl:k

1199 2795 1672 2842 allesander
1719 2797 1862 2843 van
1909 2796 2198 2853 hanten

1158 2935 1634 2992 Luijders
1691 2944 2111 2992 Brommer

2074 3026 2483 3080 adsistenten
2517 3038 2666 3092 ende

1129 3072 1544 3121 Pieter
1611 3077 2026 3133 Bordus

1180 3198 1508 3251 Hendrick
1548 3202 1753 3251 Haron
1792 3207 2321 3263 Jonghadsist:t
2361 3219 2606 3276 nevens
2644 3234 2769 3286 een
2807 3243 3297 3311 onderbarkier

1179 3338 1582 3391 mitsgaders
1623 3346 1704 3393 om
1744 3348 1866 3394 jnt
1905 3350 2229 3400 packhuys
2266 3356 2392 3406 als
2429 3364 2834 3423 andersints
2873 3379 2955 3426 te
2994 3382 3319 3439 gebryken

1184 3474 1224 3520 9
1261 3472 1616 3523 matroosen
1653 3479 1810 3525 ende
1849 3479 2006 3526 drie
2044 3481 2318 3531 Jongens
2357 3486 2788 3544 tsamentlijk
2825 3501 3298 3556 nederlanders

1127 3619 1303 3672 ende
1344 3616 1518 3662 omme
1561 3617 1647 3663 d'
1689 3615 1863 3664 EE:e
1903 3617 2335 3665 gouverneur
2377 3620 2463 3666 in
2506 3621 2637 3670 Tay
2678 3628 2851 3680 onan
2893 3636 3281 3688 behoorljk

1198 3749 1627 3801 advertentie
1665 3755 1821 3801 vant
1860 3756 2055 3801 oegin
2093 3755 2405 3802 tteijnde
2443 3758 2521 3804 te
2559 3760 2794 3812 cunnen
2831 3768 3027 3819 geven
3064 3776 3142 3821 is
3180 3776 3336 3826 ver„

1199 3886 1405 3936 staen
1443 3889 1646 3939 beyde
1684 3892 1767 3939 de
1807 3890 2091 3937 Schepen
2131 3890 2293 3936 Heer
2333 3890 2415 3939 en
2455 3894 2821 3944 hillegers
2859 3900 3309 3958 derghgelijk

2944 4050 3212 4107 kelijk
