3642 4828
1019 519 1377 582 april
1445 520 1751 571 1646

1260 754 1530 807 Brieven
1568 760 1722 806 uijt
1760 760 1837 806 't
1875 757 2068 805 landt
2106 757 2222 802 van
2260 757 2646 804 Aanteraije
2683 761 2914 809 melden
2953 764 3068 810 den
3106 764 3340 812 selven

1400 862 1576 912 aenden
1604 862 1862 908 Cercheijl
1890 862 1919 907 4
1948 860 2236 907 oliphanten
2263 861 2321 907 en
2349 861 2408 906 50
2436 862 2667 909 Opagoden
2694 865 2781 911 tot
2809 864 3069 912 segurante
3095 869 3211 915 syns
3239 871 3419 923 landts

1382 964 1514 1013 hadde
1539 964 1928 1012 gecontribueert,
1954 965 2058 1011 ende
2084 964 2136 1009 E.
2161 963 2214 1008 e.
2239 960 2474 1008 Cercheijl
2498 961 2628 1008 selfs
2653 961 2784 1008 wesen
2809 960 3071 1012 besoecken,
3095 967 3304 1016 waermede
3328 970 3355 1018 —

1392 1076 1470 1124 do.
1495 1072 1726 1121 Cercheijl
1750 1067 2006 1117 voornemens
2032 1066 2185 1112 bleeff
2210 1066 2363 1111 verder
2389 1065 2644 1112 Innewaerts
2670 1065 2721 1111 te
2746 1065 2951 1111 trecken,
2976 1065 3232 1112 d'Neijcken
3256 1066 3333 1111 Van
3358 1066 3387 1113 —

1371 1183 1649 1239 Tansjouwer
1676 1180 1787 1227 ende
1814 1179 2173 1225 madreschryven
2200 1180 2282 1226 den
2310 1178 2503 1225 Coninck
2530 1176 2833 1224 hoeverstaen
2861 1176 3026 1221 hadden
3053 1176 3136 1221 den
3163 1175 3219 1220 8'
3246 1175 3384 1221 Mayjs
3410 1171 3441 1219 .

1397 1291 1483 1340 met
1510 1291 1567 1336 d'
1593 1292 1761 1338 Mooren
1788 1292 1845 1338 in
1871 1293 2094 1338 contract
2122 1293 2206 1339 was
2233 1294 2484 1341 getreden,
2511 1294 2567 1340 't
2595 1294 2734 1340 welcq
2761 1292 2873 1339 haer
2901 1291 3068 1337 Vremet
3096 1291 3263 1337 dochte
3290 1291 3347 1337 te

1398 1401 1565 1452 wesen,
1591 1402 1674 1447 ten
1700 1403 1892 1450 aensien
1919 1404 2138 1450 d'mooren
2165 1405 2275 1451 haer
2302 1406 2521 1452 Contract
2548 1408 2657 1453 niet
2684 1408 2739 1453 en
2764 1405 2931 1453 souden
2957 1400 3150 1451 houden,
3176 1398 3288 1445 ende
3307 1398 3341 1447 —

1388 1510 1477 1555 met
1507 1510 1568 1557 't
1596 1512 1717 1558 gene
1746 1513 1806 1558 nu
1835 1513 2164 1560 g'optineert
2193 1516 2312 1562 ende
2342 1517 2610 1564 ontfangen
2638 1515 2819 1564 hadden
2847 1512 2968 1560 haer
2997 1510 3117 1557 maet
3146 1509 3385 1555 stercker

1377 1619 1598 1668 maeckten
1625 1621 1844 1667 raedende
1872 1621 1954 1667 den
1981 1621 2173 1666 Coninck
2200 1621 2366 1671 Delour
2392 1626 2476 1674 met
2502 1630 2612 1676 sijn
2638 1628 2914 1676 bestevolcq
2941 1628 2996 1674 te
3022 1627 3245 1675 besetten

1375 1729 1479 1779 ende
1505 1728 1785 1774 verseeckert
1809 1729 1962 1775 hebben
1987 1729 2064 1775 dat
2089 1730 2165 1775 als
2191 1730 2267 1775 dan
2292 1730 2394 1776 naer
2419 1731 2470 1776 d'
2495 1731 2750 1778 frontieren
2775 1733 2851 1778 van
2877 1731 3055 1778 suisier
3080 1731 3311 1778 retereren
3333 1735 3359 1780 —

1373 1835 1521 1881 wandt
1550 1835 1728 1880 aldaer
1756 1836 1875 1882 alle
1904 1838 2022 1884 haer
2051 1837 2200 1885 macht
2229 1840 2436 1887 tesamen
2464 1842 2671 1889 brengen
2700 1842 2878 1889 soude,
2907 1842 3025 1889 ende
3054 1840 3114 1886 al
3143 1840 3321 1887 soudet
3349 1842 3382 1888 —

1371 1952 1468 2004 100
1498 1950 1623 1996 lacq
1654 1950 1842 1996 Costen
1872 1948 2059 1996 welden
2089 1946 2153 1993 d'
2184 1946 2309 1992 mags
2339 1947 2373 1994 t
2402 1951 2465 1997 en
2495 1952 2651 1998 synen
2683 1953 2870 2000 staedt
2900 1953 3244 2000 maunteneren
3274 1952 3306 1998 —

3314 1952 3351 1998 „

1369 2064 1483 2110 doch
1512 2063 1569 2109 In
1597 2060 1855 2107 gehalled'
1883 2059 2056 2106 maijs.
2083 2061 2114 2108 t
2138 2062 2341 2110 genegen
2369 2066 2457 2114 was
2484 2071 2570 2117 met
2598 2073 2770 2119 haert'
2797 2073 3084 2119 accorderen
3112 2074 3427 2123 sustineerde

1366 2174 1507 2223 sulcx
1533 2174 1646 2220 niet
1673 2175 1785 2220 doen
1812 2174 1981 2219 konde,
2007 2176 2119 2222 ofte
2146 2177 2342 2224 moesten
2369 2180 2425 2226 in
2453 2181 2564 2227 alle
2592 2182 2815 2231 manieren
2842 2186 2954 2232 daer
2982 2187 3094 2234 mede
3120 2189 3177 2235 In
3204 2188 3434 2235 begrepen

1355 2286 1515 2335 wesen,
1539 2288 1750 2335 willende
1776 2288 1959 2334 daertoe
1986 2289 2144 2337 alsdan
2169 2292 2302 2341 haere
2326 2296 2694 2345 gecommitteerde
2720 2300 2905 2349 senden,
2927 2303 3035 2350 ofte
3061 2303 3140 2350 was
3165 2302 3245 2350 't'
3270 2300 3404 2348 noodt

1351 2399 1509 2450 selver
1535 2396 1849 2445 verschijnen,
1874 2400 1926 2445 d'
1952 2400 2109 2448 Magjs.
2134 2404 2161 2449 t
2187 2404 2526 2451 overdenckende
2552 2407 2656 2452 niet
2682 2407 2917 2456 mogelijck
2942 2410 3021 2457 Was
3047 2413 3126 2458 met
3151 2414 3234 2463 syn

1348 2506 1549 2562 vrouwen
1578 2505 1691 2551 ende
1719 2505 1888 2551 andere
1917 2505 2115 2553 gevolgh
2143 2508 2540 2559 t'etschaperen,
2564 2513 2793 2561 gemerckt
2821 2514 2877 2559 te
2906 2514 3019 2559 seer
3047 2514 3273 2560 besloten
3301 2513 3389 2561 was

1346 2611 1470 2661 ende
1499 2611 1561 2657 te
1590 2612 1801 2657 wachten
1831 2612 1922 2658 tot
1952 2613 2043 2659 dat
2071 2613 2344 2659 d'Neycken
2374 2614 2525 2663 selfs
2555 2618 2736 2664 quamen
2767 2619 2827 2664 te
2857 2619 3009 2667 langh
3038 2623 3319 2676 aenloopen

1316 2722 1511 2776 tsouden
1538 2719 1841 2767 resolveerde
1869 2719 2118 2768 derhalven
2141 2722 2200 2769 te
2226 2724 2337 2771 doen
2364 2727 2447 2773 dat
2474 2727 2557 2773 hem
2584 2727 2668 2775 den
2693 2730 2942 2778 presenten
2969 2733 3080 2780 tijt
3107 2735 3272 2780 leeren
3299 2734 3438 2781 soude

1318 2856 1655 2909 Leeckeren
1692 2855 2287 2905 Momechewaijpille
2322 2860 2582 2907 (boomen
2619 2861 2990 2908 presumeert
3027 2863 3442 2918 secretelyck

1324 2961 1419 3007 uyt
1448 2958 1514 3007 't
1544 2955 1641 3002 Hof
1671 2954 1767 2999 van
1796 2952 1957 2999 madre
1988 2952 2370 3002 uytgemaeckt)
2399 2956 2561 3003 heeft
2589 2959 2655 3005 d'
2685 2960 2845 3006 mags.
2874 2963 2938 3011 ts
2970 2963 3385 3011 gepresenteert

1336 3056 1392 3102 d'
1420 3055 1752 3101 maendelijcke
1780 3056 1946 3104 gastos
1973 3060 2057 3107 van
2083 3062 2139 3108 1.
2166 3060 2250 3106 Hof
2277 3061 2334 3108 te
2360 3064 2692 3113 contribueren
2720 3066 2859 3113 midte
2885 3067 2969 3113 hem
2996 3067 3052 3113 in
3079 3069 3108 3114 t
3134 3069 3414 3116 bedieninge

1339 3165 1454 3212 ende
1482 3162 1654 3209 staedt
1681 3163 1767 3209 van
1795 3164 2366 3214 tlaeleijnepastellen,
2393 3170 2450 3216 't
2479 3171 2623 3219 welcq
2650 3175 2707 3221 d'
2735 3173 2907 3220 mags:s
2934 3174 3077 3221 miets
3105 3176 3391 3225 d'presente

1345 3264 1520 3312 groote
1549 3263 1869 3311 necessiteyt
1897 3267 2217 3315 accepteerde
2245 3271 2333 3319 tot
2360 3272 2565 3319 teecken
2593 3275 2681 3321 van
2709 3276 2826 3323 dien
2855 3278 2942 3324 den
2970 3279 3203 3327 gesanter
3231 3280 3320 3326 met

1338 3370 1609 3421 tasscrijven
1633 3362 1880 3414 vereerende

2017 3474 2251 3525 Voegen
2289 3479 2446 3529 noch
2484 3484 2719 3534 andere
2756 3491 2834 3536 en
2873 3491 3068 3538 Nader
3106 3493 3301 3540 Novos

2090 3567 2187 3618 van
2218 3564 2282 3610 't
2313 3563 2726 3612 Conincklijcke
2756 3569 2852 3614 Hof
2882 3567 3105 3613 becomen
3136 3568 3329 3617 luyden

2098 3642 2223 3689 naer
2253 3640 2532 3691 translaet
2562 3646 2656 3693 als
2686 3647 2872 3695 Volght
2899 3645 2934 3693 —

1328 3736 1419 3784 d'
1463 3740 1824 3790 reijcken
1864 3742 2004 3793 van
2047 3746 2500 3793 Tansjouwer
2544 3748 2634 3796 en
2679 3751 3312 3801 Madreschrijven

1333 3841 1509 3889 aenden
1539 3837 1745 3886 Coninck
1774 3838 2011 3885 verstaen
2038 3841 2099 3891 't
2126 3847 2333 3893 (hebben
2361 3848 2451 3894 syn
2479 3848 2629 3897 mags.
2652 3852 2685 3900 t
2714 3852 2891 3897 besigh
2920 3851 3008 3897 was
3037 3851 3126 3897 met
3155 3850 3277 3900 doen

1322 3935 1789 3987 gecontracteerde
1819 3936 1851 3982 8
1881 3937 2006 3985 lacq
2036 3940 2099 3987 te
2130 3942 2410 3990 betaelen,
2439 3946 2471 3992 t
2501 3946 2658 3994 welcq
2688 3948 2781 3994 wel
2812 3946 2968 3992 soude
2998 3945 3154 3991 wesen
3184 3944 3371 3990 Indien

1313 4039 1377 4086 d'
1407 4035 1596 4083 Mooren
1625 4032 1909 4080 wederomme
1941 4032 2130 4079 opgene
2159 4035 2286 4080 syde
2316 4036 2379 4083 't
2410 4038 2567 4085 Bosch
2598 4040 2944 4088 vertrocken,
2973 4042 3037 4088 sy
3068 4040 3256 4087 wilden
3287 4041 3321 4087 —

1307 4140 1399 4186 dan
1429 4137 1551 4185 oock
1581 4137 1795 4183 sodanig
1825 4137 1886 4182 4½
1917 4137 2039 4184 lacq
2069 4137 2313 4184 verdauws
2343 4138 2435 4184 als
2465 4139 2526 4185 in
2557 4140 3046 4187 sinhiergeschickt
3075 4143 3258 4189 hadden

2983 4242 3176 4292 8'May
3214 4242 3330 4291 st.

2929 4239 2977 4286 1
