3573 4801
2710 460 2895 519 800

1162 349 1285 395 a

808 643 1317 696 Affsendinghe
1359 649 1486 699 wel
1529 653 1656 699 van
1697 651 1952 698 harten
1990 646 2376 696 wenschte,
2418 646 2545 693 ons
2586 641 2672 689 jn
2714 635 2979 684 corten

890 753 1061 801 mede
1103 747 1402 797 occasie
1445 740 1999 794 occurereerde,
2041 735 2255 785 alsoo
2297 730 2469 779 onse
2509 705 2896 775 proviesie

863 868 1006 922 van
1052 862 1238 910 rijs
1283 860 1610 910 schaers
1646 844 1936 905 begint
1981 841 2076 887 om
2121 843 2214 889 t'
2248 832 2540 888 comen,
2586 820 2773 874 ende
2816 808 2958 863 omw

876 996 1019 1047 ons
1064 994 1252 1042 daer
1298 992 1439 1039 van
1485 980 1766 1036 verder
1812 974 1905 1022 te
1951 956 2465 1023 provideren,
2509 945 2699 1000 voor
2742 936 3025 987 eerst^

219 1137 329 1189 ees
363 1132 508 1180 hier
543 1130 687 1177 voor
721 1113 1151 1174 aengeratsgen
1185 1103 1509 1156 aparentie
1543 1099 1651 1147 sal
1686 1091 1832 1143 sijn

818 1376 871 1426 T
913 1367 1156 1416 schip
1204 1354 1780 1411 d'salamander
1825 1345 2067 1397 hebbe
2114 1340 2259 1388 tot
2305 1333 2498 1383 dato
2546 1328 2738 1378 (wel
2785 1322 2938 1372 tot

881 1479 1093 1530 onse
1141 1462 1928 1526 verwonderinghe)
1976 1453 2190 1505 noch
2238 1435 2451 1494 niet
2500 1421 2973 1475 vernomen,

884 1584 1404 1639 d'oorsaecke
1451 1583 1594 1629 van
1640 1575 2066 1626 desselffs
2113 1567 2255 1620 soo
2299 1550 2538 1610 lange
2584 1531 2964 1592 Tardance

859 1699 1169 1759 blijft
1218 1690 1372 1738 den
1423 1681 1934 1735 almogenden
1984 1673 2342 1726 bewust,
2392 1669 2597 1719 doch
2647 1656 3006 1712 presuc„

834 1820 1101 1887 „mere
1153 1812 1313 1864 van
1365 1792 1735 1855 ceijlon
1785 1785 2263 1834 adroutuae
2316 1783 2527 1832 naer
2557 1757 2894 1825 Costij

886 1927 1381 1987 genavigeert
1425 1923 1561 1971 sal
1605 1911 1831 1967 sijn,
1874 1906 2010 1955 dat
2053 1900 2190 1949 mij
2234 1897 2325 1944 te
2368 1885 2639 1942 sijner
2682 1870 2863 1928 tijd

884 2055 1150 2110 onder
1201 2040 1571 2100 anderen
1618 2027 1834 2084 oock
1852 2021 1990 2068 te
2042 2006 2465 2068 vernemen
2513 1998 2727 2048 lief
2774 1989 2962 2042 sal

822 2163 1135 2222 Sijn

816 2430 1006 2489 Jnde
1051 2426 1239 2474 naer
1285 2424 1473 2472 dien
1518 2424 1706 2472 uEd:
1753 2423 1987 2471 bij't
2031 2420 2221 2469 voor
2267 2413 2922 2465 gementioneerde

883 2549 1049 2598 den
1102 2531 1543 2591 Toestant
1597 2525 2092 2578 (apresent
2145 2521 2422 2570 deser
2476 2518 2697 2566 cust
2752 2521 2920 2569 Ten

872 2656 1466 2725 principaele
1514 2646 2219 2704 gedeclareert,
2272 2633 2488 2692 ende
2537 2619 2703 2671 Mij
2755 2618 2973 2667 geen

877 2801 1157 2862 Verder
1202 2789 1528 2846 materie
1562 2782 1713 2833 ten
1753 2779 2083 2829 dienste
2129 2774 2453 2825 nodich,
2499 2764 3010 2819 occurerende

896 2919 1039 2974 is,
1082 2914 1224 2964 sal
1269 2900 1736 2959 eijndigen,
1776 2896 1875 2945 en

2028 2946 2863 3015 Hiermelde

961 3065 1366 3127 Eentseste,

839 3178 950 3228 Ed
1005 3176 1445 3226 Manhafte
1500 3170 1665 3220 wel
1716 3165 1996 3215 wijse
2049 3159 2655 3213 voorsienige
2709 3143 2931 3203 ende

1570 3247 1823 3299 nen

877 3303 1088 3351 seer
1136 3268 1561 3347 discrete

1549 3291 1702 3352 =t,
1717 3302 1945 3350 wed:
1994 3296 2193 3346 naer
2235 3287 2492 3341 mijne
2540 3276 2989 3332 schuldige

880 3414 1253 3475 eerbiede
1299 3406 1485 3458 ende
1531 3402 1717 3451 hart
1760 3398 2135 3446 grondige
2179 3385 2689 3447 groetenisse
2735 3379 2968 3429 inden

855 3537 1318 3606 protecxtie
1361 3526 1502 3580 des
1543 3509 2146 3569 alderhoogsten
2191 3499 2560 3555 bevelen,
2604 3491 2744 3542 dus
2788 3487 3020 3536 bidde

868 3679 1177 3729 EComp=s
1221 3668 1615 3724 affaijren
1658 3662 1879 3712 onder
1922 3660 2098 3706 ued:
2141 3643 2580 3705 Lostelijck
2623 3629 3019 3687 regeringe

811 3811 908 3856 en
942 3798 1345 3855 directie
1389 3791 1588 3842 meer
1636 3786 1830 3834 ende
1876 3781 2073 3831 meer
2121 3777 2267 3826 tot
2314 3756 2997 3822 grootmaeckinge

868 3923 1018 3979 van
1064 3907 1310 3965 zijne
1356 3899 1504 3950 h=r
1551 3895 1747 3943 name
1795 3894 1894 3940 en
1940 3892 2331 3940 welstant
2378 3884 2574 3936 vant
2621 3868 2916 3928 gemene

862 4023 1047 4077 best
1092 4020 1411 4070 gelieve
1455 4016 1548 4063 te
1589 4002 1957 4058 legenen,
2000 3996 2184 4049 ende
2228 3990 2412 4040 UEd:
2448 3972 3005 4034 jnlanghdurig

850 4117 1393 4187 gesontheijt,
1433 4113 1527 4161 en
1569 4103 1751 4157 voor
1793 4090 2019 4146 spoet
2063 4086 2243 4134 naer
2284 4079 2467 4131 siel
2511 4076 2602 4123 en
2645 4072 2960 4121 lichaem

2130 4180 2269 4232 was
2313 4161 2773 4223 geteeckent

834 4247 957 4299 te
1015 4213 1797 4290 conserveeren.

217 4371 358 4423 int
400 4371 730 4424 Casterl
776 4370 1102 4420 geldria
1147 4368 1336 4419 adij

1894 4264 2218 4319 Arnold
2271 4245 2651 4307 Heussen

271 4504 326 4552 9
377 4492 639 4547 Junij
691 4489 796 4534 Ao
846 4480 1058 4532 1646

158 723 246 770 doe

152 920 233 966 der

186 2569 227 2614 0

172 2678 232 2725 rie

150 2807 219 2855 ten

0 2819 40 2866 96
