3642 4883
1178 618 1526 672 Januarij
1561 612 1745 662 1646

1378 806 1568 856 wederom
1593 804 1649 851 te
1674 800 1998 848 recouvreren,
2023 798 2078 844 en
2104 797 2239 843 alsoo
2265 795 2374 841 onse
2400 796 2481 842 als
2507 797 2588 843 dan
2615 797 2803 844 geleden
2830 794 3018 842 schaede
3044 793 3098 839 te
3124 790 3367 837 repareren
3392 792 3424 840 —

1375 912 1430 957 es
1456 908 1540 956 met
1565 901 1895 952 Communicatie
1922 897 2032 946 ende
2058 893 2169 941 goet
2196 892 2361 938 vinden
2387 892 2552 938 vanden
2579 891 2716 937 raedt
2742 887 3017 936 versterckt
3043 884 3209 932 mette'
3235 883 3458 941 Cryjghs—

1365 1007 1626 1067 offecieren
1651 1005 1755 1051 goet
1779 998 1988 1050 gevonden
2011 995 2091 1042 tot
2115 992 2322 1039 afbreucq
2348 991 2477 1037 onder
2503 989 2709 1036 Vijanden
2734 985 2915 1034 meerder
2941 982 3096 1030 renome
3121 978 3251 1026 onder
3275 976 3405 1024 dees—

1361 1114 1489 1167 Natie
1513 1111 1564 1158 en
1588 1109 1688 1155 omme
1713 1107 1912 1154 daerdoor
1936 1098 2137 1153 d'tselve
2160 1095 2212 1142 in
2236 1094 2336 1139 haer
2361 1093 2510 1139 Verder
2534 1092 2635 1138 voor
2660 1090 2710 1137 te
2735 1088 2860 1134 nemen
2884 1085 2985 1133 boos
3008 1083 3059 1129 op
3083 1081 3159 1128 het
3183 1076 3459 1126 eenichsints

1369 1223 1425 1269 te
1449 1212 1670 1265 stutten,
1696 1213 1779 1259 een
1805 1210 1887 1257 wel
1915 1206 2187 1255 g'armeerde
2214 1203 2460 1251 Compagnie
2486 1197 2705 1248 soldaten
2731 1194 2814 1242 soo
2841 1186 3113 1238 duijtschen
3140 1182 3386 1230 toepassen
3413 1182 3442 1228 —

1369 1328 1457 1379 als
1484 1322 1624 1371 pions
1652 1319 1821 1367 tegens
1848 1319 1933 1365 den
1961 1314 2270 1365 aenstaenden
2298 1305 2607 1358 morgenstont
2635 1301 2832 1350 ontrend
2860 1301 2888 1346 t
2915 1299 2944 1345 3
2971 1293 3141 1343 uijren
3168 1289 3312 1337 onder

1371 1451 1433 1498 't
1461 1437 1705 1495 Commando
1735 1432 1917 1481 vanden
1946 1423 2280 1477 luijtenandt
2309 1420 2462 1467 deses
2489 1412 2734 1465 Casteels
2764 1402 3067 1456 derwaerdts
3097 1401 3158 1447 af
3187 1401 3249 1447 te
3274 1397 3310 1446 —

1358 1549 1527 1602 senden
1554 1541 1833 1593 namentlyck
1860 1538 1945 1585 120
1971 1528 2306 1582 Nederlanders
2332 1526 2390 1573 50
2416 1519 2668 1571 toepassen
2695 1517 2751 1563 en
2778 1513 2863 1562 400
2889 1508 3030 1557 pions
3056 1495 3363 1552 muttsgaders

1356 1665 1410 1713 20
1431 1654 1642 1710 lascaers
1667 1648 1772 1698 ende
1796 1645 1850 1692 40
1873 1637 2084 1690 perriers
2108 1634 2187 1681 tot
2213 1633 2265 1678 't
2290 1627 2473 1677 draegen
2497 1625 2551 1671 d'
2575 1618 2810 1670 Ammonitie
2835 1615 2914 1662 van
2938 1605 3122 1659 oorloge
3145 1597 3252 1649 als—

1367 1764 1528 1814 andere
1552 1749 1982 1808 noostwendicheden
2008 1742 2196 1793 t'samen
2222 1739 2303 1786 630
2327 1731 2517 1782 coppen,
2543 1725 2731 1776 latende
2755 1710 3105 1768 middelerwijle
3129 1705 3185 1753 't
3210 1702 3319 1750 fort

1362 1870 1546 1924 geldria
1569 1862 1675 1912 ende
1700 1858 1754 1905 d'
1778 1850 1962 1902 stadtse
1987 1844 2170 1894 puncten
2194 1841 2274 1887 met
2300 1839 2352 1886 97
2378 1833 2587 1883 blancken
2611 1831 2665 1877 en
2688 1826 2743 1874 50
2768 1818 3003 1870 toepassen
3026 1811 3185 1862 beseth
3211 1807 3319 1856 ten—

1410 1968 1737 2025 verseeckert
1765 1960 1944 2011 houden

1086 2113 1145 2163 An
1171 2110 1202 2157 5
1223 2101 1285 2150 d.
1311 2100 1342 2147 o
1366 2093 1592 2145 smergens
1618 2089 1844 2137 omtrendt
1871 2079 2068 2133 3uijren
2094 2070 2347 2123 vertreckt
2375 2066 2571 2115 Conform
2599 2060 2852 2111 resolutie
2877 2057 2963 2104 den
2991 2051 3299 2101 luijtenandt
3325 2049 3411 2095 met

1363 2204 1418 2250 d'
1444 2194 1797 2248 geprepareerde
1822 2187 2068 2239 Compagnie
2094 2181 2311 2231 soldaten
2337 2178 2447 2226 naer
2473 2173 2663 2222 wantjew
2688 2170 2798 2218 ocke
2825 2169 2906 2215 met
2933 2163 3150 2214 serieuse
3175 2159 3313 2208 ordre

1365 2311 1470 2363 ende
1494 2300 1852 2355 recommandatie,
1876 2298 1953 2345 ons
1978 2293 2208 2343 voornemen
2233 2290 2488 2338 derwaerdts
2514 2289 2590 2335 met
2615 2285 2743 2333 goedt
2768 2280 2998 2329 beleijdt,
3023 2277 3126 2324 ende
3148 2265 3355 2320 toesight

1364 2424 1450 2475 opt
1475 2410 2024 2466 aldervoorsichtichste
2051 2403 2270 2454 sinwercq
2297 2401 2353 2447 te
2379 2395 2599 2444 stellen,
2624 2389 2736 2439 ende
2762 2380 3064 2433 d'Compagnie
3091 2372 3431 2425 ordentelijck

1367 2531 1416 2578 te
1438 2523 1677 2575 verdeelen,
1700 2517 1892 2567 werdende
1914 2512 2153 2561 dierhalven
2176 2511 2225 2557 d'
2248 2509 2439 2556 soldaten
2462 2505 2558 2553 in't
2581 2496 2772 2549 generael
2794 2493 2891 2540 door
2913 2486 2986 2536 den
3008 2484 3057 2530 E.
3079 2482 3129 2529 H.
3151 2480 3177 2526 r
3199 2476 3438 2524 Gouverneur

1357 2637 1485 2690 onder
1509 2630 1684 2681 anderen
1707 2624 2031 2674 expresselijck
2056 2620 2230 2669 bevolen
2253 2619 2305 2664 en
2328 2614 2504 2664 belast,
2527 2610 2603 2658 den
2627 2606 2851 2654 luijtenam
2875 2604 2926 2651 In
2949 2600 3075 2648 alles
3098 2598 3149 2644 t'
3172 2589 3448 2643 gehoorsamen

1367 2747 1478 2803 ende
1502 2740 1637 2790 sijne
1663 2733 1877 2784 Commando
1902 2730 1983 2777 met
2009 2728 2143 2774 allen
2169 2725 2276 2772 pver
2302 2724 2409 2769 naer
2433 2722 2488 2769 te
2515 2719 2675 2767 Comen,
2701 2717 2781 2764 soo
2807 2712 2994 2761 wierden
3020 2711 3127 2756 oocq
3153 2704 3447 2755 ernstelijck

1354 2848 1560 2905 vermaent
1585 2844 1689 2892 ende
1714 2840 1997 2887 onderricht,
2022 2836 2177 2885 vanden
2203 2834 2383 2881 beginne
2407 2832 2486 2879 tot
2511 2832 2563 2877 't
2587 2829 2742 2876 eijnde
2767 2827 2871 2874 niet
2897 2826 2948 2872 al
2973 2825 3025 2871 te
3051 2822 3179 2870 verre
3205 2818 3361 2867 vanden

1356 2960 1542 3012 anderen
1566 2956 1621 3004 te
1647 2951 1910 3001 verloopen,
1936 2947 2042 2995 ende
2068 2942 2383 2992 dienvolgende
2409 2935 2831 2987 tperickelateren,
2856 2933 2962 2979 maer
2988 2930 3225 2978 gestadich
3250 2927 3333 2974 bij

1351 3064 1482 3118 haere
1505 3057 1686 3108 troupen
1711 3056 1763 3102 te
1788 3051 1994 3100 blijven,
2019 3049 2096 3096 wel
2121 3048 2173 3094 op
2199 3046 2302 3093 haer
2327 3043 2455 3090 hoede
2481 3042 2533 3088 en
2557 3039 2789 3086 defentie,
2814 3038 2892 3084 als
2916 3035 3019 3081 oock
3045 3035 3122 3080 bij
3147 3028 3471 3079 overwinninge

1352 3164 1478 3217 onser
1500 3158 1723 3207 vijanden,
1747 3155 1846 3203 niet
1870 3155 1919 3200 ge
1943 3153 1993 3199 te
2016 3150 2238 3198 ontijdigh
2261 3148 2336 3195 int
2361 3146 2581 3193 plunderen
2605 3144 2656 3191 te
2679 3143 2803 3190 sijn,
2826 3142 2925 3188 maer
2949 3140 3121 3187 t'selve
3146 3139 3195 3185 te
3219 3138 3345 3186 laten

1352 3269 1573 3320 berusten
1599 3265 1683 3313 ter
1711 3264 1821 3310 tijt
1849 3260 2070 3309 volcomen
2097 3254 2484 3304 verseeckeringh
2511 3251 2650 3299 vande
2677 3248 2926 3295 Victorie,
2952 3245 3064 3292 ende
3092 3244 3147 3290 de
3173 3240 3286 3289 twee

1317 3378 1481 3429 Prince
1506 3371 1748 3422 stuckjens
1774 3370 1828 3416 in
1854 3367 1962 3414 onse
1989 3364 2150 3411 handen
2176 3362 2283 3410 ende
2310 3361 2444 3407 macht
2469 3355 2658 3405 hebben,
2682 3352 2765 3401 dat
2791 3347 3059 3396 andersints
3086 3347 3193 3392 haer
3220 3346 3382 3392 selven

1348 3489 1402 3536 In
1427 3487 1482 3535 't
1507 3479 1857 3530 aldergrootste
1882 3471 2124 3523 perijckel
2151 3469 2312 3516 souden
2337 3464 2552 3513 stellen,
2578 3459 2767 3508 gevende
2792 3454 3007 3503 daermede
3033 3453 3114 3498 den
3141 3452 3384 3499 luijtenam

1338 3600 1426 3646 syn
1453 3592 1717 3645 afscheyt,
1746 3588 1863 3637 omme
1891 3583 2154 3632 derwaerts
2182 3581 2241 3627 te
2270 3572 2562 3625 marcheren,
2589 3567 2708 3616 ende
2735 3564 2853 3611 syne
2881 3561 3145 3608 Commissie
3173 3557 3290 3605 naer

1352 3710 1622 3762 uijterste
1652 3705 1893 3754 vermogen
1919 3704 1982 3751 te
2011 3695 2319 3749 voltrecken

1278 3866 1454 3927 Haerd'
1480 3856 1655 3909 Clocke
1683 3854 1712 3900 5
1740 3852 1914 3899 uijren
1942 3851 2029 3898 met
2058 3849 2115 3895 's
2143 3846 2374 3894 lemieren
2402 3842 2576 3891 Vanden
2603 3838 2720 3887 dagh
2748 3834 2893 3883 sagen
2921 3832 3066 3878 Iante
3094 3831 3181 3877 van
3209 3827 3412 3876 Casteel

1344 3966 1400 4014 d'
1426 3961 1536 4010 onse
1561 3959 1617 4005 't
1643 3953 1914 4003 veldewaert
1940 3950 2049 3997 sij,
2076 3947 2266 3994 omtrent
2292 3941 2591 3991 wantjewacke
2617 3938 2780 3986 tegens
2807 3936 2888 3983 den
2915 3933 3078 3980 Vyandt
3104 3931 3186 3977 met
3211 3927 3375 3976 schier

1338 4078 1451 4127 doep
1478 4065 1730 4122 verdoende
1757 4061 1953 4110 waeren,
1981 4058 2148 4106 twelcq
2175 4056 2260 4102 tot
2287 4053 2483 4100 omtrent
2508 4050 2567 4098 12
2595 4047 2762 4095 uijren
2789 4040 3041 4092 achterden
3068 4034 3269 4084 anderen

1345 4176 1655 4240 continueerde
1680 4173 1758 4220 tot
1782 4168 1860 4217 dat
1885 4165 1962 4212 den
1988 4160 2269 4210 luijtenandt
2294 4159 2371 4204 als
2397 4158 2448 4204 d'
2473 4154 2653 4203 verdere
2678 4151 2858 4200 Crijghs
2881 4140 3139 4195 offecieren
3162 4130 3318 4183 metten

1344 4285 1542 4342 anderen
1568 4280 1681 4329 goet
1707 4271 1876 4323 vonden
1902 4266 1988 4315 van
2015 4264 2127 4311 daer
2154 4256 2546 4309 Wederherwaerts
2571 4252 2630 4300 te
2657 4246 2853 4296 keeren,
2878 4235 3215 4289 dienvolgende
3242 4234 3299 4282 om

1969 1949 2051 1997 -

1198 3883 1217 3929 ƒ
