3567 4801
2788 500 2936 547 838

895 659 1067 725 Den
1119 632 1790 702 oppercoopman
1843 630 1957 676 sr
2010 626 2513 677 lauwerens
2567 619 2848 672 pidt,

901 763 1265 813 welckers
1309 758 1537 807 nieuw
1580 751 1992 803 verlandt,
2035 752 2218 798 ende
2263 735 2768 797 toegeleijde

897 872 1457 928 tracktemendt
1503 871 1644 918 van
1688 866 2249 916 verbeteringh
2296 861 2482 911 wed„
2528 848 2811 906 hebben

875 991 1202 1047 gelieven
1242 990 1324 1036 't
1364 985 1810 1036 approberen,
1850 981 2012 1028 doet
2052 981 2215 1027 uEd„
2255 979 2418 1026 voor
2458 975 2580 1025 soo
2619 957 2944 1018 liberale

870 1106 1122 1161 gunste
1164 1105 1332 1151 oock
1372 1101 1872 1152 hertelijcken
1914 1099 2331 1146 bedancken,
2372 1097 2540 1144 niet
2579 1083 3001 1141 twijffelen

875 1230 1048 1286 sich
1090 1220 1390 1273 d'selve
1432 1217 1561 1264 met
1603 1210 1819 1262 goede
1861 1206 2206 1254 diensten
2247 1211 2376 1257 tot
2417 1210 2590 1256 ued„
2631 1199 2934 1255 meerder

877 1346 1479 1397 contentemendt
1524 1337 1895 1390 waerdigh
1940 1328 2265 1380 maecken
2310 1325 2497 1372 sall

660 1609 863 1662 Medt
877 1576 1155 1641 desen
1202 1569 1305 1617 te
1352 1547 1853 1611 schrijven,
1902 1545 2102 1591 ende
2148 1544 2252 1590 d'
2299 1537 2700 1591 despeche
2747 1532 2999 1582 vande

876 1680 1150 1742 jachten
1187 1673 1343 1723 lis,
1379 1665 1536 1716 ende
1571 1658 1766 1707 lillo
1802 1654 1959 1703 over
1997 1646 2461 1699 masulijpatam
2499 1641 2654 1691 naer
2692 1632 3001 1685 piepelij

874 1802 1110 1856 doende
1147 1793 1423 1847 sijnde,
1461 1790 1658 1839 condt
1695 1785 1815 1835 mij
1853 1781 1972 1829 ter
2010 1772 2246 1825 handen
2281 1765 2363 1814 't
2400 1763 2598 1810 nader
2637 1744 2991 1807 verwachte

866 1908 1270 1971 schrijvens
1309 1903 1512 1952 vand'
1550 1887 2236 1952 oppercoopluijden.
2276 1883 2437 1931 ss„r
2477 1872 2800 1927 martinus
2835 1862 2944 1916 de

867 2039 1135 2093 vroede
1178 2034 1358 2083 ende
1402 2025 1670 2078 thomas
1713 2014 2026 2068 Cuijck,
2070 2000 2428 2059 welckers
2471 1982 2784 2043 inhoude
2828 1977 2918 2023 in

870 2165 1087 2217 desen
1130 2162 1304 2209 niet
1347 2152 1736 2205 ontleden,
1777 2148 1952 2197 maer
1993 2142 2125 2193 mij
2166 2117 2773 2184 dienaengaende,
2815 2106 2991 2160 ende

876 2280 1080 2331 tgene
1121 2278 1284 2325 daer
1325 2277 1407 2324 op
1448 2276 1529 2322 p.
1569 2274 1611 2320 r
1651 2266 1979 2318 geseijde
2019 2256 2346 2310 jongten,
2385 2249 2550 2298 (die
2590 2231 2917 2291 opmorgen

864 2409 1073 2471 (:god
1113 2407 1197 2453 d'
1237 2395 1568 2450 voorste)
1608 2392 1733 2439 met
1772 2387 1898 2436 een
1938 2359 2516 2432 cargasoentgen,
2557 2343 3011 2403 namentlijck

870 2529 1053 2580 voor
1096 2509 1686 2573 masulijpatam,
1730 2504 1822 2554 jn
1866 2492 2275 2547 diversche
2319 2471 2999 2539 coopmanschappen

872 2652 1005 2706 ter
1045 2642 1263 2695 somme
1305 2642 1435 2688 van
1477 2641 1521 2687 ƒ
1564 2624 1995 2685 26106„8„6„
2036 2616 2211 2668 ende
2250 2607 2426 2659 voor
2467 2586 2814 2649 pijpelij
2849 2578 2942 2628 in

883 2763 1328 2819 contanten
1370 2758 1426 2806 ƒ
1473 2728 2018 2803 144875„-„-„
2064 2717 2215 2770 van
2263 2711 2461 2759 hier
2506 2702 2757 2755 staen
2804 2698 2906 2748 te

879 2886 1370 2945 vertrecken:)
1410 2881 1533 2930 Ben
1572 2862 2146 2923 rescriberende,
2186 2859 2310 2906 tot
2349 2855 2432 2902 d'
2471 2834 2885 2898 ingeleijde

873 3019 1168 3072 copien,
1209 3012 1378 3063 omme
1420 3005 1715 3057 rediten
1756 3001 1841 3050 t'
1880 2986 2304 3043 excuseren,
2342 2968 2682 3033 gedragen
2723 2962 2854 3010 sal

675 3215 943 3279 Desen
992 3202 1262 3257 gaedt
1308 3186 1689 3246 volgens
1742 3178 1902 3229 ons
1955 3147 2809 3222 gepreadverteerde

846 3329 1188 3402 project,
1227 3317 1397 3371 ende
1438 3301 1817 3361 resolutie
1857 3297 1943 3345 p.
1984 3293 2069 3341 r.
2109 3277 2363 3337 tschip
2403 3271 2489 3320 d'
2529 3257 2996 3314 Salamander,

870 3452 1038 3505 waer
1077 3441 1246 3495 mede
1285 3435 1412 3484 ued
1449 3431 1620 3480 (des
1660 3424 1786 3474 god
1827 3409 2286 3469 toelatende)
2325 3403 2453 3454 soo
2491 3396 2618 3446 van
2660 3393 2827 3441 hier
2866 3386 2994 3435 als

856 3553 1454 3620 masulijpatam
1502 3549 1603 3596 d'
1651 3539 1950 3593 retour
1995 3530 2248 3583 staet
2293 3523 2397 3574 te
2442 3507 2845 3567 gewerden

867 3694 1014 3748 een
1054 3668 1492 3738 cargasoen
1538 3649 1969 3711 Bestaende
2015 3642 2208 3693 uijt
2255 3635 2495 3686 1025„
2541 3623 2829 3678 packen

857 3805 1227 3863 diversche
1266 3787 1676 3849 sorteringe
1715 3779 1840 3831 van
1878 3760 2207 3822 cleeden,
2247 3752 2411 3803 daer
2451 3742 2656 3796 onder
2696 3737 3024 3786 begrepen

856 3936 947 3986 de
990 3933 1078 3981 80
1119 3923 1384 3978 packen
1426 3911 1779 3967 guijnees
1819 3893 2172 3955 lijwaet,
2215 3886 2436 3937 uEd„e
2479 3862 3005 3928 ongetacxeert

2845 3960 3001 4015 nen

859 4064 991 4113 p„r
1030 4042 1426 4106 maeslandt
1468 4029 1994 4087 toegesonden,
2037 4023 2300 4073 30677„
2339 4021 2430 4070 lb
2472 4011 2780 4065 masulij
2823 4013 2998 4060 vat.

874 4191 1172 4240 jndigo,
1215 4183 1427 4236 53280
1468 4178 1554 4226 lb
1595 4160 2148 4221 geraffineerde
2187 4143 2572 4203 salpeter,
2611 4138 2742 4188 300
2783 4134 2915 4183 stx

837 4317 1137 4375 slaven
1180 4310 1333 4361 als
1378 4296 1874 4354 slavinnen,
1923 4279 2316 4339 7800rstx
2364 4256 2913 4321 rochevellen

2587 4441 2835 4489 ende
