3567 4801
2757 582 2981 656 913

515 566 846 620 Decemb.
893 557 1036 610 ao.
1082 547 1274 596 1645

852 790 1004 841 Heele
1032 783 1245 834 grooten
1275 782 1336 828 in
1365 781 1699 827 Vranckrijck
1728 779 1881 827 Nemen
1911 779 2154 829 dagelicx
2183 783 2426 832 menichte
2456 786 2547 834 van
2577 789 2825 837 soldaten

930 889 986 935 op
1011 882 1122 933 haer
1149 878 1313 926 eyjgen
1340 876 1531 922 Costen,
1557 875 1640 921 die
1667 876 1749 921 tot
1776 875 2132 925 versterckinge
2158 881 2241 927 van
2267 882 2431 928 Malta.
2458 879 2731 928 derwaerts.
2758 878 2922 924 senden

2962 889 2982 934 -

921 1045 973 1091 d'
1000 1043 1131 1091 10000
1156 1037 1341 1087 turcken
1367 1037 1524 1084 welcke
1550 1038 1629 1083 een
1655 1038 1760 1085 swae
1787 1040 1840 1085 op
1865 1040 2102 1089 venutsien
2128 1043 2285 1089 hebben
2310 1042 2521 1089 trachten
2547 1044 2600 1089 te
2626 1044 2757 1092 doen,
2783 1046 2862 1093 syn

896 1140 969 1187 van
991 1136 1089 1184 5000
1111 1133 1376 1181 veniteramen
1399 1134 1543 1180 gansch
1567 1135 1615 1180 in
1639 1134 1758 1180 houte
1782 1135 2022 1181 geslaegen,
2044 1131 2070 1179 —

898 1274 1043 1325 seven
1069 1270 1243 1318 groote
1269 1267 1500 1316 scheepen
1529 1262 1730 1312 Comende
1757 1260 1873 1307 uijt
1901 1257 2045 1304 thuns
2072 1256 2130 1302 en
2159 1256 2332 1302 argier
2359 1257 2417 1302 om
2446 1256 2560 1302 sich
2588 1253 2646 1300 bi
2675 1252 2734 1299 de

930 1366 1166 1424 turcksche
1191 1364 1347 1411 vloote
1372 1362 1425 1408 te
1450 1359 1709 1407 vervoegen,
1734 1358 1839 1404 ende
1864 1355 2201 1402 ondertusschen
2226 1352 2306 1399 een
2330 1353 2537 1399 fransman
2562 1352 2641 1397 die
2666 1350 2772 1397 naer

919 1461 1207 1522 Marseijlien
1232 1457 1519 1506 tendeerden,
1543 1455 1779 1502 aenranden
1803 1452 1934 1499 Wilde
1960 1454 2064 1499 sijn
2090 1454 2194 1501 alle
2218 1454 2272 1499 te
2296 1453 2454 1499 wijlen
2479 1452 2636 1499 doende
2661 1450 2844 1497 Waeren,

922 1572 1037 1622 ende
1063 1569 1150 1616 van
1176 1564 1319 1613 geene
1345 1558 1546 1609 schepen
1574 1556 1688 1602 meer
1715 1553 2000 1600 Condtschap
2027 1551 2198 1597 haeden
2224 1547 2370 1596 vande
2394 1543 2764 1596 franschevlote

911 1671 1191 1730 overvallen,
1213 1667 1317 1715 ende
1341 1663 1443 1711 alle
1467 1663 1493 1709 7
1517 1662 1569 1708 In
1594 1654 1872 1708 vranckrijck
1896 1651 2048 1698 binnen
2073 1644 2275 1697 gebraght

895 1828 1023 1880 ende
1052 1821 1404 1876 Venitsianen
1435 1816 1627 1865 hebben
1658 1814 1754 1860 met
1785 1814 1817 1859 6
1848 1807 2104 1859 galeijen
2135 1804 2357 1853 seecker
2388 1797 2612 1848 Galjoen
2643 1794 2707 1841 In
2738 1784 2930 1838 hebben

911 1933 971 1983 14
993 1920 1083 1973 des
1105 1909 1306 1961 grooten
1334 1908 1446 1953 H=ls
1474 1905 1671 1953 vrouwen
1699 1903 1980 1950 tenderende
2008 1901 2121 1948 naer
2148 1898 2290 1945 mecca
2316 1897 2515 1944 gemandt
2538 1893 2626 1943 met
2654 1891 2738 1938 900
2766 1886 2937 1936 Coppen

919 2019 1023 2069 ende
1046 2008 1356 2062 geprovideert
1381 2005 1458 2051 met
1483 2002 1612 2050 50000
1637 2001 1689 2047 R.
1714 2000 1741 2045 a
1766 1996 2150 2046 g'Intercipeert,
2175 1994 2279 2041 ende
2303 1989 2535 2038 verovert,
2559 1986 2715 2033 sijnde
2737 1978 2869 2031 Vande

912 2114 1120 2176 turcken
1149 2111 1237 2159 400
1263 2097 1527 2154 persoonen
1554 2092 1817 2140 gebleven—

916 2258 1063 2316 30000
1088 2246 1262 2300 Corven
1289 2238 1462 2290 bijden
1487 2235 1634 2283 Turck
1658 2229 1747 2277 met
1776 2229 1862 2274 100
1888 2226 2090 2274 ooreghs
2118 2222 2319 2270 schepen
2344 2220 2433 2267 end
2460 2217 2548 2264 200
2576 2214 2836 2261 galeijen,

913 2356 992 2403 tot
1017 2342 1385 2400 Incorporeringe
1410 2338 1596 2386 eeniger
1621 2337 1779 2384 forten
1804 2335 1858 2381 op
1883 2331 2015 2380 malta
2040 2323 2383 2375 afgeveerdight
2407 2320 2514 2367 sijn
2539 2318 2645 2364 alle
2670 2317 2724 2363 In
2749 2313 2907 2361 Candia

908 2451 1073 2500 alwaer
1099 2447 1183 2495 tot
1208 2440 1402 2491 halingh
1428 2438 1512 2485 van
1538 2437 1704 2482 eenigh
1731 2433 2225 2482 verschwatergelondt
2252 2430 2445 2477 waeren,
2471 2426 2582 2475 ende
2608 2423 2857 2470 derselver

907 2551 1184 2606 Jnwoonderen
1207 2548 1259 2595 op
1284 2542 1460 2593 streden
1483 2540 1560 2586 sij
1585 2539 1635 2585 d'
1660 2535 1911 2584 maltaschen
1936 2534 2012 2579 van
2036 2532 2162 2578 haerl
2186 2528 2338 2576 ormste
2363 2524 2614 2573 verwittich
2638 2520 2792 2568 hadde,

907 2665 1009 2718 ende
1032 2661 1131 2709 haer
1156 2659 1254 2706 daer
1279 2658 1378 2704 over
1400 2650 1648 2702 aentoesten
1671 2645 1796 2693 wilde
1820 2643 1968 2690 doord.
1992 2643 2017 2688 s
2041 2640 2189 2687 gansch
2212 2639 2263 2686 In
2287 2637 2411 2683 houte
2435 2633 2682 2682 geslaegen,
2705 2630 2805 2677 ende
2825 2623 2929 2674 veel

896 2770 1063 2818 haeren
1091 2764 1397 2815 voornaemste
1424 2762 1676 2808 oversten,
1701 2757 2064 2808 waeronderoocg
2092 2755 2176 2802 den
2202 2746 2454 2799 doorheden
2481 2740 2621 2790 Iaers
2648 2734 2843 2784 gewesen

909 2872 1209 2931 Gouverneur
1238 2869 1299 2916 In
1327 2863 1537 2912 Bagodet
1566 2858 1895 2908 gesneuvelt,

895 3006 971 3055 d'
1007 3002 1081 3051 E.
1115 2996 1190 3044 H.
1223 2995 1264 3044 r
1298 2989 1666 3040 Commandeur
1702 2984 1886 3033 Claes
1922 2972 2327 3028 Cornelissen
2360 2964 2546 3015 Blocq
2582 2961 2693 3010 was
2728 2956 2840 3005 den

902 3108 984 3155 14.
1007 3104 1039 3152 '
1061 3088 1281 3146 augustus
1307 3085 1389 3132 aes
1415 3083 1659 3129 wanneerd'
1686 3083 1848 3128 maijs.
1875 3078 2172 3128 eerbiedinge
2198 3076 2389 3122 meijnde
2413 3073 2496 3122 teg
2523 3072 2604 3118 aen
2630 3071 2739 3117 doen
2761 3067 2794 3116 —

886 3203 967 3250 van
991 3198 1073 3247 een
1098 3190 1287 3241 heftige
1313 3185 1474 3234 Cortse
1501 3183 1688 3230 naerdat
1715 3181 1902 3229 ontrent
1928 3178 1982 3225 14
2008 3175 2169 3222 uijren
2195 3173 2356 3220 sonder
2382 3164 2624 3217 spreecken
2650 3161 2759 3209 ofte

897 3297 1054 3350 eenige
1077 3288 1287 3340 kennisse
1311 3281 1495 3333 gelegen
1520 3279 1678 3326 hadde,
1702 3280 1832 3326 deser
1857 3277 2039 3325 wereldt
2065 3273 2325 3322 overleden,
2350 3270 2455 3318 ende
2479 3263 2611 3313 Inden
2635 3256 2768 3306 Heere

893 3401 1077 3458 gerust,
1100 3394 1232 3445 welcq
1256 3385 1465 3438 droevigh
1490 3379 1672 3429 verlies
1697 3376 1801 3424 door
1827 3375 1905 3421 den
1930 3373 2137 3420 parstaen
2161 3370 2267 3418 seer
2292 3359 2526 3414 beclaeght
2549 3346 2733 3403 wierdt,

891 3502 1001 3556 ende
1026 3492 1239 3546 byhouder
1265 3490 1345 3536 van
1370 3486 1477 3534 sijn
1504 3481 1716 3531 Hoocheyt
1741 3478 1875 3525 Mirsa
1901 3474 2060 3523 Cachij
2085 3471 2166 3518 die
2191 3468 2272 3515 sin
2298 3464 2431 3513 doodt
2456 3460 2536 3507 met
2561 3454 2696 3505 Veele

881 3602 1230 3667 Lamentaele
1262 3592 1506 3646 woorden
1539 3578 1921 3636 beclaeghde,
1949 3572 1993 3621 —

876 3797 949 3849 Jn
978 3779 1221 3839 spochan
1253 3772 1595 3822 arriveerde
1628 3768 1731 3816 van
1765 3759 2038 3812 Bagadeth
2072 3755 2175 3804 een
2208 3749 2447 3799 Cassila
2480 3744 2788 3794 waerneven
2821 3743 2859 3790 —

875 3897 933 3945 d'
957 3882 1207 3939 ftransche
1234 3875 1400 3926 padres
1426 3865 1676 3919 dweersche
1699 3861 1896 3911 brieven
1922 3858 2117 3905 becomen
2143 3855 2309 3904 hadden
2335 3847 2612 3900 Inhoudende
2638 3845 2779 3893 onder

878 3987 1094 4043 anderen
1123 3974 1398 4030 voornovos
1426 3971 1519 4018 dat
1547 3967 1610 4014 d'
1639 3962 1913 4012 turcksche
1941 3959 2125 4007 armade
2155 3957 2247 4004 van
2276 3945 2762 4001 Constantinopelen

894 4090 1097 4145 tstarcq
1123 4080 1270 4133 synde
1297 4074 1386 4123 200
1414 4066 1646 4118 seyjlen,
1674 4064 1790 4110 naer
1819 4061 1964 4109 malta
1992 4060 2080 4105 Was
2108 4052 2428 4105 vertrocken,
2455 4048 2572 4095 Item
2598 4044 2716 4092 datt
2744 4042 2807 4089 de

893 4190 1109 4238 fransche
1135 4184 1324 4234 Conincx
1350 4177 1539 4229 schepen
1565 4175 1673 4222 rede
1699 4173 1860 4220 eenige
1887 4171 2129 4218 Engelsche
2155 4165 2344 4216 schepen
2370 4162 2532 4209 hadden
2558 4154 2775 4207 verovert

0 2271 56 2316 net

143 2717 190 2763 pen

1928 2858 1949 2904 -

2832 4052 2866 4097 -
