3560 4937
916 260 1095 318 Juny
1135 256 1268 303 ao.
1308 256 1534 310 1646.

1167 405 1267 453 dat
1300 408 1465 454 synen
1498 409 1764 463 mandoryn
1795 420 2026 469 hemdede
2059 425 2488 474 ontschuldigen
2520 429 2620 475 van
2653 430 2752 477 dat
2785 432 2885 479 ons
2916 435 3050 485 niet
3081 442 3183 491 eer
3213 448 3388 501 conde

1211 534 1310 584 aen
1342 534 1471 580 syde
1502 534 1695 581 helpen
1727 533 1856 579 waer
1887 533 1985 580 toe
2016 536 2146 582 alle
2176 539 2467 588 doenlycke
2497 544 2755 596 middelen
2786 552 3237 613 paartiseerden:
3267 569 3401 626 maer

1231 640 1396 687 waren
1429 640 1595 686 sijne
1627 642 1926 693 besoignes
1956 648 2124 696 groot
2155 651 2222 696 en
2255 651 2453 700 veele,
2486 654 2585 700 des
2618 654 2784 701 hemer
2817 656 3280 713 onserenmwesten

1222 751 1704 804 derledennacht
1738 761 1925 814 hadde
1960 771 2072 820 tot
2104 775 2551 826 velegrooten.
2587 778 3069 827 huyssoeckinge
3102 782 3326 835 gedaen

1192 877 1326 932 ende
1357 875 1776 924 d'opgevondene
1807 880 1936 931 syde
1967 888 2160 941 gelast
2191 897 2256 943 te
2287 899 2416 947 hove
2448 902 2512 948 te
2544 902 2801 948 brengen,
2833 903 2993 949 glijk
3025 902 3282 950 voortaen
3314 905 3346 950 —

1219 990 1353 1041 alle
1385 986 1717 1035 mandorijns
1749 989 2147 1047 g'ordonneert
2178 1003 2443 1058 blijven,
2476 1013 2542 1060 op
2575 1015 2674 1062 dat
2707 1017 2806 1062 soo
2839 1016 3005 1062 laest
3037 1014 3303 1064 mogelijk

1222 1105 1499 1154 gelevert
1533 1105 1705 1152 soude
1738 1107 1910 1155 mogen
1944 1110 2185 1163 werden,
2218 1120 2356 1169 voor
2389 1124 2595 1173 welcke
2629 1129 2800 1176 wegen
2834 1129 2903 1175 de
2937 1129 3145 1177 Compe.
3177 1134 3348 1182 doene

1218 1225 1522 1274 debvoiren
1554 1225 1656 1270 hem
1689 1225 2026 1274 hooghelijk
2059 1229 2564 1283 bedanckendeden,
2597 1239 2900 1286 beneffens
2933 1239 3001 1286 de
3034 1236 3338 1285 behoorl:k

1193 1352 1307 1404 een
1341 1349 1825 1397 vereysscrende
1861 1348 2343 1396 Complementos.

972 1469 1233 1519 Savonds
1271 1470 1495 1516 werden
1532 1470 1682 1516 voor
1718 1468 1794 1514 de
1830 1465 1906 1512 2.
1943 1466 1981 1512 e
2017 1465 2168 1511 male
2203 1465 2317 1512 ten
2353 1465 2765 1513 huylevanden
2799 1465 3140 1516 mandorijn
3175 1473 3366 1531 onga„

1195 1594 1333 1642 „soe
1364 1593 1434 1640 te
1468 1587 1672 1636 spelen
1705 1582 2012 1632 genodight
2046 1583 2181 1632 ende
2213 1583 2488 1632 alhoewel
2521 1583 2589 1629 op
2622 1582 2759 1629 onse
2793 1579 3134 1628 occupatien
3166 1580 3270 1627 als
3302 1581 3340 1629 —

1216 1701 1471 1752 dreffh:t
1503 1698 1662 1746 wegen
1693 1697 1756 1742 't
1787 1692 2105 1742 verbranden
2135 1691 2232 1737 van
2261 1687 2423 1734 Comp.
2452 1688 2486 1735 s
2516 1691 2771 1738 huysinge
2801 1692 3024 1739 sochten
3054 1695 3371 1743 s'xcuseren

1218 1817 1359 1865 liet
1394 1811 1713 1861 denselven
1748 1808 1854 1855 met
1888 1806 1995 1853 aff
2029 1801 2278 1851 bevoren
2312 1801 2384 1848 't
2418 1802 2595 1854 woord
2630 1809 2666 1855 t
2701 1810 2878 1856 gaven
2912 1811 3019 1856 als
3054 1812 3302 1864 wanneer

1203 1935 1318 1984 der
1355 1933 1547 1981 warts
1584 1927 1813 1977 gingen
1850 1920 2156 1972 werdende
2194 1920 2308 1965 van
2345 1918 2690 1970 denselven
2727 1927 2842 1974 met
2879 1926 3277 1976 vrundelijk

1208 2052 1585 2103 discoursen,
1618 2054 1754 2099 eten
1788 2048 2096 2099 danicken,
2127 2046 2334 2094 helen,
2367 2045 2572 2096 singen
2606 2051 2640 2096 &
2673 2050 2879 2098 dansen
2913 2053 3084 2100 syner
3117 2056 3356 2106 vrouwen

1217 2171 1598 2226 t'eesteljk.
1632 2168 1702 2214 en
1734 2165 2046 2212 minnelijk
2080 2166 2390 2223 onthaelt,
2425 2178 2528 2224 tot
2561 2176 2804 2222 omtrent
2838 2176 2873 2222 2
2907 2178 3046 2226 uymn
3079 2181 3217 2229 voor
3251 2184 3355 2230 den

1204 2289 1384 2339 dagh,
1419 2287 1527 2334 als
1560 2279 1811 2331 wanneer
1846 2278 1918 2324 na
1953 2279 2311 2335 behoorlijk
2344 2292 2594 2340 genomen
2629 2295 2951 2346 affscheyt
2985 2302 3128 2348 ende
3163 2302 3377 2354 betood

1151 2408 1665 2458 danckbaerh.
1710 2408 1758 2454 t
1804 2408 1898 2454 na
1940 2406 2131 2455 huys
2177 2411 2783 2465 retourneerden

893 2542 991 2588 ady
1022 2538 1154 2587 28:e
1186 2537 1252 2582 en
1284 2538 1414 2583 27:e
1445 2534 1544 2583 d:o
1576 2533 1641 2579 si
1673 2532 1804 2577 dagh
1836 2528 2097 2576 wesende,
2128 2529 2259 2575 quam
2290 2528 2389 2575 als
2420 2530 2487 2576 de
2518 2531 2747 2579 voorige
2778 2535 2942 2582 basar
2973 2538 3137 2586 dagen
3168 2541 3331 2589 weij„

1187 2652 1367 2701 „nigh
1399 2647 1649 2700 teloot,
1681 2641 1825 2690 door
1859 2640 2107 2686 oorsake
2142 2640 2248 2685 den
2281 2638 2530 2687 Coningh
2564 2639 2812 2688 deselve
2847 2644 2988 2691 over
3022 2646 3095 2694 al
3129 2651 3200 2697 de
3233 2644 3307 2694 de

1218 2775 1294 2821 op
1330 2766 1519 2819 samen
1554 2762 1705 2813 omde
1742 2758 1968 2807 Comp:e
2000 2758 2154 2805 mede
2191 2757 2267 2804 te
2303 2756 2568 2806 betalen
2598 2761 2903 2809 Jnvongen
2939 2764 3014 2811 de
3051 2766 3314 2815 Coopl:n

1172 2894 1247 2939 na
1285 2890 1437 2939 haer
1472 2878 1813 2933 voorgeven
1850 2874 2002 2923 geen
2039 2871 2303 2919 bekomen
2341 2871 2607 2921 conden,
2642 2875 2719 2923 en
2756 2873 2869 2919 wij
2906 2874 3323 2939 dierhalven,

1210 3017 1277 3062 by
1309 3015 1378 3062 na
1411 3010 1747 3059 stilsitten
1778 3001 1981 3055 sonder
2014 2999 2283 3047 negotie,
2314 2998 2585 3046 comende,
2617 2998 2852 3047 eenlijk
2884 2998 2988 3052 soo
3019 3009 3088 3055 nu
3120 3011 3188 3058 en
3220 3014 3321 3062 dan

1205 3129 1352 3176 maer
1387 3132 1497 3177 wat
1533 3132 1789 3179 stoffen
1826 3127 2045 3177 (edogh
2079 3122 2227 3171 seer
2262 3120 2483 3167 sober)
2519 3118 2630 3165 aen
2665 3114 2849 3165 marct

848 3257 965 3312 ady
1002 3253 1116 3301 28:
1151 3245 1268 3295 d:o
1304 3246 1455 3293 lier
1493 3247 1606 3292 ons
1644 3247 1758 3294 den
1794 3249 2021 3295 Capado
2059 3248 2325 3296 ongaton
2361 3252 2550 3298 weten
2587 3252 2701 3299 als
2737 3250 2851 3296 dat
2888 3249 3078 3296 vande
3115 3244 3267 3294 may.
3302 3241 3342 3288 t

1196 3369 1372 3422 hadde
1406 3368 1579 3413 ordre
1613 3368 1924 3417 gecregen,
1957 3372 2096 3419 alle
2129 3373 2268 3420 sine
2302 3375 2440 3423 syde
2474 3375 2546 3424 op
2577 3380 2647 3427 te
2681 3376 2922 3424 brengen
2953 3370 3025 3420 en
3057 3357 3231 3412 alsoo
3262 3353 3301 3402 —

1223 3487 1388 3535 wist
1428 3487 1552 3535 den
1592 3485 1881 3531 Coningh
1919 3489 2044 3536 den
2083 3492 2371 3541 Coningh
2411 3497 2657 3551 debest
2695 3504 3067 3552 uytsoghte
3107 3501 3355 3550 voorde

1218 3601 1560 3658 Chinesen,
1596 3602 2012 3649 soudeliever
2049 3604 2162 3650 aen
2199 3605 2314 3654 ons
2350 3610 2803 3670 deleverantie
2840 3624 3029 3673 voors
3066 3626 3340 3674 maij=ts

1197 3739 1399 3786 Reeke
1437 3736 1638 3788 doen,
1677 3735 1758 3782 de
1798 3738 1958 3783 wyle
1997 3735 2078 3782 de
2118 3735 2280 3784 syne
2318 3741 2560 3793 meeste
2599 3749 2801 3796 ewone
2839 3752 3120 3803 suyvere
3160 3758 3361 3805 witte

1158 3863 1324 3912 syde
1364 3860 1569 3906 torb,
1609 3858 1734 3906 die
1774 3859 1897 3907 ons
1938 3862 2185 3913 lieven
2225 3868 2350 3917 als
2389 3873 2472 3918 de
2513 3874 2841 3927 Chinesen
2881 3882 3129 3932 guuden
3169 3888 3341 3948 want

3018 4052 3224 4104 int

815 2543 866 2589 C
