3444 4610
1397 699 1524 749 ten
1565 695 1818 745 ancker
1857 693 2152 746 t'schip
2192 697 2485 744 genaemt
2526 697 2822 746 Loijael
2862 703 2988 749 nae
3029 704 3198 754 haer

1402 779 1617 830 seggen
1652 776 1937 824 bestondt
1972 775 2118 827 sijn
2150 785 2294 830 hele
2328 784 2580 830 ladinge
2614 785 2687 831 in
2721 786 2793 831 30
2829 786 3043 838 lasten
3076 792 3222 842 rijs

1408 873 1638 922 sonder
1676 868 1829 917 iets
1866 865 2098 913 anders
2132 869 2211 916 en
2248 873 2478 919 fluijt
2515 874 2783 920 genaemt
2820 875 2897 921 de
2935 877 3242 927 Leuwinne

1397 967 1656 1015 geladen
1691 963 1803 1010 met
1840 962 1914 1008 60
1951 960 2172 1008 lasten
2209 963 2394 1010 peper
2429 964 2505 1012 en
2541 966 2652 1013 100
2688 965 2911 1014 lasten
2947 968 3243 1016 salpeter

1387 1061 1597 1115 waren
1636 1057 1680 1104 6
1719 1053 2010 1101 maenden
2051 1053 2259 1100 vande
2299 1056 2465 1106 Cust
2506 1057 2631 1104 van
2666 1055 2919 1105 Indien
2960 1055 3257 1105 geweest

1402 1164 1444 1211 2
1479 1152 1770 1208 maenden
1809 1148 1932 1196 aen
1972 1147 2380 1198 Madagascar
2420 1151 2747 1198 gelegen,
2787 1148 3155 1196 oorsaecke
3194 1150 3239 1199 —

1409 1247 1597 1299 datse
1633 1242 1784 1290 door
1821 1241 1896 1287 de
1933 1240 2120 1286 weste
2158 1241 2270 1287 end
2307 1238 2681 1285 noordweste
2717 1236 2943 1284 winden
2980 1236 3056 1284 de
3089 1238 3244 1287 Cael

1380 1338 1536 1388 niet
1574 1333 1807 1382 conden
1844 1327 2233 1378 dobbeleren
2271 1326 2620 1374 derhalven
2657 1326 2852 1374 weder
2891 1326 3008 1372 nae
3045 1328 3241 1379 mada„

1377 1427 1665 1475 „gascar
1702 1423 1952 1474 voornt
1993 1420 2240 1468 mosten
2280 1417 2569 1464 keeren,
2608 1416 2939 1465 verhalen
2979 1413 3144 1460 mede
3184 1410 3226 1456 —

1349 1526 1517 1574 voor
1558 1518 2015 1570 reeckeninge
2056 1516 2182 1564 van
2223 1513 2473 1561 Willem
2514 1513 2764 1559 Cortin
2805 1510 2972 1558 veel
3013 1506 3222 1555 volcx

1380 1633 1480 1683 op
1526 1617 2015 1677 Madagascar
2062 1610 2406 1662 gelaten
2454 1608 2601 1655 was
2649 1610 2747 1656 om
2795 1606 2990 1654 daer
3038 1605 3213 1651 een

1370 1715 1809 1780 vasticheijt
1845 1711 1928 1760 te
1967 1706 2286 1755 maecken,
2326 1704 2486 1751 doch
2524 1701 2605 1748 de
2644 1697 2884 1746 meeste
2923 1694 3083 1742 part
3122 1693 3242 1738 van

1387 1819 1653 1872 houger
1694 1809 2139 1863 gestorven,
2183 1808 2272 1854 de
2315 1806 2493 1854 rest
2536 1803 2626 1850 in
2669 1798 2935 1846 handen
2975 1795 3205 1844 vande

1390 1911 1690 1974 Vianden
1732 1903 2159 1956 vervallen,
2201 1903 2330 1950 soo
2371 1900 2501 1948 dat
2543 1897 2714 1944 haer
2756 1892 3141 1941 voornemen

1398 2023 1480 2073 t'
1518 2009 1837 2064 eenemael
1874 2002 2115 2052 gestut
2153 2002 2273 2048 is,
2312 2002 2431 2048 wat
2470 1999 2630 2047 hier
2667 1996 2789 2044 van
2827 1996 2907 2042 is
2947 1994 3067 2042 sal
3105 1991 3226 2040 den

1408 2116 1588 2167 tijt
1632 2109 1855 2159 alles
1897 2104 2350 2169 openbaren.

2384 2135 2599 2188 hier
2651 2135 2919 2186 mede,

1213 2284 1297 2332 d:
1336 2284 1748 2336 Erentfeste
1788 2282 2119 2331 manhafte
2159 2286 2283 2332 wel
2323 2281 2530 2332 wijse
2570 2269 3025 2326 voorsienige
3064 2264 3231 2320 seer

1226 2378 1606 2439 genereuse
1645 2373 1898 2424 Heeren
1940 2372 2191 2418 willen
2233 2373 2401 2420 UEd:
2441 2376 2609 2423 eens
2650 2370 3195 2421 gesamentlijck

1211 2486 1363 2542 naer
1399 2480 1547 2531 hart
1583 2466 1991 2525 grondelicke
2024 2466 2430 2518 groetenisse
2466 2466 2540 2511 de
2577 2464 2872 2511 genadige
2907 2459 3239 2513 protectie

1213 2591 1322 2641 des
1354 2579 1865 2633 alderhoochsten
1900 2575 2190 2626 bevelen.
2225 2570 2407 2620 actum
2442 2567 2588 2614 int'
2624 2567 2805 2615 schip
2841 2567 2950 2613 den
2986 2563 3242 2612 Oliphan

1206 2686 1550 2747 leggende
1591 2680 1763 2727 voor
1805 2679 1893 2726 de
1933 2678 2319 2729 Tafolbaij
2361 2675 2576 2724 aende
2618 2678 2833 2724 Caapo
2875 2677 2961 2724 de
3001 2669 3227 2719 bonne

1201 2825 1591 2899 Esporance
1634 2820 1808 2867 adij
1850 2818 1895 2865 6
1937 2811 2200 2863 octob.
2236 2813 2459 2860 1646.
2502 2812 2633 2860 was
2676 2803 3241 2855 onderteeckent

1696 3032 1748 3082 U
1767 3012 1937 3068 Ed:
1981 2995 2323 3054 dienaer
2370 2994 2469 3044 J:
2515 2999 2612 3046 R:
2660 2997 2806 3044 van
2852 2986 3241 3043 Deutecun

594 3489 642 3539 s

588 3585 657 3633 oock
