3478 5230
1000 558 1128 608 Voor
1159 562 1255 608 dat
1285 562 1381 607 hem
1413 562 1476 607 d'
1508 562 1793 611 betalinge
1825 566 2016 614 Eerder
2047 570 2365 617 toegestaen
2396 573 2618 622 wierde,
2649 578 2777 624 niet
2808 579 2999 628 Cunnen
3030 584 3284 642 stellen,

992 687 1293 737 oversulcx
1326 687 1393 732 d'
1426 687 1761 733 dispositie
1793 686 1927 734 ende
1960 686 2127 733 ordre
2160 688 2262 738 van
2293 695 2362 743 d'
2393 700 2562 750 H=ren
2593 707 2828 757 Majores
2860 714 2994 761 dien
3026 717 3296 774 aengaend

1004 808 1139 856 met
1183 807 1585 854 patjentie
1629 806 1763 852 sal
1807 805 2075 854 moeten
2119 809 2609 872 affwachten,

881 1050 1006 1102 Den
1046 1049 1331 1099 Coopman
1369 1055 1492 1102 die
1533 1057 1697 1103 sich
1735 1060 2020 1112 Jonghst
2059 1066 2589 1128 gepresenteert
2628 1085 2831 1132 heeft

1007 1167 1136 1217 den
1177 1172 1518 1219 Esmarale
1559 1175 1773 1221 ringh
1813 1177 2069 1227 vanden
2110 1183 2534 1244 secretaris
2577 1198 2833 1250 Pieter
2873 1208 3212 1270 Mestdach

1003 1282 1113 1329 tot
1147 1285 1292 1335 200.
1325 1289 1506 1335 pall.
1541 1289 1578 1334 r
1613 1283 1722 1334 p=a
1757 1283 1866 1329 aen
1900 1285 1973 1330 te
2008 1286 2224 1338 nemen,
2258 1293 2404 1341 comt
2438 1297 2583 1349 niet
2617 1306 2798 1358 weder
2832 1314 2905 1362 te
2940 1318 3302 1382 voorschijn

999 1391 1148 1438 waer
1180 1393 1293 1440 den
1330 1395 1552 1443 selven
1587 1398 1920 1444 vervaren,
1955 1399 2030 1445 is
2066 1400 2177 1447 mij
2213 1402 2546 1462 onbewust,
2581 1418 2766 1468 mogen
2802 1424 3098 1475 verhopen
3132 1431 3220 1480 in

1004 1495 1217 1547 Corten
1252 1503 1358 1549 een
1393 1505 1569 1551 ander
1605 1506 1993 1555 verschijnen
2028 1509 2134 1555 als
2169 1510 2417 1561 wanneer
2451 1517 2593 1565 daer
2628 1520 2770 1567 mede
2804 1523 2911 1570 ten
2945 1526 3157 1578 besten

1010 1604 1252 1652 vanden
1292 1606 1616 1652 eygenaer
1655 1607 1978 1656 handelen
2017 1610 2141 1659 sal

1032 1861 1153 1908 Dus
1192 1860 1395 1909 verre
1434 1866 1675 1915 nodich
1713 1868 1918 1918 hebbe
1956 1875 2038 1924 g'
2077 1880 2239 1928 acht
2278 1884 2359 1930 op
2399 1885 2440 1931 u
2479 1887 2600 1937 Ed:
2640 1890 2801 1938 meer
2840 1893 3283 1953 aengeroerde

980 1996 1229 2047 Missive
1263 2002 1334 2048 te
1368 1999 1793 2046 rescriberen,
1828 2000 1934 2047 sal
1969 2002 2040 2047 nu
2075 2002 2394 2056 voortgaen
2427 2013 2569 2060 ende
2604 2015 2923 2065 tweyjnige
2956 2021 3064 2071 ons
3098 2026 3312 2082 buiten

979 2123 1133 2176 dien
1170 2114 1589 2169 g'occureert
1625 2115 2081 2164 verhandelen,
2117 2119 2272 2171 daer
2308 2127 2498 2176 onder
2535 2126 2575 2173 u
2609 2128 2727 2176 Ed:
2763 2132 2915 2180 voor
2952 2134 3142 2195 Eerst

993 2251 1214 2301 bekent
1250 2250 1544 2297 maecken,
1581 2245 1801 2295 hoedat
1838 2245 1912 2292 't
1947 2247 2132 2293 Jacht
2168 2247 2574 2301 Cripskercke
2610 2256 2758 2305 uijt
2793 2261 2942 2309 pegu
2977 2265 3089 2315 met
3124 2272 3237 2323 een

996 2369 1418 2423 Cargasoentge
1452 2367 1735 2413 (conform
1769 2368 1841 2415 d'
1873 2369 2438 2420 Hiernevensgaende
2473 2375 2685 2426 Copije
2719 2381 2968 2434 factur)
3000 2391 3107 2442 ter
3141 2398 3319 2448 Commi

826 2514 968 2567 van
1103 2510 1375 2559 13337
1420 2510 1511 2556 6
1556 2510 1647 2557 3.
1691 2509 1783 2556 op
1828 2509 1919 2556 17
1962 2510 2010 2556 '
2052 2507 2192 2555 der
2236 2508 2600 2556 verleden
2644 2512 2871 2560 maent
2915 2515 3240 2570 terrede

955 2645 1234 2703 Alhier
1280 2642 1513 2690 salvo
1558 2640 1700 2687 God
1743 2643 1884 2689 sij
1929 2638 2165 2689 lost)
2208 2643 2812 2696 geretourneert
2858 2646 2998 2696 is,
3042 2651 3281 2706 comen

972 2775 1145 2826 daer
1186 2771 1360 2819 mede
1401 2771 1531 2818 den
1573 2768 1877 2817 Coopman
1917 2773 2261 2823 IJsbrant
2304 2773 2433 2819 van
2474 2770 2991 2820 Swaenswijck,
3033 2771 3206 2820 omme

981 2908 1090 2962 Ons
1123 2903 1476 2951 mondelingh
1512 2901 1758 2948 rapport
1793 2896 2004 2945 vanden
2039 2894 2356 2941 presenten
2391 2896 2709 2947 toestant,
2743 2903 2885 2954 ende
2916 2909 2990 2955 d'
3024 2906 3271 2954 verdere

981 3033 1383 3089 Apparentien
1417 3034 1527 3080 des
1562 3034 1818 3080 peguws.
1853 3034 1891 3080 r
1927 3032 2182 3080 handels
2219 3032 2292 3077 te
2328 3032 2511 3078 doen,
2546 3033 2765 3081 welcke
2800 3035 3131 3086 soodanigh

982 3162 1317 3222 bevinden,
1354 3162 1465 3207 dat
1502 3162 1613 3208 met
1650 3163 1836 3209 mijne
1873 3164 2095 3210 vorige
2131 3163 2429 3210 advijsen
2462 3162 2577 3211 aen
2613 3161 2651 3207 u
2687 3159 2800 3206 Ed:
2836 3161 3247 3216 successijve

978 3293 1403 3347 gededuceert,
1437 3292 1544 3339 ten
1579 3293 1933 3340 principale
1967 3291 2110 3338 over
2144 3289 2251 3337 een
2286 3293 2569 3342 comen.e,
2599 3291 2817 3342 sonder
2851 3293 2958 3340 dat
2992 3294 3136 3344 noch
3169 3302 3311 3350 voor

979 3424 1201 3479 eerst,
1237 3418 1383 3468 ende
1420 3417 1529 3463 soo
1566 3416 1749 3462 lange
1784 3412 1895 3460 den
1930 3408 2333 3460 robynhandel
2369 3415 2625 3462 buijten
2658 3415 2955 3467 grondige
2990 3423 3282 3474 kennisse

971 3547 1391 3602 vand'onsen,
1427 3546 1505 3593 d'
1542 3542 1848 3591 robynen,
1885 3541 2000 3587 tot
2038 3542 2115 3589 by
2152 3543 2229 3590 na
2267 3542 2343 3588 d'
2381 3541 2573 3590 Helft
2608 3546 2762 3591 meer
2800 3545 2876 3591 in
2914 3544 3068 3592 vris
3104 3546 3220 3594 als

967 3681 1300 3736 voorleden
1335 3677 1483 3726 Jaer
1520 3676 1593 3722 in
1630 3672 1813 3721 peguw
1849 3666 2290 3716 gesteijgert,
2326 3668 2546 3715 alhier
2582 3666 2656 3713 in
2692 3662 2913 3711 vorige
2949 3659 3169 3707 sobere

977 3807 1461 3867 demandeblyven
1496 3808 1644 3856 (ten
1681 3807 1830 3853 ware
1867 3804 1978 3852 ons
2014 3802 2089 3849 op
2125 3802 2237 3848 den
2274 3801 2497 3847 Incoop
2533 3801 2645 3848 van
2681 3799 2904 3848 Expres
2941 3799 3312 3849 gegagieerd

979 3936 1426 3997 maeskelaers,
1463 3936 1613 3983 waer
1649 3932 1761 3979 van
1798 3931 1873 3977 nu
1910 3930 2022 3976 een
2058 3924 2282 3974 preuve
2319 3923 2580 3969 genomen
2614 3922 2729 3968 is,
2766 3916 2915 3967 ende
2952 3911 3064 3959 ons

992 4075 1453 4136 Genouchsame
1494 4064 2081 4120 verseeckeringh
2123 4064 2334 4111 wegen
2369 4062 2542 4112 hare
2583 4060 3174 4115 getrouwicheijt

984 4194 1139 4241 door
1177 4189 1525 4240 genoemden
1564 4181 1951 4235 swaerswyck
1989 4181 2221 4233 gedaen
2260 4186 2454 4234 wert,
2492 4188 2724 4235 conden
2763 4189 3111 4237 verlaten,
3150 4191 3267 4238 als

992 4314 1317 4367 Wanneer
1361 4311 1409 4358 &
1453 4306 1594 4356 des
1640 4303 1733 4350 te
1779 4302 1964 4348 meer
2010 4302 2149 4347 tot
2195 4302 2658 4355 t'hanselen
2702 4305 2797 4353 en
2841 4300 3261 4348 uytvoeren
