3573 4958
2879 322 3059 379 732

578 307 756 383 Juny
794 296 927 346 ao.
963 290 1147 341 1646

946 476 1050 524 int
1084 475 1224 522 hoff
1256 476 1499 523 comende
1532 479 1670 529 voor
1704 485 1945 535 deselve
1979 488 2362 543 schgehouden
2391 502 2634 559 worden,
2667 515 2771 564 des
2805 520 3011 580 souden

933 605 1126 657 siente
1157 604 1285 650 wege
1316 605 1380 651 te
1411 606 1668 655 brengen,
1696 612 1793 663 dat
1824 619 2111 668 ongadingh
2141 623 2176 670 (
2205 627 2302 675 die
2332 631 2461 682 daer
2490 639 2587 687 van
2617 643 2682 689 't
2712 645 3097 705 bewintheeft)

937 726 1042 776 met
1075 729 1181 774 hem
1212 727 1354 777 daer
1388 733 1493 783 toe
1527 739 2013 797 condecenderen,
2045 748 2153 795 ten
2185 751 2430 806 welcken
2462 762 2672 813 eijnde
2705 770 2811 818 wij
2844 774 3053 828 sonder

919 865 1056 911 daer
1089 865 1158 911 op
1190 863 1260 911 te
1294 862 1499 912 slapen
1532 867 1704 915 onsen
1737 870 1910 918 Tolog
1940 873 2112 921 nad:s
2145 876 2453 929 ongadingh
2486 884 2727 941 sonden:
2759 898 2897 948 maer
2929 904 3066 954 liet

934 1007 1036 1054 ons
1070 1005 1241 1054 weten
1275 1001 1445 1051 sulcx
1478 999 1615 1045 niet
1649 997 1854 1046 alleen
1887 1001 1957 1049 in
1989 1005 2092 1051 sin
2126 1007 2263 1054 maer
2296 1009 2365 1056 in
2398 1011 2535 1057 meer
2569 1012 2774 1064 andere
2807 1020 3014 1075 sapad.
3044 1032 3079 1078 s

923 1142 1116 1190 macht
1153 1142 1424 1192 stonde,
1463 1140 1578 1187 die
1616 1137 1733 1184 der
1770 1138 1926 1188 niet
1962 1144 2310 1193 toewilden
2347 1149 2695 1199 verstaen,
2732 1155 2849 1208 dat
2886 1164 3048 1215 gem:

919 1277 1205 1328 ongaton
1245 1280 1490 1328 lieten
1530 1278 1774 1325 beeten
1814 1276 2059 1323 welcke
2098 1277 2222 1324 ons
2259 1280 2385 1327 ten
2424 1284 2791 1340 antwoorde
2830 1296 3035 1348 soudt

907 1408 1174 1464 deselve
1211 1420 1363 1466 d'an
1401 1421 1629 1470 tehove
1667 1423 1858 1469 soude
1893 1422 2085 1470 laten
2123 1422 2427 1474 brengen:
2465 1428 2618 1475 omme
2655 1431 2808 1480 daer
2843 1435 2997 1484 over

906 1548 1051 1595 geen
1086 1549 1414 1598 reproches
1449 1555 1521 1600 te
1558 1555 1775 1604 horen,
1811 1558 2101 1604 waermede
2137 1560 2247 1607 wij
2279 1561 2428 1608 ende
2462 1564 2571 1612 hij
2607 1567 2752 1613 (hoe
2788 1568 3078 1619 Edelnaet

904 1681 1148 1732 scheen
1185 1686 1510 1733 tegensyn
1551 1688 2076 1744 genegenth.:t)
2116 1699 2319 1745 moest
2358 1700 2439 1747 te
2478 1699 2723 1747 vreden
2762 1701 3007 1758 blyven

904 1812 1011 1859 soo
1046 1813 1152 1859 ver
1187 1815 1539 1863 houdenvocq
1574 1818 1681 1868 dat
1715 1824 1821 1870 den
1855 1825 2138 1874 Contingh
2173 1826 2317 1875 syne
2348 1833 2387 1880 4
2418 1838 2560 1887 groo
2594 1838 2666 1885 te
2699 1836 3053 1888 schryvers.

895 1941 1013 1990 die
1052 1943 1170 1990 als
1208 1942 1757 1994 gecommitteerde
1795 1950 1914 1997 met
1952 1953 2304 2009 vertaelde
2342 1961 2657 2010 Joncquen
2695 1967 3047 2026 beneffens

886 2075 1035 2123 syne
1070 2074 1480 2121 schenckagie
1516 2074 1591 2121 na
1628 2076 1814 2124 Chins
1850 2077 2036 2128 soude
2072 2084 2332 2140 senden,
2365 2093 2480 2140 had
2516 2094 2592 2140 de
2628 2096 3037 2152 g'utregeert

882 2213 1079 2265 ijder
1118 2209 1236 2256 een
1274 2208 1433 2254 kist
1472 2209 1747 2256 silver:
1787 2209 1944 2255 omme
1983 2210 2378 2265 alderhande
2415 2221 2652 2277 schone
2691 2233 2970 2291 stoffen

881 2354 1047 2401 voor
1087 2352 1171 2400 te
1211 2347 1461 2395 coopen
1498 2345 1667 2395 ende
1705 2341 1791 2388 de
1832 2343 2082 2394 Retour
2113 2350 2287 2398 hier
2327 2354 2703 2414 tebrengen

737 2476 1110 2527 verhaelde
1150 2480 1480 2529 Chinesen
1521 2480 1645 2525 die
1686 2480 1934 2526 binnen
1974 2481 2181 2532 conte
2222 2487 2429 2537 dagen
2470 2492 2635 2540 nade
2675 2496 3051 2550 gemuchten

795 2584 841 2634 1
875 2595 1079 2647 lopen
1117 2604 1319 2651 staen
1358 2604 1440 2650 te
1480 2603 1883 2651 vertrecken
1923 2603 2167 2651 bennen
2205 2608 2487 2656 dagelix
2528 2610 2690 2657 vast
2724 2611 2972 2659 wacker

867 2719 1018 2765 Jnde
1055 2719 1208 2767 weer
1243 2720 1359 2768 met
1396 2720 1548 2767 syde
1585 2721 1661 2767 te
1698 2721 1926 2769 coopen
1963 2723 2266 2772 'tdooger
2304 2726 2417 2772 als
2455 2726 2531 2771 de
2568 2726 2759 2777 mant,
2792 2731 3029 2780 sonder

876 2846 1009 2892 seer
1042 2845 1176 2891 nauw
1207 2845 1409 2892 teken,
1440 2843 1608 2891 offse
1640 2842 1908 2889 onsuyver
1940 2846 2040 2895 is,
2072 2847 2175 2895 dat
2203 2850 2606 2897 monsenhandel
2638 2848 3005 2901 merckelijke

860 2969 1064 3018 stuth
1103 2970 1427 3018 waeromme
1467 2969 1589 3016 soo
1629 2969 1953 3015 weijnigh
1994 2970 2156 3018 inde
2196 2974 2398 3023 logie
2438 2978 2763 3029 gebracht
2803 2985 3005 3033 werdt

570 3096 687 3143 UEE
723 3094 765 3141 s
800 3092 918 3142 d:o
955 3097 1342 3145 arriveert,
1380 3097 1535 3144 nogh
1573 3095 1690 3141 een
1727 3094 1999 3141 Chinese
2036 3094 2269 3145 Jongie
2306 3101 2462 3154 voor
2499 3110 3002 3162 Catsiouwbuijt

854 3213 1079 3269 9ringh
1115 3211 1228 3257 met
1264 3211 1489 3257 partye
1525 3209 1712 3255 gaare
1749 3210 2196 3260 porceleijnen
2232 3213 2345 3261 die
2381 3215 2606 3265 aldaer
2642 3221 2754 3271 met
2789 3224 2977 3272 heeft

847 3330 1116 3378 cunnen
1158 3330 1380 3380 aende
1424 3329 1868 3376 manhelpen,
1913 3331 2268 3378 waeromme
2312 3334 2534 3382 boven
2578 3334 2890 3387 gekomen
2930 3340 3022 3388 is

838 3449 958 3498 ten
997 3447 1235 3494 eijnde
1270 3447 1551 3496 deselve
1589 3450 1828 3498 alhier
1865 3454 1945 3500 in
1985 3453 2302 3501 sroncque
2339 3455 2459 3502 van
2498 3457 2853 3506 Coopmans.
2892 3461 2973 3508 te

841 3556 1362 3612 beniffioeren

1666 3658 1948 3728 xmo
2039 3658 2409 3708 July
2498 3654 2868 3706 1646

587 3857 764 3909 adyj
807 3844 1202 3903 Primod=oe
1244 3837 1420 3887 niet
1462 3833 1770 3882 sonders
1813 3833 1990 3881 voor
2032 3837 2383 3888 gevallen
2426 3843 2690 3889 alders
2732 3845 2865 3891 dan
2907 3848 3040 3897 dat

2487 4007 2906 4063 weijnigh

123 1578 197 1632 -

143 1698 211 1745 semen

730 2584 767 2629 n

681 2984 808 3038 no

926 3949 1370 3999 oeraot

1531 3687 1596 3737 1

2145 3947 2271 3994 det
2312 3947 2354 3994 8
