3567 4801
2767 529 2961 586 884

755 696 1217 776 Laurens
1282 682 1676 740 Jansen
1741 671 1938 725 van
2001 659 2592 712 hidtlandt
2644 651 2855 703 jnt

862 816 1130 874 landt
1183 799 1557 860 gecomen
1609 793 1770 843 met
1823 783 2091 836 schip
2143 780 2464 827 Beerda
2517 781 2624 828 ao
2677 779 2892 827 1643

866 942 1045 995 voor
1087 919 1580 983 Bosschieter
1621 914 1668 963 a
1713 914 1758 959 ƒ
1802 912 1892 959 11
1933 903 2159 955 werdt
2203 901 2293 947 op
2337 894 2516 945 sijn
2560 886 2942 938 vertoogh

860 1057 1044 1117 ende
1085 1030 1628 1099 bequaemheijt
1672 1027 1808 1074 als
1844 1011 2437 1073 genegentheijt
2480 1009 2572 1056 d'
2616 1006 2707 1052 E:
2741 997 2984 1052 compe

851 1176 1044 1236 noch
1088 1155 1375 1217 eenige
1420 1140 1706 1197 jaeren
1752 1135 1848 1183 jn
1891 1130 2133 1179 jndia
2178 1129 2275 1176 te
2321 1122 2607 1174 dienen
2653 1114 2892 1165 midts

864 1290 1278 1368 expiratie
1323 1282 1462 1332 des
1507 1274 1739 1326 tijts
1784 1270 1923 1318 Bij
1967 1258 2153 1311 dese
2199 1253 2292 1300 d'
2336 1248 2522 1295 novo
2567 1242 2752 1292 voor
2796 1237 2891 1285 de

840 1425 1090 1483 selve
1136 1399 1639 1465 qualiteijt
1688 1397 1838 1446 van
1872 1369 2437 1440 Bosschieter
2484 1348 2987 1411 aengenomen

861 1540 1049 1595 ende
1094 1532 1234 1582 een
1280 1517 1745 1576 Belooningh
1790 1509 1931 1560 van
1976 1494 2396 1551 veerthien
2435 1472 2767 1538 guldens
2811 1463 2953 1516 ter

841 1653 1152 1717 maendt
1203 1652 1461 1698 onder
1511 1641 1770 1697 drije
1820 1629 2079 1685 naest
2129 1605 2541 1671 volgende
2575 1591 2851 1647 jaren

861 1779 1256 1853 verbandt
1302 1764 1843 1823 toegeleijdt
1891 1759 1990 1807 d'
2038 1730 2676 1803 verbeteringhe
2722 1724 2872 1773 van

796 1920 1069 1983 Gagie
1122 1907 1339 1962 ende
1391 1903 1447 1951 t
1500 1895 1825 1948 nieuwe
1876 1878 2311 1939 verbandt
2364 1867 2581 1920 dato
2635 1852 2905 1910 deses

858 2022 1344 2090 aenvanck
1404 2010 1828 2066 nemende
1884 2004 1949 2053 —

697 2252 1123 2329 Pasdiaen
1171 2240 1545 2295 Janssen
1578 2223 2072 2283 geboortih
2124 2221 2283 2268 van
2334 2212 2918 2264 palliacatta

839 2392 926 2441 ao
968 2382 1140 2434 1643
1160 2367 1266 2423 in
1308 2359 1566 2412 dienst
1608 2354 1823 2402 vande
1865 2351 1952 2398 E.
1991 2343 2251 2397 comp„e
2293 2339 2465 2390 voor
2504 2329 2679 2381 hoop
2719 2316 2980 2371 loop„s

842 2507 1002 2557 met
1052 2493 1215 2549 75.
1263 2475 1427 2532 ter
1474 2459 1798 2517 maendt
1850 2447 2383 2503 aengenomen
2425 2438 2915 2491 desselffs

802 2604 1265 2690 verbonden
1314 2593 1520 2648 tijt
1568 2564 2180 2636 g'expireerdt
2230 2555 2434 2608 ende
2482 2538 2841 2597 genegen

845 2728 1139 2790 sijnde
1186 2719 1383 2773 noch
1429 2704 1723 2762 langer
1772 2699 1869 2749 te
1916 2688 2210 2742 dienen
2257 2681 2503 2732 werdt
2551 2674 2649 2724 op
2694 2662 2892 2714 sijn

818 2843 1243 2915 vertoogh
1293 2834 1506 2885 ende
1556 2807 2190 2879 Bequaemheijt
2240 2804 2348 2852 d'
2396 2799 2611 2849 novo
2660 2795 2899 2844 voor

847 2964 1160 3041 jaeren
1210 2957 1315 3007 in
1364 2930 1882 3001 qualiteijt
1933 2928 2088 2975 van
2139 2908 2722 2973 Bootsgesell

812 3073 1361 3156 aengenomen
1414 3062 1634 3115 ende
1688 3055 1854 3105 een
1907 3033 2457 3097 belooningh
2507 3024 2675 3075 van
2729 3013 3005 3066 negen

850 3207 1193 3265 guldens
1240 3196 1389 3249 ter
1436 3183 1732 3239 maendt
1776 3161 2270 3227 toegeleijt
2319 3147 3012 3205 d'verbeteringe

882 3337 1105 3400 ende
1158 3313 1543 3377 tnieuwe
1595 3292 2037 3354 verbandt
2089 3283 2311 3335 dato
2362 3266 2640 3326 deses
2693 3254 2859 3309 aen

848 3442 1193 3502 vanck
1260 3415 1742 3483 nemende
1810 3410 1880 3457 —

961 3667 1238 3723 Dirck
1288 3635 1836 3708 albertsche
1886 3622 2054 3678 van
2107 3609 2436 3665 embden
2484 3593 2599 3652 in
2652 3586 2928 3635 jndia

816 3775 1250 3848 Gecomen
1306 3768 1433 3817 ao
1493 3756 1739 3810 1643
1793 3741 1984 3799 met
2041 3722 2351 3783 jaeht
2409 3710 2963 3765 Santvoort

763 3911 959 3975 voor
998 3881 1297 3953 jongen
1341 3852 1974 3921 jegenwoordich
2022 3839 2362 3895 soldaet
2409 3834 2555 3882 met
2603 3833 2653 3880 ƒ
2698 3836 2798 3887 11
2843 3841 2995 3890 ter

835 4025 1131 4085 maendt
1174 4014 1375 4068 wert
1420 3998 1619 4057 door
1667 3981 2107 4040 Experatie
2154 3977 2302 4023 des
2346 3964 2594 4021 tijts
2642 3960 2741 4008 de
2789 3957 2985 4005 novo

825 4142 1017 4199 voor
1060 4125 1301 4185 drije
1346 4107 1631 4166 jaeren
1675 4100 1773 4148 jn
1814 4087 2293 4143 qualiteijt
2339 4083 2482 4131 van
2527 4064 2957 4125 adelborst

846 4253 1144 4309 nevens
1170 4241 1341 4294 een
1388 4218 1886 4287 Belooningh
1935 4206 2084 4260 van
2132 4191 2530 4249 derthien
2575 4181 2926 4234 guldens

852 4380 1025 4433 ter
1079 4365 1423 4423 maendt
1479 4338 2050 4408 aengenomen
2105 4314 2675 4380 innegaende
2729 4305 2846 4359 de

852 4492 1468 4562 verbeteringe
1517 4485 1673 4535 van
1724 4472 1980 4528 gagie
2029 4462 2237 4516 dato
2287 4454 2545 4505 deses
2593 4458 2648 4505 —

151 2063 238 2109 n
