3662 4773
1263 554 1506 602 Indigo
1546 557 1830 608 betaelt
1870 564 1991 610 is,
2032 565 2113 611 in
2153 566 2476 616 comptant
2516 567 2961 618 ƒ387376:-:-
3000 567 3489 618 overgehouden

1248 661 1510 712 hebben,
1547 667 1697 716 daer
1732 672 1809 718 op
1844 675 1994 724 uE=s
2031 679 2217 725 staet
2254 680 2516 727 gelieve
2552 683 2627 728 te
2664 683 2965 730 maecken—

1056 833 1184 884 Bij
1226 837 1311 883 de
1353 839 1821 899 reeckeningh
1861 856 1989 904 van
2030 859 2243 907 winst
2283 863 2454 913 ende
2494 868 2793 916 verlies
2835 872 3047 920 (uijt
3089 876 3217 924 het
3258 881 3514 934 grootd

1232 963 1583 1013 getrocken)
1617 969 1723 1016 can
1758 972 1898 1019 oock
1933 974 2213 1023 Incorte,
2248 978 2389 1024 ende
2424 979 2530 1025 bij
2564 981 2635 1028 de
2669 984 2845 1031 debet
2879 987 3020 1034 ende
3054 990 3266 1040 Credit
3300 991 3511 1041 posten

1229 1071 1372 1118 uijt
1406 1070 1514 1118 het
1548 1075 1831 1124 Journael
1866 1080 1937 1126 in
1972 1082 2043 1127 't
2078 1082 2255 1128 brede
2290 1083 2608 1137 blijcken,
2643 1091 2750 1137 hoe
2785 1090 2927 1138 veel
2961 1094 3033 1139 op
3067 1095 3138 1140 de
3173 1094 3461 1144 voijagie

1230 1184 1387 1232 naer
1425 1183 1622 1229 mocho
1660 1183 1817 1230 (wel
1855 1185 2246 1236 verstaende
2285 1191 2363 1237 In
2402 1190 2519 1237 twe
2558 1190 2988 1244 besendinge,
3026 1200 3301 1245 gelijck
3339 1199 3500 1247 inde

1228 1296 1449 1346 mijne
1492 1295 1755 1344 vanden
1798 1300 2017 1350 24=en
2059 1305 2410 1356 Ianuario
2453 1305 2629 1355 over
2671 1304 2980 1354 bantham
3022 1311 3241 1360 largo
3284 1316 3506 1368 gere„

1228 1413 1609 1461 monstreert
1646 1414 1875 1461 hebbe)
1911 1416 2331 1463 verscheijde
2368 1419 2976 1470 coopmanschappen,
3013 1426 3129 1475 den
3162 1430 3509 1487 Jaerlijcx

1231 1529 1432 1576 thol,
1472 1531 1632 1576 ende
1671 1531 1752 1577 de
1791 1533 2232 1579 reeckeninch
2271 1532 2392 1578 van
2431 1534 2752 1583 vrachten
2791 1539 3311 1593 geadvanceert,
3350 1548 3517 1601 ende

1224 1638 1373 1686 waer
1409 1640 1484 1687 op
1520 1643 1632 1689 een
1667 1646 1889 1695 contra
1925 1651 2258 1699 verlooren
2294 1654 2405 1700 is,
2441 1654 2811 1706 mitsgaders
2847 1660 2995 1706 dat,
3031 1660 3179 1707 (het
3216 1662 3364 1710 eene
3400 1665 3515 1718 van

1217 1752 1299 1801 't
1338 1751 1577 1800 andere
1617 1755 2096 1812 affetrocken)
2134 1769 2214 1814 de
2251 1768 2572 1814 suijvere
2612 1768 2892 1820 winsten
2930 1776 2971 1823 £
3009 1780 3368 1831 165680:1:
3405 1785 3489 1832 8-

1220 1880 1373 1928 noch
1410 1877 1755 1926 bedragen,
1791 1881 1868 1928 't
1905 1880 2133 1927 welcke
2171 1882 2209 1927 ƒ
2247 1882 2476 1934 60275:
2513 1890 2666 1937 16:7
2702 1892 2970 1940 meerder
3003 1893 3198 1941 soude
3235 1894 3504 1941 geweest

1210 1998 1391 2047 sijn,
1424 1994 1643 2043 Indien
1677 1994 1751 2041 op
1786 1994 1858 2039 de
1892 1992 2219 2039 contanten
2254 1993 2362 2041 van
2398 1996 2615 2050 persia
2649 2007 2794 2057 geen
2829 2012 2866 2058 f
2901 2014 3117 2061 41660-
3153 2016 3297 2061 0-0.
3331 2014 3519 2062 ende-

1217 2116 1296 2162 de
1335 2114 1691 2161 vercochte
1729 2111 2047 2159 Juweelen
2086 2114 2126 2159 ƒ
2165 2114 2403 2166 60275:
2440 2122 2640 2170 16:7:
2677 2125 2837 2172 ware
2876 2128 3194 2181 verloren
3230 2138 3508 2184 geweest

1036 2309 1165 2364 Tot
1206 2307 1333 2353 opt
1374 2309 1710 2359 sluijten
1750 2315 1961 2364 deses
2002 2320 2212 2367 hebbe
2253 2323 2421 2373 noch
2462 2329 2630 2378 over
2671 2334 2757 2383 al
2797 2339 3341 2400 geinquireert,
3382 2354 3514 2403 hoe

1203 2430 1276 2476 't
1311 2428 1420 2474 met
1456 2429 1528 2475 de
1564 2430 1745 2479 coers
1780 2434 1889 2481 der
1925 2436 2034 2485 r=a
2068 2438 2214 2485 in't
2249 2440 2538 2495 goldaets
2573 2451 2755 2504 rijck
2788 2461 2935 2511 (als
2969 2468 3187 2522 vooren
3222 2479 3516 2534 verhaelt

1203 2536 1426 2582 mochte
1463 2537 1725 2588 gelegen
1761 2544 1948 2596 zijn,
1984 2552 2134 2600 waer
2170 2555 2246 2603 op
2280 2558 2431 2606 niet
2468 2561 2693 2615 anders
2728 2573 3064 2628 ondericht
3100 2585 3213 2632 ben
3248 2589 3512 2641 geworde

1202 2654 1322 2703 als
1361 2654 1478 2699 dat
1516 2655 1595 2701 de
1633 2656 1830 2707 selve
1867 2663 2024 2714 daer
2061 2670 2414 2728 Ganghbaer
2451 2685 2647 2737 zijn,
2684 2692 2841 2741 ende
2880 2697 3074 2747 vande
3113 2702 3505 2758 wisselaers

1194 2775 1563 2824 Iaerlijcxs
1599 2780 1712 2828 wel
1746 2785 1783 2830 6
1820 2785 1858 2831 a
1893 2787 2005 2835 700
2041 2791 2078 2837 O
2114 2792 2262 2839 r=as
2298 2794 2632 2852 derwaerts
2666 2809 2962 2869 gesonden
2997 2825 3329 2880 gewerden,
3365 2834 3477 2881 dat

1184 2902 1329 2947 dese
1365 2902 1618 2950 luijden
1654 2905 1799 2952 niet
1835 2907 1945 2954 als
1979 2911 2053 2958 om
2088 2914 2306 2964 eenich
2341 2920 2632 2970 voordeel
2666 2926 2814 2975 doen
2847 2933 3101 2986 zullen,
3136 2942 3283 2991 dier
3317 2947 3500 2995 halve

1197 3024 1358 3075 mijn
1396 3022 1516 3068 wat
1555 3023 1752 3071 goets
1791 3027 1950 3075 dien
1988 3032 2343 3084 aengaende
2381 3039 2580 3088 zoude
2618 3043 2936 3095 beginnen
2973 3052 3053 3101 in
3092 3057 3171 3104 te
3210 3059 3486 3109 beelden

1191 3147 1348 3192 waer
1387 3146 1505 3192 van
1543 3147 1621 3192 de
1661 3147 2130 3198 seeckerheijt
2168 3153 2405 3206 uEd=ts
2443 3162 2562 3211 van
2599 3167 3304 3231 d'oppercoopluijden
3343 3185 3423 3233 In

1197 3264 1633 3313 masulipatm
1675 3264 1764 3310 te
1808 3265 2158 3319 vernemen
2200 3275 2464 3327 staet,
2506 3283 2682 3332 ende
2724 3289 3117 3346 soodanich
3160 3302 3511 3352 bevonden

1184 3380 1567 3432 werdende,
1609 3382 1736 3428 soo
1779 3383 2034 3433 zullen
2070 3388 2329 3437 uEd=es
2370 3393 2920 3459 ongetwijffelt
2961 3415 3132 3466 naer
3172 3422 3514 3478 mallacca

1187 3495 1590 3546 ordineeren,
1624 3496 1700 3543 om
1734 3498 1808 3544 't
1843 3500 2098 3547 Jappans
2134 3502 2389 3551 schuijt
2424 3507 2644 3557 silver
2678 3514 2861 3564 (voor
2897 3520 2971 3567 de
3006 3524 3151 3573 cust
3187 3528 3514 3579 Chormand:

1173 3615 1666 3675 geprojecteert)
1699 3614 1840 3661 hier
1874 3615 1945 3660 te
1978 3616 2259 3667 brengen,
2291 3624 2431 3671 ende
2465 3627 2605 3675 daer
2639 3631 2745 3680 bij
2778 3636 3128 3693 Jaerlijcks
3159 3649 3508 3698 continuere

1181 3735 1443 3785 laeten,
1478 3736 1779 3783 waermede
1816 3736 1891 3781 de
1928 3736 2154 3785 groote
2190 3741 2527 3795 verliesen
2563 3751 2675 3798 aen
2713 3753 2863 3801 dien
2899 3756 3050 3805 kant
3086 3761 3499 3811 voorgecomen

1179 3847 1289 3893 en:
1323 3845 1398 3891 in
1434 3847 1653 3893 plaets
1689 3847 1799 3893 van
1835 3849 1982 3898 dien
2016 3855 2164 3901 hier
2198 3856 2382 3903 goede
2417 3858 2674 3913 winsten
2708 3869 2855 3920 daer
2890 3875 2966 3924 op
3000 3881 3445 3935 gealcauseert

1182 3943 1359 3994 ende
1403 3943 1714 3995 wederom
1757 3951 1980 4003 ropia
2023 3959 2424 4018 derwaerts
2466 3974 2822 4031 gebracht
2865 3987 3133 4044 coonen
3172 4001 3485 4057 werden,

2941 4134 3161 4184 hier
3215 4140 3490 4193 mede.
