3478 4985
1154 416 1321 464 anders
1349 416 1404 462 de
1431 416 1626 465 luijden
1652 421 1708 467 nu
1735 422 1902 468 geheel
1928 423 2040 472 voor
2066 428 2122 473 't
2149 429 2288 476 hooft
2315 431 2535 476 stotende
2562 430 2730 477 saemen
2756 433 2812 479 op
2838 433 2951 481 gene
2975 436 3115 483 wijse
3142 439 3281 494 daema

1160 488 1297 536 weder
1323 491 1406 538 tot
1433 493 1624 545 Campher
1651 500 1843 548 leveren
1869 503 2034 554 connen
2059 509 2333 557 geraecken.
2360 511 2442 556 dat
2469 510 2551 556 wel
2579 510 2879 559 aengemerckt
2905 513 3015 561 dien

990 592 1052 640 Jn
1079 590 1142 636 de
1171 591 1382 637 Japanse
1412 592 1624 643 boecken
1653 598 1805 650 lopen
1834 606 1985 656 veele
2014 612 2136 661 oude
2165 617 2407 664 schulden
2436 620 2557 666 daer
2587 621 2707 668 niet
2737 622 2829 671 aff
2857 628 2918 674 te
2948 629 3249 683 verwachten

1166 664 1244 711 is,
1268 667 1296 713 t
1320 669 1398 715 die
1423 670 1526 716 oock
1551 672 1630 720 wel
1653 676 1783 725 zoude
1807 681 1963 731 cunnen
1987 687 2040 734 en
2063 691 2193 739 mogen
2218 694 2372 740 affges
2398 695 2552 742 werden
2577 697 2680 743 alle
2705 696 2758 743 te
2782 699 2963 746 gelijck
2988 701 3040 747 om
3065 703 3144 752 dat
3167 708 3272 755 daer

1158 742 1232 789 van
1254 744 1350 792 niet
1372 748 1422 793 te
1443 749 1683 799 verwachten
1705 755 1776 801 is,
1800 756 1992 810 behalven
2013 766 2180 816 eenl.jk
2203 772 2322 817 vande
2346 772 2560 820 pirandele
2582 772 2726 819 schult
2750 773 2822 819 die
2844 774 2916 820 wel
2940 773 2987 819 te
3011 773 3178 820 becomen

1157 817 1252 868 zall
1274 823 1393 873 sijn,
1415 828 1534 875 maer,
1556 831 1650 877 naet
1673 832 1768 879 sich
1790 835 1885 882 laet
1907 838 2095 891 aensien,
2118 846 2213 894 vrij
2235 850 2352 897 langh
2376 852 2494 899 saem,
2515 853 2564 899 en
2586 851 2704 897 alsoo
2727 851 2774 896 't
2797 850 2845 896 nu
2868 851 2938 896 all
2962 851 3198 898 ettelijcke

1143 904 1267 953 jaren
1289 907 1458 953 heeefft
1481 909 1721 957 aengelopen
1744 913 1864 959 soude
1888 914 1985 962 niet
2007 917 2154 968 vreuwt
2175 925 2272 972 daer
2295 927 2368 973 van
2391 929 2511 975 zijn,
2535 929 2606 975 bij
2630 929 2774 974 aldien
2797 928 2846 974 't
2869 927 3110 974 aenstaende
3133 924 3230 972 jaer

1156 978 1308 1027 voorde
1333 982 1610 1033 boovenreijs
1635 988 1736 1037 niet
1761 991 1837 1038 met
1861 993 1989 1040 allen
2013 996 2239 1049 betaelten
2264 1004 2416 1054 hadde,
2441 1010 2517 1056 dat
2541 1009 2618 1055 men
2642 1008 2769 1055 aende
2793 1004 3146 1054 Nangalacquijse

1122 1059 1384 1107 Gouverneurs
1407 1062 1454 1107 en
1477 1062 1574 1112 oock
1595 1068 1643 1114 in
1667 1069 1786 1119 Gedo,
1808 1075 1881 1122 soo
1903 1078 1951 1125 't
1974 1080 2117 1128 eerste
2139 1083 2282 1130 middel
2305 1086 2400 1133 niet
2423 1088 2471 1134 en
2494 1089 2636 1136 hielp,
2660 1089 2755 1135 daer
2778 1089 2873 1134 over
2896 1088 3110 1134 clachtich
3133 1089 3255 1140 viel,

1145 1140 1244 1186 doch
1268 1140 1491 1188 ingevalle
1514 1144 1590 1192 een
1613 1148 1638 1193 O
1661 1148 1689 1195 E
1711 1151 1786 1197 off
1809 1152 1910 1200 meer
1932 1156 2106 1205 betaelt
2129 1161 2277 1210 hadde,
2302 1164 2450 1210 schoon
2474 1165 2548 1210 dat
2572 1163 2647 1209 het
2671 1162 2795 1208 langh
2819 1163 2942 1209 soude
2967 1164 3166 1214 aenlopen

1155 1217 1233 1264 eer
1257 1218 1308 1264 't
1333 1220 1460 1265 leste
1484 1221 1688 1274 bequamen
1712 1230 1839 1279 zoude
1863 1234 2067 1283 verstaen
2091 1239 2168 1286 dat
2192 1242 2268 1288 men
2293 1243 2369 1290 als
2395 1243 2471 1290 dan
2494 1241 2546 1287 de
2571 1239 2723 1286 zaecke
2748 1239 2824 1284 soo
2850 1239 2926 1284 wat
2951 1239 3153 1284 behoorde
3178 1239 3258 1290 aen

1159 1295 1210 1342 te
1236 1297 1364 1344 zien,
1388 1300 1440 1346 't
1465 1301 1593 1351 welck
1618 1306 1696 1353 ons
1720 1309 1797 1354 dan
1822 1309 1900 1356 tot
1924 1311 2027 1360 eere
2052 1316 2180 1364 soude
2205 1319 2486 1367 nageduijdet
2511 1321 2665 1368 werden
2690 1324 2767 1369 dat
2792 1325 2945 1371 eenigh
2971 1326 3230 1375 medelijden

1153 1373 1227 1420 met
1251 1374 1326 1421 des
1350 1377 1499 1426 heeren
1522 1381 1843 1436 t'achterheijt
1867 1391 2041 1442 hadden.
2064 1398 2163 1445 maer
2187 1401 2336 1449 geheel
2360 1404 2459 1450 geen
2483 1404 2632 1451 bewijs
2655 1405 2754 1450 naer
2779 1404 3001 1450 betalinge
3025 1404 3173 1451 doende

1151 1454 1269 1501 zoude
1291 1457 1385 1504 sulx
1408 1459 1550 1508 moeten
1571 1464 1689 1514 aend'
1712 1469 1783 1516 een
1805 1472 1924 1520 zijde
1945 1476 2111 1523 gestelt
2132 1479 2297 1530 werden,
2319 1485 2694 1533 uijtdruckelijcke
2716 1486 2834 1532 ordre
2857 1485 2927 1531 tot
2951 1484 3044 1530 dese
3066 1480 3208 1529 saecke

1151 1533 1199 1579 en
1222 1534 1342 1583 soude
1365 1538 1437 1585 tot
1460 1540 1723 1592 narichtinge
1746 1548 1891 1598 aldaer
1912 1555 2009 1602 niet
2031 1558 2246 1612 ongeraden
2269 1567 2343 1615 off
2364 1569 2626 1617 ondienstich
2648 1564 2840 1613 oordelen

1040 1641 1097 1688 Om
1125 1640 1182 1685 't
1209 1640 1436 1693 verloren
1462 1649 1661 1701 geschut
1688 1657 1830 1706 vande
1857 1661 2140 1720 leuwerick,
2166 1676 2281 1726 waer
2307 1682 2478 1731 onders
2504 1687 2617 1733 twee
2645 1687 2814 1732 metale
2842 1687 3040 1737 stucken
3067 1691 3268 1741 wederom

1159 1712 1211 1762 te
1231 1719 1398 1769 becomen
1420 1725 1540 1774 soude
1561 1730 1657 1778 goet
1679 1734 1776 1784 sijn
1798 1740 1894 1787 twee
1916 1742 1990 1792 off
2011 1748 2107 1796 drie
2129 1752 2320 1803 personen
2342 1759 2462 1806 goede
2484 1761 2699 1811 duijckers
2721 1767 2792 1813 als
2816 1768 2935 1815 onder
2958 1771 3007 1818 de
3028 1773 3226 1823 matrosen

1156 1783 1350 1839 dickwils
1371 1795 1446 1844 wel
1467 1800 1566 1850 sijn
1588 1807 1662 1855 met
1684 1812 1758 1861 d't
1780 1816 1925 1867 eerste
1948 1823 2119 1875 schepen
2140 1831 2213 1879 als
2237 1835 2406 1884 wanneer
2429 1840 2477 1885 't
2501 1840 2671 1890 warmest
2693 1846 2742 1892 en
2765 1847 2814 1893 in
2837 1849 2886 1895 't
2910 1850 3031 1896 water
3054 1851 3150 1897 best
3174 1849 3224 1896 te

1143 1861 1305 1918 duijren
1325 1874 1373 1922 is
1393 1878 1554 1927 moghten
1576 1883 1759 1934 gesonden
1781 1890 1923 1944 werden

1054 1982 1130 2029 De
1167 1984 1584 2038 Rochevellen
1619 1996 1771 2046 voor
1807 2002 2223 2059 reeckeningh
2260 2015 2486 2064 vanden
2524 2019 2863 2067 President
2900 2020 3203 2068 Pessaert

1120 2067 1276 2119 hebben
1300 2069 1527 2123 bijsonder
1550 2079 1752 2130 gehouden
1776 2086 1827 2132 en
1851 2088 2052 2140 vercocht
2076 2095 2227 2142 gelijk
2252 2098 2353 2146 oock
2377 2102 2478 2149 daer
2502 2105 2577 2152 van
2602 2107 2678 2153 een
2703 2105 2954 2153 bijsondere
2978 2103 3255 2150 reeckeningh

1140 2146 1263 2192 hebbe
1287 2148 1386 2195 uijt
1408 2151 1630 2205 getrocken
1653 2160 1728 2208 ten
1751 2163 1899 2212 eijnde
1923 2168 2023 2216 haer
2045 2172 2168 2222 Ed:ns
2192 2177 2389 2225 terstont
2412 2180 2462 2226 de
2486 2182 2608 2229 zelve
2633 2184 2707 2230 bij
2731 2186 2804 2231 een
2829 2185 3000 2231 moghten
3024 2184 3198 2230 hebben.

1115 2226 1298 2273 vandese
1322 2229 1505 2282 vellen,
1530 2237 1608 2283 dat
1634 2238 1713 2286 die
1737 2242 1894 2291 ijmant
1919 2246 2075 2295 anders
2100 2251 2181 2299 als
2204 2255 2258 2303 de
2282 2259 2413 2309 Comp.
2437 2264 2464 2310 e
2489 2263 2647 2314 souden
2670 2270 2801 2319 mogen
2826 2271 3115 2322 toebehooren

1143 2308 1207 2356 is
1237 2312 1334 2365 aen
1357 2317 1425 2367 't
1455 2317 1675 2366 niemant
1705 2321 1894 2369 eenige
1923 2324 2175 2376 kennisse
2205 2333 2393 2384 gedaen

900 2418 1023 2465 Jn't
1050 2422 1172 2470 doen
1202 2423 1293 2469 der
1322 2423 1656 2471 schenckagie
1685 2427 1777 2475 ben
1805 2431 1989 2484 altoos
2017 2441 2110 2489 soo
2138 2446 2261 2493 veel
2289 2450 2532 2502 mogelijk
2561 2458 2803 2507 verdacht
2833 2462 3045 2507 geweest
3075 2460 3227 2508 niets

1155 2495 1420 2547 onmittelijk
1442 2502 1706 2559 uijtgegeven
1728 2515 1778 2563 en
1800 2519 1945 2568 wierde
1968 2523 2041 2570 zoo
2063 2526 2113 2573 in
2135 2529 2231 2576 Gedo
2255 2531 2328 2578 als
2350 2534 2398 2579 om
2422 2534 2566 2580 laege,
2589 2536 2638 2582 't
2661 2537 2709 2583 is
2732 2539 2805 2585 wel
2828 2540 2924 2587 zulx
2948 2542 2995 2587 de
3019 2540 3283 2588 schenckagie

1154 2567 1286 2618 aende
1310 2574 1443 2626 Couv.
1467 2583 1521 2630 rs
1545 2586 1624 2636 wat
1649 2592 1780 2643 hoger
1805 2599 1860 2646 is
1882 2603 2196 2656 uijtgevallen
2222 2611 2300 2657 als
2325 2612 2562 2663 voordelen
2586 2618 2691 2665 maer
2716 2620 2822 2668 sulx
2846 2624 2899 2669 is
2924 2624 3187 2673 bijgecomen

1150 2650 1201 2698 om
1223 2654 1297 2701 dat
1320 2656 1394 2705 dit
1416 2661 1514 2710 jaer
1538 2666 1660 2717 negen
1682 2673 1853 2725 schepen
1876 2681 1950 2728 tot
1973 2684 2265 2737 Nangasacquij
2287 2693 2386 2742 zijn
2408 2698 2578 2748 geweest
2602 2703 2699 2750 daer
2723 2705 2845 2753 (door
2868 2707 2941 2753 als
2965 2707 3263 2760 genootsaeckt

1144 2736 1281 2783 waren
1307 2740 1391 2789 een
1416 2745 1634 2796 weijnich
1660 2751 1851 2807 booveni
1878 2763 2097 2814 gewoonte
2122 2770 2178 2817 te
2204 2773 2341 2825 gaen)
2367 2781 2477 2828 in't
2503 2783 2694 2833 reguart
2721 2789 2803 2835 van
2829 2790 2940 2837 haer
2966 2792 3187 2843 personen

1132 2820 1287 2869 gelijk
1311 2824 1489 2876 wederom
1514 2832 1616 2880 d'en
1640 2836 1870 2891 opsiender
1893 2847 2021 2895 van't
2045 2850 2224 2904 eijlant
2248 2860 2325 2908 wat
2349 2864 2501 2914 minder
2527 2869 2679 2915 hebben
2704 2869 2906 2918 gegeven,
2932 2873 3008 2920 als
3033 2875 3113 2924 wel

1133 2908 1402 2958 Zeroijemon
1427 2914 1481 2959 te
1507 2914 1750 2969 ontfangen
1775 2925 1938 2975 gewoon
1962 2932 2071 2980 was,
2096 2937 2177 2983 ons
2203 2938 2285 2985 soo
2310 2941 2419 2989 veel
2444 2946 2686 2994 doenelijk
2712 2950 2846 2998 naden
2872 2953 2979 3000 tijt
3006 2955 3060 3001 en
3086 2955 3145 3002 de

1135 2989 1516 3044 gelegentheijt
1543 3000 1806 3054 voegende,
1835 3010 1952 3059 maer
1981 3014 2156 3064 conden
2185 3020 2303 3068 niet
2330 3024 2565 3077 verstaen
2593 3033 2682 3082 den
2708 3037 2973 3085 Tonquinst
3001 3039 3236 3086 Capitain

1133 3078 1375 3127 gelijckse
1400 3083 1481 3131 ons
1504 3086 1745 3133 Capitains
1769 3089 1823 3136 te
1849 3091 2009 3140 noemen
2033 3097 2193 3146 gewoon
2218 3102 2326 3150 zijn
2350 3107 2457 3155 alle
2482 3111 2563 3158 die
2588 3114 2669 3161 van
2693 3117 2959 3164 bijsondere
2984 3120 3224 3168 Contoiren

1140 3162 1292 3209 comen
1320 3165 1472 3214 aende
1500 3170 1832 3221 Gouverneurs
1860 3177 2192 3232 schenckagie
2221 3188 2373 3237 soude
2401 3193 2553 3243 doen,
2581 3200 2673 3248 dat
2701 3204 3033 3255 verscheijde
3062 3210 3217 3261 malen

1137 3236 1427 3294 voorswegen,
1452 3250 1506 3296 om
1531 3252 1611 3300 dat
1636 3256 1795 3305 gewoon
1820 3261 1927 3309 zijn
1952 3265 2164 3314 wwanneer
2188 3270 2478 3323 schenckagie
2503 3278 2610 3330 doen
2635 3286 2689 3333 2.
2714 3289 2741 3335 3
2766 3291 2846 3337 off
2872 3292 2951 3338 wel
2977 3293 3004 3338 4
3029 3292 3243 3338 perlonen

1130 3320 1281 3369 sterck
1303 3324 1427 3374 vande
1450 3330 1867 3393 aensienelijckste)
1888 3350 1964 3400 ten
1987 3356 2134 3403 huijse
2158 3359 2281 3406 vande
2304 3361 2476 3408 gouv.rs
2499 3363 2550 3411 te
2573 3367 2673 3416 gaen
2695 3373 2794 3419 ende
2817 3375 3038 3422 oversulkx
3059 3372 3110 3420 s.
3130 3369 3160 3417 r

1130 3396 1438 3454 broeckhorst
1464 3410 1549 3459 van
1574 3416 1744 3468 gelijk
1769 3424 1798 3471 ,
1824 3427 1882 3475 de
1907 3432 2213 3487 secretaris,
2241 3442 2381 3490 vande
2408 3446 2547 3495 Couv.
2574 3451 2603 3496 s
2630 3452 2824 3501 schenen
2852 3456 2963 3503 daer
2991 3457 3216 3505 kennisse

1131 3476 1207 3524 van
1229 3481 1281 3528 te
1304 3484 1453 3533 hebben
1477 3489 1527 3535 't
1550 3491 1626 3539 zij
1650 3494 1726 3543 met
1748 3499 1824 3548 off
1847 3504 1998 3557 sonder
2020 3513 2145 3566 weten
2168 3522 2244 3568 van
2267 3524 2367 3570 haer
2391 3525 2615 3575 meesters,
2638 3530 2738 3580 daer
2762 3536 2886 3585 ijder
2910 3540 3011 3587 zijn
3034 3541 3232 3588 gevoelen

1132 3561 1215 3610 van
1241 3566 1323 3615 can
1348 3570 1539 3623 hebben,
1565 3579 1784 3635 behalven
1808 3592 1892 3638 dat
1915 3596 2025 3646 zulx
2050 3602 2132 3649 tot
2158 3605 2539 3662 cleijnachtinge
2563 3619 2619 3666 en
2644 3622 2996 3676 verminderingh
3023 3628 3159 3676 van's

1132 3652 1476 3711 opperhooffden
1499 3669 1632 3718 soude
1656 3674 1922 3731 geschieden
1946 3688 2026 3735 soo
2050 3691 2183 3741 soude
2208 3697 2288 3744 het
2314 3700 2420 3748 noch
2445 3705 2525 3753 een
2550 3709 2708 3757 groote
2734 3712 2814 3758 lat
2838 3712 2893 3758 en
2918 3713 3184 3763 beswaringe

1126 3736 1285 3787 voorde
1310 3743 1444 3792 Comp.
1467 3749 1495 3796 e
1520 3752 1653 3804 wesen
1677 3761 1732 3809 en
1755 3766 1836 3815 dat
1860 3771 1967 3821 voor
1991 3777 2177 3833 altoos,
2201 3789 2308 3839 want
2332 3795 2412 3843 dat
2436 3799 2621 3849 eenmael
2646 3804 2700 3849 in
2725 3805 2961 3852 gebruijck
2987 3804 3198 3852 gebracht

1115 3824 1197 3872 is,
1221 3826 1327 3875 seer
1351 3831 1640 3893 beswaerlijk
1663 3850 1744 3899 can
1767 3856 2056 3913 affgeschaft
2079 3870 2263 3923 werden,
2288 3878 2342 3925 ja
2367 3881 2498 3928 soude
2523 3883 2629 3932 niet
2653 3888 2811 3938 zonder
2836 3893 2967 3942 grote
2992 3898 3175 3943 schande

1121 3912 1177 3960 en
1202 3916 1338 3966 smaet
1362 3922 1499 3974 vand'
1523 3931 1873 3992 opperhooffden
1898 3948 2060 3997 cunnen
2085 3954 2382 4012 geschieden,
2405 3969 2675 4023 dierhalven
2700 3979 2808 4025 gans
2834 3980 3076 4029 ongeraden
3102 3983 3156 4028 en

1108 4002 1242 4050 zoude
1266 4005 1372 4055 niet
1396 4011 1581 4064 schaden
1604 4021 1710 4070 sulx
1735 4026 2101 4083 uijtdruckelijk
2125 4039 2335 4095 verboden
2359 4051 2517 4102 wiert,
2542 4058 2647 4105 want
2672 4062 2752 4110 men
2776 4066 2881 4112 weet
2907 4067 3011 4113 niet
3037 4068 3141 4113 waer
3166 4062 3246 4113 toe

1124 4087 1369 4142 alteniets
1392 4100 1475 4149 een
1500 4106 1798 4158 opperhoofft
1822 4115 1959 4164 zoude
1984 4120 2149 4172 cunnen
2171 4131 2362 4180 geraden
2387 4137 2576 4189 werden,
2602 4145 2764 4192 hoewel
2790 4147 3087 4194 genoeghsaem
3113 4150 3197 4197 mij

1124 4169 1354 4221 versekere
1376 4177 1429 4224 s.
1452 4180 1479 4226 r
1503 4182 1582 4230 van
1603 4188 1657 4236 't
1680 4192 1758 4241 hum
1781 4197 1857 4245 tot
1882 4200 1983 4247 zulx
2009 4202 2112 4250 niet
2134 4207 2186 4254 en
2210 4210 2313 4256 sall
2337 4211 2567 4266 verstaen,
2589 4223 2666 4270 als
2690 4225 2869 4275 evenwel
2893 4230 2944 4276 d'
2969 4231 3096 4277 ordre
3121 4231 3223 4278 daer

1126 4253 1273 4307 heijt
1300 4263 1389 4310 soo
1417 4266 1563 4315 staet
1590 4272 1650 4321 de
1678 4277 1855 4328 zaecke
1881 4285 1911 4331 z
1939 4287 2057 4335 eker

3160 1572 3244 1620 0

2927 4469 3157 4546 Hoe
