3567 4801
2787 479 2964 545 954

634 520 819 575 mey
860 509 1122 567 1646

835 671 917 721 op
954 662 1075 712 den
1112 646 1313 706 14:e'
1352 640 1552 692 Meert
1590 637 1671 683 Is
1709 633 1830 683 ter
1867 631 2267 681 pipelische
2305 637 2504 685 rhede
2543 639 2981 690 g'arriveert

915 762 1008 811 een
1038 759 1251 807 moorsch
1281 754 1433 804 schip
1462 742 1858 798 toebehoorende
1887 740 1979 787 een
2010 740 2131 788 moor
2161 741 2223 788 op
2252 742 2465 787 masulip
2495 742 2617 788 atam
2644 740 2890 789 genaempt

895 857 1134 921 miersia
1166 852 1334 901 Aliel
1366 847 1600 895 Comende
1631 843 1733 892 Van
1766 839 1933 888 Peguw
1966 837 2166 884 hebben
2199 836 2333 883 niet
2366 838 2600 884 anderom
2631 839 2733 885 dan
2765 837 2867 884 3vs

919 954 1264 1006 eliphanten
1298 952 1506 999 eenige
1538 948 1782 997 robynen
1816 946 1920 992 800
1953 944 1989 990 a
2023 941 2162 988 1000
2196 940 2231 985 l
2264 938 2403 985 thin
2437 938 2506 984 en
2540 937 2646 984 100
2678 938 2714 984 a
2741 931 2851 982 150
2883 928 2945 976 —

916 1068 1038 1120 man
1075 1062 1279 1112 Coper
1318 1052 1551 1107 geldt

795 1223 849 1270 Af
875 1219 930 1267 88
954 1216 1009 1262 d.
1034 1214 1062 1259 o
1087 1210 1248 1258 become
1273 1209 1354 1254 een
1380 1209 1593 1256 briefken
1619 1208 1779 1255 Vanden
1805 1209 2204 1257 goecondaetschen
2230 1206 2576 1255 Veletoversten
2602 1196 2870 1250 miersumela

931 1310 1100 1359 aenden
1128 1306 1410 1354 gouverneur
1439 1304 1608 1351 Arnold
1636 1304 1834 1352 Heussen
1862 1304 2144 1351 geschreven
2171 1301 2426 1349 luijdende
2454 1298 2567 1346 naer
2595 1291 2849 1343 translaet

928 1412 1048 1464 als
1085 1406 1322 1456 volght

906 1527 1338 1591 Miersiamela
1377 1525 1532 1571 sent
1570 1525 1803 1571 aendie
1841 1526 1957 1571 van
1996 1519 2422 1571 grotertamie
2461 1513 2615 1564 ende
2654 1506 2887 1558 goeden

893 1573 944 1626 ƒ

835 1576 857 1622 ƒ

915 1636 1134 1699 soldaedt
1159 1631 1320 1680 Arnoed
1345 1628 1532 1676 Beutsen
1559 1626 1824 1673 gouverneur
1851 1625 1985 1671 sijne
2010 1623 2197 1671 groete,
2223 1622 2303 1668 wij
2328 1620 2436 1667 sijn
2462 1619 2542 1665 van
2568 1616 2702 1664 oudte
2728 1614 2835 1660 seer
2859 1605 2995 1657 grote

922 1733 1120 1787 vrunden
1147 1729 1261 1777 ende
1288 1724 1514 1774 bekende,
1542 1723 1655 1769 maer
1681 1721 1768 1768 soo
1795 1721 1937 1767 lange
1965 1720 2049 1767 Ick
2077 1718 2190 1765 hier
2218 1715 2303 1763 Int
2330 1711 2472 1759 landt
2500 1710 2585 1755 van
2611 1701 2866 1753 Carnatica
2891 1698 2923 1746 —

934 1835 1023 1885 soo
1050 1825 1225 1878 dichte
1253 1824 1341 1869 bij
1368 1817 1572 1868 geweest
1600 1815 1716 1862 ben,
1744 1814 1802 1860 en
1831 1814 1947 1860 heef
1976 1813 2092 1860 ghij
2120 1812 2207 1857 mij
2235 1811 2352 1857 niet
2379 1801 2699 1855 geschreven,
2726 1794 2814 1844 hoe
2841 1788 2930 1838 Wel

935 1946 1032 1997 tot
1062 1940 1127 1988 nu
1156 1929 1474 1984 toegewaght
1505 1922 1695 1972 hebbe,
1725 1919 1822 1966 met
1852 1919 2169 1966 Vertrouwen
2198 1914 2327 1964 ghij
2357 1906 2516 1957 sulcx
2547 1902 2674 1949 doen
2705 1897 2864 1947 soudt
2893 1896 2958 1943 —,

918 2039 1166 2093 waeromme
1195 2036 1290 2083 Ick
1319 2032 1383 2080 nu
1412 2027 1569 2076 sulcx
1599 2025 1692 2071 tot
1723 2021 2126 2069 gedachtenisse
2157 2020 2250 2067 van
2279 2016 2405 2065 onse
2434 2004 2777 2061 Vrundtschap
2806 1993 2963 2047 eerst

930 2153 1048 2204 doe,
1074 2149 1192 2196 ende
1220 2145 1308 2193 wat
1336 2142 1452 2190 ghij
1480 2138 1655 2186 moocht
1683 2136 1770 2182 van
1798 2130 2117 2181 nodehebben,
2144 2128 2261 2176 ofte
2290 2128 2377 2174 wat
2404 2122 2580 2173 nieuws
2608 2120 2724 2167 ofte
2751 2113 2926 2165 anders

911 2269 1127 2331 begeert
1158 2267 1220 2314 te
1250 2259 1404 2311 weten
1432 2248 1711 2304 aeviseert
1741 2245 1834 2292 mij
1864 2244 1926 2290 en
1957 2242 2049 2289 wat
2080 2239 2203 2287 ghij
2233 2236 2356 2283 voor
2385 2234 2479 2281 mij
2509 2228 2663 2278 Cundt
2693 2222 2817 2272 doen
2848 2220 2909 2267 en

940 2380 1062 2431 moes
1090 2374 1211 2424 oocq
1239 2369 1359 2418 niet
1388 2358 1718 2413 achterwaerd
1745 2353 1806 2401 ts
1836 2353 2045 2400 blijven
2075 2352 2164 2400 Et.
2194 2350 2284 2396 wij
2311 2342 2493 2395 hebben
2521 2338 2641 2386 hier
2669 2336 2701 2382 4
2728 2328 2939 2379 stucken

932 2488 1143 2540 daertoe
1172 2477 1382 2532 gelieft
1411 2475 1442 2520 2
1470 2463 1681 2518 thonijs
1709 2457 1980 2507 testueren
2008 2454 2130 2502 omme
2156 2449 2339 2498 daerin
2368 2447 2429 2493 te
2458 2441 2638 2492 laden,
2667 2438 2728 2485 en
2756 2432 2854 2482 met

937 2606 1004 2652 u1
1033 2592 1269 2647 schepen
1299 2586 1434 2635 naer
1464 2577 1833 2631 masulipatam
1865 2573 1932 2621 te
1964 2564 2164 2616 voeren

710 2776 776 2823 An
798 2749 966 2813 10do.
993 2729 1254 2789 sechree,
1285 2724 1383 2773 den
1414 2713 1737 2768 gouverneur
1768 2708 1930 2757 Nnold
1960 2700 2187 2752 Heussen
2219 2693 2509 2745 andtwoort
2540 2690 2702 2737 opden
2733 2687 2929 2735 bovens

929 2830 1083 2886 brief
1112 2816 1385 2874 luijdende
1413 2809 1506 2859 als
1535 2799 1717 2852 volght

928 2973 1076 3026 den
1122 2949 1606 3014 Gouverneur
1654 2945 1944 2994 Arnold
1991 2937 2331 2990 Heussen
2378 2926 2717 2981 wenscht
2763 2922 2912 2969 den

889 3086 955 3138 H.
980 3079 1015 3127 r
1043 3065 1228 3122 Nababo
1255 3054 1564 3108 weiesumela
1593 3052 1686 3098 Van
1716 3050 1839 3097 seer
1868 3047 2022 3094 groot
2052 3044 2297 3092 begrijv,
2327 3033 2633 3088 verstandt,
2662 3031 2724 3077 en
2755 3025 2878 3076 same

942 3167 1047 3220 vant
1071 3159 1276 3211 geslaght
1300 3153 1455 3203 saijde
1478 3148 1582 3197 veel
1607 3144 1760 3192 geluck
1785 3143 1887 3189 ende
1913 3142 2040 3188 schet
2066 3140 2193 3187 sijne
2218 3137 2397 3185 groete,
2423 3135 2499 3182 den
2523 3130 2652 3179 brief
2677 3128 2754 3174 van
2779 3124 2882 3173 sijn

947 3263 1194 3320 Hoocheyt
1222 3257 1317 3307 met
1346 3244 1748 3301 eerbiedicheyt
1778 3242 2086 3290 ontfangen,
2116 3243 2178 3289 op
2209 3243 2332 3289 mijn
2362 3230 2733 3288 Hooftgeleidt
2761 3225 2886 3273 ende

945 3365 1030 3412 met
1057 3359 1363 3409 blijdtschap
1388 3354 1612 3403 gelesen,
1639 3352 1723 3398 soo
1749 3350 1861 3397 oock
1889 3349 2000 3395 noch
2027 3346 2222 3393 meerder
2248 3339 2500 3391 verteijdt
2526 3335 2611 3383 ben
2637 3329 2860 3379 hebbende
2887 3328 2916 3373 u
2943 3327 2972 3373 —

937 3463 1224 3518 hoocheijts
1252 3457 1481 3508 Victorie
1508 3452 1738 3502 gehoort,
1767 3452 1853 3497 dat
1881 3452 1910 3497 u
1938 3449 2139 3497 hoocht.
2166 3445 2310 3493 seght
2338 3442 2453 3489 noch
2481 3441 2596 3486 niet
2624 3430 2911 3485 geschreven

945 3572 1130 3627 hebbe,
1157 3558 1494 3615 d'oorsaecke
1524 3556 1586 3602 d'
1615 3551 1951 3601 eerstelijck
1981 3549 2103 3597 noch
2132 3548 2285 3595 Verre
2315 3548 2407 3594 Van
2437 3546 2559 3592 hier
2589 3538 2924 3591 uijtgeweest

931 3688 1019 3737 ten
1045 3677 1248 3731 anderen
1274 3664 1591 3720 mustafschan
1617 3660 1733 3708 ende
1761 3656 1962 3704 sahasij
1990 3655 2162 3701 hebben
2190 3653 2391 3700 Voorden
2420 3641 2763 3698 Carnasischen
2790 3632 2999 3685 Coninck

941 3788 1049 3836 doen
1073 3782 1236 3831 seggen
1262 3779 1370 3827 doot
1396 3778 1423 3823 u
1449 3771 1611 3823 Hooch.
1636 3770 1664 3815 t
1690 3767 1798 3814 door
1825 3766 1932 3812 mijn
1958 3763 2173 3811 beleijdt
2199 3761 2307 3808 ende
2334 3754 2629 3806 toesegginge
2654 3750 2736 3797 van
2758 3744 2869 3795 hulp
2896 3744 3003 3793 meer

942 3892 1005 3940 en
1033 3883 1157 3935 meer
1186 3881 1249 3927 in
1279 3877 1555 3925 Carnatica
1586 3872 1831 3922 Introck,
1861 3870 2137 3916 oversulcx
2166 3869 2290 3915 omme
2317 3866 2443 3914 niet
2473 3853 2872 3911 verdersuspect
2900 3847 2964 3897 te

927 3998 1013 4045 syn
1041 3993 1155 4043 mijn
1183 3986 1439 4038 schrijven
1466 3984 1552 4030 aen
1581 3983 1609 4028 u
1636 3981 1779 4028 Hooch
1807 3981 1865 4027 t.
1893 3979 2007 4026 doch
2034 3977 2234 4024 ongaern
2261 3975 2404 4021 hebbe
2431 3970 2603 4020 moeten
2631 3961 2888 4014 naerlaten

936 4107 1059 4156 doch
1087 4095 1333 4151 daeromme
1361 4090 1425 4139 en
1454 4083 1638 4134 blijft
1668 4082 1760 4128 ons
1789 4079 1943 4126 goede
1973 4078 2095 4125 hart
2125 4075 2248 4122 niet
2277 4073 2339 4119 te
2369 4070 2553 4117 rugge,
2581 4063 2705 4113 want
2734 4060 2797 4107 in
2824 4051 2954 4103 alle

930 4204 1133 4256 saecken,
1156 4199 1234 4248 die
1258 4196 1335 4243 wij
1360 4189 1589 4240 behoudens
1612 4186 1715 4233 onse
1738 4181 1816 4230 eer
1841 4179 1968 4226 mogen
1991 4177 2120 4224 doen,
2145 4174 2297 4222 sullen
2322 4172 2424 4218 sijn
2448 4170 2601 4217 Hooch.
2626 4170 2653 4216 t
2677 4167 2804 4217 gaern
2827 4163 3010 4211 dieren,

943 4302 1273 4362 d'versoghte
1300 4292 1512 4347 thonijs
1540 4290 1632 4336 tot
1658 4286 1721 4335 uc
1750 4281 1930 4330 dienst
1960 4279 2079 4324 gaen
2109 4278 2230 4324 hier
2258 4277 2438 4325 nevens

0 1652 115 1703 en

0 1956 126 2007 ter

116 2237 236 2288 uus

808 1586 827 1632 F
