3560 4937
1534 1167 1810 1213 missive
1848 1167 1967 1214 aen
2006 1169 2086 1214 d'
2124 1171 2163 1216 E
2203 1171 2401 1219 heere
2439 1175 2637 1223 Caron
2674 1179 2951 1229 breeder

1535 1283 1954 1342 verhaelt

1378 1451 1537 1502 Over
1576 1452 1929 1501 d'ereuren
1966 1457 2124 1507 inde
2161 1463 2475 1516 tonkiise
2513 1472 2786 1521 boecken
2825 1476 3357 1532 insonderheijt

1522 1587 1728 1638 wegens
1762 1593 1831 1638 de
1864 1592 2002 1639 4245
2035 1593 2105 1639 ¾8
2137 1590 2344 1639 cattij
2377 1592 2583 1642 sijde,
2617 1598 2788 1644 hebbe
2822 1598 2925 1644 den
2958 1599 3369 1647 oppercoopman

1472 1719 1874 1797 Bronchorst
1913 1715 2521 1765 aengesproocken,
2561 1712 2804 1760 hoewel
2844 1712 3006 1758 voor
3046 1713 3215 1766 sijn

1526 1845 1721 1893 comst
1760 1845 1994 1891 gesien
2032 1842 2266 1892 hadde,
2304 1836 2616 1886 qualijck
2654 1834 3044 1881 geschreven
3082 1832 3244 1881 ofte

1530 1959 1875 2012 gecopieert
1908 1957 2047 2003 sij,
2081 1958 2219 2004 also
2251 1958 2356 2004 den
2390 1955 2631 2004 gehelen
2664 1952 2838 1999 debet
2871 1954 3078 2002 vanden
3111 1958 3353 2010 Conincq

1528 2093 1689 2141 ende
1729 2090 1969 2138 groten
2009 2084 2289 2134 deselve
2329 2081 2770 2129 quantiteijt
2808 2076 3010 2126 sijde
3049 2072 3210 2121 comt
3249 2071 3330 2117 te

1525 2201 1866 2253 monteren,
1903 2200 2016 2246 die
2052 2197 2279 2245 alleen
2316 2197 2468 2243 voor
2502 2197 2542 2244 s
2579 2195 2843 2242 konincx
2879 2192 3298 2242 Reeckeningh

1513 2331 1794 2383 gestelt,
1829 2328 1969 2376 ende
2003 2327 2250 2372 evenwel
2284 2324 2495 2372 'tgelt
2529 2322 2742 2369 vanden
2775 2325 3023 2374 rechten
3056 2330 3236 2378 debet

1510 2467 1990 2514 uijtgetrocken
2025 2461 2138 2512 is,
2174 2458 2322 2506 waer
2359 2457 2470 2503 van
2506 2455 2618 2501 als
2655 2455 2803 2501 oock
2839 2457 2913 2503 de
2950 2456 3210 2503 vordere

1523 2588 1812 2642 defecten
1847 2585 1992 2633 uEd.
2028 2584 2172 2630 door
2207 2583 2316 2630 den
2351 2582 2639 2629 gemelten
2675 2581 3109 2629 oppercoopman

1524 2713 1954 2762 Bronchorst
1995 2708 2297 2758 bericht
2338 2707 2511 2754 ende
2554 2708 3112 2758 ongetwijffelt

1519 2834 2088 2886 contentement
2136 2834 2420 2884 gedaen
2467 2840 2658 2897 werd

1311 3042 1508 3089 Vande
1546 3041 1704 3087 acht
1740 3043 2015 3092 verlore
2054 3044 2329 3091 stucken
2367 3047 2485 3093 van
2523 3046 2602 3092 't
2640 3045 2836 3091 Jacht
2875 3045 2953 3091 de
2992 3046 3344 3095 Leeuwerig

1459 3170 1533 3220 't
1567 3172 1888 3221 voorleden
1922 3169 2066 3217 Jaer
2101 3168 2244 3214 door
2278 3166 2459 3213 storm
2492 3167 2850 3214 omgevallen
2885 3168 3064 3215 hebbe
3099 3169 3242 3218 vier

1505 3298 1737 3345 ijsere
1774 3300 1930 3348 ende
1967 3297 2046 3345 1.
2084 3293 2316 3341 metale
2354 3293 2625 3339 stucken
2663 3293 2818 3340 door
2854 3291 3204 3339 Japanders

1488 3437 1620 3486 doen
1652 3440 1718 3486 op
1750 3438 2012 3485 visschen
2044 3438 2143 3484 tot
2175 3438 2241 3484 de
2273 3438 2404 3483 rest
2436 3435 2568 3482 sien
2600 3433 2731 3480 geen
2763 3427 2993 3478 middel,
3024 3423 3156 3471 also
3188 3421 3254 3467 de

1499 3570 1813 3617 Japanders
1847 3569 1952 3614 ten
1986 3562 2231 3613 eersten
2263 3556 2474 3607 tegens
2508 3554 2613 3600 915
2647 3549 2821 3598 ijder
2856 3547 3030 3594 stuck
3064 3542 3345 3592 bedongen

1493 3698 1822 3746 naderhand
1857 3701 1967 3747 920
2001 3695 2259 3747 belooft
2294 3693 2441 3740 ende
2477 3688 2696 3737 moeten
2733 3685 3025 3733 betalen,
3060 3683 3243 3733 hebbe

1492 3836 1741 3883 evenwel
1776 3836 1883 3882 als
1919 3834 2061 3881 niet
2095 3830 2168 3878 te
2201 3824 2453 3875 becomen
2488 3824 2559 3869 't
2595 3822 2808 3869 vorder
2843 3820 3274 3868 ondersoecken

1493 3949 1705 3995 laten
1748 3943 2089 3994 steecken

1391 4094 1587 4142 Langen
1617 4098 1748 4147 tijt
1779 4103 1844 4149 is
1877 4100 2007 4149 hier
2038 4096 2266 4144 gerucht
2297 4095 2395 4141 een
2428 4094 2688 4142 chinesen
2719 4096 3076 4143 Ambassadeur
3107 4089 3336 4141 welende

1489 4223 1663 4271 naert
1698 4223 2010 4270 voorgemen
2044 4222 2148 4268 een
2182 4219 2356 4266 neeff
2390 4217 2599 4263 vanden
2633 4214 2841 4264 Combon
2875 4210 2979 4258 van
3013 4210 3291 4258 Hoochep„

3047 4328 3130 4380 te

778 262 960 320 Julio
994 258 1101 306 ao.
1136 258 1280 307 1696

1425 782 1600 828 Dagh
1642 783 1991 831 Register
2034 784 2296 835 wegens
2338 791 2427 838 't
2468 795 2952 850 gepasseerde

1908 564 2238 616 pil

1952 438 2412 493 Jonckem

2425 875 2606 921 -

2947 445 3201 500 1641
