3505 4801
0 574 60 619 na
89 575 242 630 Chiry

2416 884 2586 945 995

391 903 522 950 van
564 895 958 950 Chinanua.

317 845 712 904 Translaet
755 838 1321 891 uijtskeplijcq

343 733 787 784 Marden
857 731 1080 784 van
1151 721 1519 788 india

941 628 1076 677 D„
1140 630 1545 693 Heeren
1608 649 2013 711 dubbel

882 1109 1078 1164 Aan
1141 1113 1273 1165 D'
1337 1111 1468 1159 Hr
1525 1113 2181 1165 gouverneur
2245 1113 2571 1167 Deses

1084 1260 1417 1312 Forts
1478 1248 1952 1304 geldria

1022 1466 1160 1524 Ick
1200 1477 1427 1527 hebbe
1472 1474 1832 1522 ontfangh
1875 1471 2012 1518 den
2055 1470 2327 1521 Brieff
2371 1478 2507 1525 van
2549 1478 2684 1536 UE:

908 1584 1131 1632 Inden
1174 1576 1488 1627 welcken
1531 1574 1667 1621 VE:
1709 1569 1889 1622 seer
1933 1566 2023 1613 is
2067 1565 2469 1612 clagende,
2513 1561 2648 1612 hoe

841 1705 924 1757 49
956 1684 1198 1745 Jaaren
1235 1674 1592 1726 tegelijck
1626 1669 1710 1719 d'
1747 1663 1986 1712 Comp:e
2023 1661 2301 1708 gedient
2340 1661 2656 1713 hebbende

821 1794 942 1841 met
978 1785 1223 1839 groote
1263 1780 1585 1829 lieffde,
1625 1779 1706 1825 op
1746 1775 1907 1824 alle
1944 1770 2148 1819 deser
2186 1767 2349 1815 geen
2389 1765 2632 1814 achten

809 1894 1060 1947 hebbe
1090 1878 1507 1934 genomen,
1541 1871 1756 1921 maer
1804 1871 2005 1917 dese
2045 1870 2652 1920 verwarringen

798 1997 901 2055 te
946 1984 1140 2039 wege
1186 1977 1620 2030 gebracht,
1667 1976 1812 2023 dat
1859 1973 2004 2020 jck
2041 1968 2196 2017 nae
2243 1966 2582 2014 jacatra

811 2089 973 2138 over
1013 2087 1133 2134 VE:
1168 2077 1373 2132 gesz.
1410 2073 1652 2120 hebbe,
1691 2074 1772 2120 is
1810 2072 1892 2118 mn
1931 2073 2011 2119 is
2051 2073 2412 2122 verstant,
2449 2077 2651 2125 alsoo

776 2187 918 2235 het
958 2186 1148 2237 maer
1194 2183 1288 2231 is
1334 2176 1659 2226 geweest
1706 2173 1846 2221 een
1891 2166 2450 2218 geheughnisse
2495 2171 2639 2219 van

790 2298 930 2346 hoe
974 2289 1116 2340 wij
1159 2282 1256 2334 te
1302 2274 1582 2326 vooren
1624 2265 1908 2318 tsamen
1954 2264 2282 2312 geleeft
2321 2268 2665 2326 hebben„

2684 2285 2760 2337 te
2794 2295 2941 2342 acte

802 2405 882 2453 en
919 2399 1115 2450 alsoo
1153 2390 1347 2445 seijt
1383 2385 1503 2434 UE:
1534 2379 1774 2428 voorts
1808 2372 1890 2424 jn
1928 2365 2200 2415 sijnen,
2239 2364 2356 2410 dat
2394 2361 2512 2409 hij
2549 2358 2629 2407 de

797 2494 1274 2549 gepasseerde
1317 2487 1576 2538 duigen
1618 2482 1790 2529 niet
1833 2477 2006 2526 meer
2048 2475 2264 2521 wilde
2307 2471 2651 2519 gedenck:
2688 2476 2779 2524 in
2820 2478 2994 2524 tham

807 2607 893 2658 en
933 2599 1060 2651 van
1101 2585 1519 2642 geluijcken
1559 2577 1769 2629 heijt
1809 2571 1977 2620 oock
2018 2571 2144 2621 uE:
2185 2571 2311 2620 dat
2352 2568 2478 2615 jck
2519 2567 2688 2615 eens
2726 2570 2772 2617 t
2811 2573 2979 2620 daer

801 2706 890 2755 na
933 2690 1410 2749 palliacatta
1451 2680 1669 2733 comen
1712 2677 1972 2724 soude,
2015 2677 2103 2723 op
2141 2677 2276 2724 dat
2316 2674 2449 2723 wij
2491 2673 2622 2722 van
2665 2676 2970 2726 stemb„e

780 2806 885 2856 d'
931 2787 1288 2845 negotie
1338 2777 2046 2832 contracterende
2096 2776 2653 2833 toestemden;
2695 2764 2905 2824 ende

795 2881 1137 2944 terwijl
1185 2879 1330 2925 een
1379 2877 1524 2924 van
1571 2873 1767 2921 haar
1814 2871 2058 2920 Ed=le
2105 2874 2203 2921 dr
2251 2870 2396 2917 van
2442 2871 2783 2926 jacatra
2830 2871 2881 2917 —

797 2985 900 3040 op
947 2967 1293 3027 ceijlon
1341 2963 1489 3010 was
1538 2959 1933 3009 gecomen,
1981 2960 2080 3006 om
2128 2960 2375 3008 alles
2424 2959 2573 3010 die

790 3076 1151 3144 negottie
1195 3064 1599 3121 aengaande
1644 3059 1958 3109 volgens
2002 3055 2182 3103 sijn
2225 3054 2450 3102 ordre
2494 3056 2629 3111 als

2688 3092 2743 3139 e
2790 3099 2950 3150 van

788 3198 887 3250 te
931 3180 1267 3239 maacken
1312 3170 1505 3225 alle
1552 3164 1743 3214 dese
1790 3158 2077 3208 dingen
2123 3159 2409 3206 hebben
2457 3160 2650 3210 door

775 3300 1043 3359 quaade
1084 3291 1262 3340 raat
1302 3277 1658 3334 gedinge;
1701 3270 1833 3321 soo
1876 3267 2009 3314 aen
2053 3267 2141 3313 v.
2185 3266 2273 3312 E:
2316 3264 2449 3310 als
2492 3257 2626 3307 aes

2676 3298 2844 3349 dige

736 3423 901 3492 mij
947 3398 1268 3463 gedael
1317 3384 1637 3441 haaren
1689 3372 2217 3428 oorspronck
2265 3353 2692 3413 genomen,

2680 3396 2775 3449 Die
2804 3392 2957 3439 deses

774 3513 936 3564 aer
989 3506 1202 3558 over
1255 3498 1470 3550 niet
1515 3491 1681 3539 wel
1732 3481 2054 3534 gedaen
2106 3467 2373 3524 soude
2425 3457 2639 3509 sijn

2684 3474 2904 3535 enige

793 3611 890 3659 d'
916 3586 1466 3651 gepasseerde
1514 3576 1803 3631 dingen
1851 3571 2044 3619 meer
2091 3567 2189 3615 te
2234 3561 2676 3613 gedencken

2694 3586 2774 3639 en
2810 3587 2929 3641 off

786 3713 878 3766 en
916 3703 1051 3756 ick
1091 3686 1442 3747 gedencke
1482 3679 1615 3728 die
1657 3675 1832 3724 oock
1874 3671 2049 3719 niet
2091 3667 2309 3714 meer,
2352 3662 2527 3712 daer
2568 3655 2659 3704 en

2685 3679 2913 3730 Lebbel

789 3810 1242 3864 ontbreecken
1281 3796 1406 3853 Bij
1444 3786 1570 3836 UE:
1610 3773 1898 3830 aldaer,
1939 3769 2104 3817 ende
2143 3764 2311 3812 oock
2349 3761 2474 3811 Bij
2514 3759 2641 3808 mij

2685 3791 2975 3847 ditos

776 3920 1023 3984 alhier
1056 3904 1184 3961 die
1220 3890 1425 3946 quaat
1461 3881 1666 3931 raade
1703 3871 1828 3925 re,
1865 3860 2029 3913 doch
2068 3856 2190 3903 van
2230 3853 2311 3900 nu
2351 3844 2674 3898 voortach

2683 3883 2919 3932 medes

781 4030 917 4089 sal
957 4021 1090 4073 ick
1132 4015 1221 4064 d'
1260 4003 1484 4057 Compe
1518 3988 1829 4053 getrouw
1869 3976 2091 4032 sijn,
2133 3973 2265 4020 als
2308 3967 2570 4018 altoos

2685 3994 2871 4041 en

783 4123 1110 4193 geweest
1154 4110 1387 4166 sijn,
1433 4094 1618 4154 ende
1664 4088 1804 4137 uE:
1849 4079 2035 4131 oock
2080 4074 2221 4123 mij
2265 4071 2406 4117 UE.
2452 4071 2639 4125 ende

1952 4326 2540 4413 Behoude

0 629 130 677 date

421 629 577 684 2N

2032 590 2312 643 Copia

2742 512 2933 570 997

2685 1355 2900 1404 vijs2

2694 1491 2909 1540 eer
