3662 4773
1355 489 1666 538 desselffs
1701 489 1942 535 bijgene
1974 486 2218 535 Jappans
2252 483 2666 533 comptoirkens
2699 478 2770 526 te
2802 469 3218 521 vergelijcken
3252 470 3459 516 waren,

1360 582 1486 630 hier
1518 582 1581 627 op
1612 583 1800 629 sweegh
1831 584 1926 630 den
1957 583 2176 630 Coninck
2208 583 2365 629 stil,
2396 583 2522 628 ende
2553 581 2772 628 wierden
2804 581 2929 627 door
2961 580 3244 626 desselffs
3273 579 3487 628 gouden

1369 672 1781 721 stockdrager
1818 676 2043 721 gelast
2080 675 2342 720 buijten
2378 676 2453 721 te
2490 676 2715 722 staen,
2750 676 2827 722 uE
2864 673 3126 722 gelieve
3162 672 3238 717 nu
3274 667 3440 716 uijt

1349 759 1618 808 'tvooren
1650 764 1952 813 verhaelde
1985 769 2119 814 eens
2153 769 2254 816 aff
2286 772 2353 818 te
2387 772 2589 818 meten,
2621 773 2722 818 hoe
2755 771 2889 817 diep
2923 771 2990 817 de
3023 772 3392 820 giericheijt
3425 775 3492 821 in

1349 860 1501 907 dees
1537 862 1802 911 grooten
1839 866 2142 913 monarchs
2177 868 2367 914 harte
2405 866 2782 913 gegraveert
2819 866 2934 912 is,
2970 869 3273 918 nademael
3310 874 3423 922 hij

1348 955 1523 1004 eerst
1557 956 1661 1003 dit
1695 958 1869 1006 werck
1902 962 2007 1007 soo
2040 962 2214 1008 hoogh
2248 963 2593 1010 gelaudeert
2627 965 2835 1011 heeft,
2869 965 3008 1012 ende
3042 967 3180 1013 daer
3215 968 3318 1013 nae
3353 968 3493 1017 voor

1349 1051 1444 1098 ons
1475 1051 1884 1100 vreemdelingen
1914 1055 2072 1102 (:die
2102 1057 2197 1103 soo
2227 1058 2353 1104 veel
2385 1058 2635 1104 moeijten
2667 1058 2730 1103 om
2761 1058 2824 1103 't
2855 1058 3012 1105 selve
3043 1061 3106 1106 op
3137 1062 3263 1107 zijn
3294 1059 3483 1107 gebodt

1317 1145 1427 1192 wel
1464 1146 1538 1191 te
1573 1147 1721 1193 doen
1757 1149 2014 1196 maecken
2049 1151 2270 1198 gehadt
2307 1153 2600 1200 hebben:)
2636 1153 2967 1200 Opentlyck
3002 1154 3150 1200 doet
3186 1155 3483 1203 blijcken

1344 1247 1445 1295 dat
1478 1248 1544 1294 't
1576 1247 1744 1294 selve
1777 1247 1910 1292 (:om
1944 1247 2077 1292 dies
2110 1247 2276 1296 wille
2309 1251 2443 1298 meer
2475 1253 2575 1300 als
2609 1255 2908 1302 ordinaris
2941 1254 3141 1302 gecost
3173 1253 3340 1300 heeft
3373 1252 3442 1300 :)

1348 1354 1458 1402 hem
1493 1353 1852 1399 mishaeght,
1888 1352 1960 1398 te
1996 1351 2139 1397 meer
2175 1351 2427 1398 dewijle
2462 1353 2642 1398 meest
2678 1353 2821 1399 alle
2857 1354 3109 1400 grooten
3144 1353 3473 1402 verclaren

1327 1451 1513 1504 noijt
1549 1452 1990 1501 diergelijcke
2025 1454 2320 1499 constige
2357 1452 2651 1499 stucken,
2687 1452 2761 1498 In
2797 1450 2944 1497 sijn
2981 1450 3239 1495 Coninck
3274 1452 3462 1500 rijck

1327 1552 1524 1602 gesien
1556 1551 1622 1598 te
1653 1553 1880 1600 hebben,
1910 1554 2042 1600 ende
2074 1556 2203 1601 wert
2236 1556 2333 1601 bij
2364 1555 2559 1601 veelen
2591 1553 2721 1600 vast
2753 1552 3012 1599 gestelt,
3044 1553 3141 1599 dat
3174 1554 3271 1600 soo
3303 1555 3405 1603 wij

1347 1646 1458 1693 ten
1493 1648 1641 1694 tide
1677 1650 1898 1697 vanden
1933 1653 2190 1700 Coninck
2227 1655 2557 1701 Sijangier
2594 1656 2888 1703 alsulcke
2923 1655 3327 1704 Rariteijten
3364 1655 3478 1703 Int

1344 1746 1517 1793 landt
1550 1743 1828 1790 gebracht
1861 1744 2105 1792 hadden,
2137 1749 2241 1796 hem
2276 1751 2414 1798 niet
2448 1753 2690 1799 ontsien
2725 1754 2898 1800 soude
2932 1756 3140 1804 hebben
3173 1760 3312 1806 daer
3346 1760 3484 1806 voor

1341 1841 1455 1890 een
1492 1841 1717 1887 groote
1753 1842 1940 1887 somme
1975 1841 2164 1888 gelts
2201 1843 2388 1892 boven
2425 1848 2500 1893 de
2536 1849 2761 1895 waerde
2797 1850 2872 1896 te
2909 1849 3245 1896 betaelen,
3283 1848 3432 1896 maer

1341 1936 1475 1983 dees
1507 1936 1740 1984 Coninck
1772 1939 1906 1985 sijn
1939 1940 2105 1987 (:als
2137 1943 2205 1988 nu
2237 1944 2337 1991 bij
2370 1946 2801 1992 d'Experientie
2834 1946 2933 1991 wel
2967 1946 3033 1991 te
3065 1945 3233 1991 recht
3264 1946 3464 1993 onder

1341 2027 1558 2075 vinden
1593 2030 1665 2078 :)
1700 2033 1844 2079 geen
1879 2035 2166 2084 konstene
2202 2039 2524 2087 aengenaem
2559 2042 2667 2088 als
2702 2042 2775 2088 de
2809 2043 2989 2089 geene
3024 2044 3132 2089 die
3166 2043 3276 2089 hij
3309 2042 3419 2089 met

1337 2130 1448 2177 een
1484 2129 1668 2176 Idele
1704 2131 1923 2177 siabas
1960 2132 2217 2179 betalen
2252 2134 2399 2182 can,

1292 2247 1372 2296 in
1410 2251 1491 2300 nu
1523 2255 1999 2307 seeckerlijck
2038 2262 2117 2308 te
2156 2264 2352 2311 weten
2391 2265 2509 2311 wat
2548 2266 2902 2315 gedurende
2941 2270 3059 2316 ons
3098 2265 3413 2316 absentie

1332 2347 1568 2396 omtrent
1602 2351 1769 2397 zijne
1803 2352 2005 2399 maij=t
2038 2353 2105 2398 in
2139 2353 2240 2398 ons
2273 2354 2542 2400 affaires
2575 2356 2710 2402 noch
2743 2357 2945 2405 verder
2978 2361 3314 2410 gepasseert
3347 2360 3482 2409 was,

1322 2446 1449 2492 ende
1481 2445 1577 2491 off
1609 2444 1704 2490 d=o
1736 2443 1800 2489 de
1831 2443 2277 2493 overgeleeverde
2308 2447 2533 2496 brieven
2564 2452 2787 2501 geopent
2818 2457 3010 2506 hadde,
3041 2460 3137 2506 soo
3168 2462 3360 2507 bleven
3391 2460 3488 2507 aen

1325 2541 1516 2589 poorte
1547 2542 1642 2587 van
1674 2542 2053 2592 gosselchanna
2084 2546 2181 2592 soo
2210 2548 2370 2595 lange
2400 2551 2717 2602 vertoeven,
2747 2557 2844 2602 tot
2874 2558 2969 2604 dat
3000 2559 3159 2606 sijne
3191 2561 3380 2607 maij=t
3412 2561 3475 2606 op

1334 2632 1517 2678 stont
1552 2635 1626 2682 en
1661 2638 1772 2687 den
1806 2644 1953 2693 heer
1988 2649 2462 2702 Hackieketchan
2497 2657 2643 2704 uijt
2679 2660 2862 2709 quam,
2897 2666 3007 2712 aen
3042 2668 3189 2716 wien
3224 2672 3371 2719 naer
3406 2674 3479 2719 de

1318 2733 1758 2788 gelegentheijt
1791 2743 2028 2792 vandien
2061 2748 2366 2798 vragende,
2399 2754 2501 2800 ons
2535 2755 2637 2800 tot
2670 2756 2941 2807 antwoort
2974 2763 3144 2814 gaff,
3177 2770 3279 2816 dat
3312 2772 3484 2819 sijne

1304 2842 1502 2892 maij=t
1534 2845 1567 2890 u
1599 2845 1664 2891 E:
1696 2846 1923 2894 missive
1956 2849 2215 2900 gelesen,
2248 2855 2346 2902 &ne
2377 2857 2475 2905 die
2507 2861 2606 2908 van
2636 2864 2767 2911 haer
2799 2867 2929 2915 Ed=t
2961 2871 3091 2917 (:de
3123 2872 3318 2922 welcq:
3350 2874 3481 2921 Inde

1308 2947 1651 2994 nederlants
1685 2949 1823 2996 tale
1856 2951 1994 2997 gesz
2028 2952 2132 2998 was
2165 2953 2234 2999 :)
2268 2954 2475 3003 gelast
2508 2959 2681 3006 hadde
2714 2962 2784 3009 te
2816 2965 3228 3019 translateren
3262 2974 3468 3020 seggen

1275 3053 1495 3103 wijders
1526 3054 1650 3099 sijn
1680 3055 1868 3104 maij=t
1897 3060 1990 3109 ons
2020 3063 2084 3110 de
2114 3066 2394 3113 betalinge
2424 3068 2579 3114 vande
2610 3069 2981 3116 pallancquijn
3012 3070 3137 3116 ende
3167 3071 3509 3120 tachtrewont

1324 3148 1688 3201 toegestaen
1723 3157 1869 3205 ende
1905 3161 2014 3208 aen
2049 3163 2376 3216 Achelchan
2413 3171 2739 3220 (:wesende
2775 3175 2993 3223 sijnen
3029 3179 3175 3227 Ehan
3209 3182 3466 3231 siamma,

1329 3247 1466 3294 ofte
1500 3246 1809 3297 oppersten
1842 3252 2254 3308 hooffmeester
2288 3264 2357 3311 :)
2390 3266 2632 3318 bevolen
2664 3274 2837 3323 hadde
2870 3279 2974 3326 een
3007 3282 3350 3330 assignatie
3383 3285 3500 3332 van

1322 3344 1466 3391 8000
1500 3347 1607 3392 R=a
1643 3347 1714 3393 op
1749 3349 2033 3400 souratta
2069 3355 2141 3401 te
2175 3357 2531 3409 verleenen,
2566 3365 2709 3413 doch
2743 3370 2851 3419 dat
2885 3374 3347 3426 meergedachten

1309 3444 1555 3496 Coninck
1589 3452 1730 3499 Inde
1765 3454 2115 3502 restitutie
2149 3458 2360 3506 vanden
2394 3462 2710 3514 besneeden
2744 3470 2990 3523 barbier
3024 3478 3200 3525 (:als
3233 3480 3480 3527 rakende

1316 3549 1467 3596 sijn
1503 3552 1992 3599 conscientie:)
2027 3554 2142 3600 Int
2178 3556 2404 3604 minste
2440 3559 2591 3606 niet
2628 3562 3004 3619 concederen
3040 3574 3266 3624 nochte
3303 3580 3455 3629 oock

1315 3651 1392 3702 in
1428 3650 1798 3696 toecomende
1835 3651 1947 3698 aen
1983 3655 2242 3704 niemant
2278 3660 2611 3710 verbieden
2647 3666 2870 3716 wilde,
2906 3672 3093 3720 d'ons
3128 3678 3463 3732 (:wanneer

1320 3750 1467 3797 daer
1503 3750 1613 3796 toe
1648 3750 2054 3802 inclineeren
2088 3758 2310 3808 nochte
2344 3763 2420 3810 de
2454 3766 2786 3821 mahometis
2821 3777 3005 3825 leere
3040 3780 3151 3828 aen
3187 3783 3260 3829 te
3296 3784 3480 3830 nemen

1316 3844 1391 3891 en
1427 3845 1942 3895 concerneerende
1977 3851 2088 3897 het
2124 3852 2345 3901 poinct
2381 3856 2602 3906 vanden
2638 3861 2860 3914 rouwen
2895 3870 3006 3918 sal
3041 3873 3225 3921 peter
3262 3874 3484 3921 handel

1322 3943 1412 3991 dat
1441 3943 1500 3988 de
1529 3943 1707 3989 maij=t
1736 3942 1826 3988 ons
1854 3943 1913 3989 de
1943 3944 2090 3990 selve
2120 3945 2326 3994 gelijck
2356 3949 2476 3995 voor
2503 3952 2652 4000 desen
2680 3955 2917 4007 toestont
2946 3962 3006 4009 In
3034 3965 3153 4011 alle
3182 3962 3477 4012 liberteijt

1320 4044 1392 4091 te
1427 4041 1605 4089 mogen
1639 4040 2029 4088 exerceeren,
2064 4044 2135 4089 In
2170 4045 2383 4094 welcke
2417 4050 2666 4099 becomen
2700 4055 3054 4106 apostille,
3089 4061 3479 4108 namentlijck

1329 4142 1558 4192 (:wegen
1590 4143 1687 4189 den
1720 4144 1949 4191 barbier
1980 4147 2110 4193 ende
2143 4148 2240 4193 dat
2273 4147 2403 4193 gelt
2435 4147 2598 4193 vande
2630 4149 2956 4199 palenckijn
2987 4154 3118 4200 ende
3150 4150 3476 4201 tachtrowan

1315 4245 1389 4293 In
1425 4241 1718 4289 souratta
1754 4242 2082 4289 ontfangen
2119 4242 2410 4288 mosten:)
2447 4242 2558 4289 wij
2592 4245 2703 4293 ons
2738 4249 2922 4300 tegen
2957 4256 3176 4305 Hackij
3213 4259 3484 4305 ketchan

1307 4342 1537 4393 gantsch
1569 4340 1895 4387 'tonvreden
1927 4342 2188 4390 toonden,
2220 4345 2350 4392 doch
2382 4347 2545 4397 ditto
2577 4352 2774 4402 seijde
2805 4358 2937 4405 hier
2968 4361 3066 4408 toe
3098 4364 3228 4411 geen
3261 4360 3457 4412 andere

3103 4478 3462 4526 Remedie
