3703 4828
3431 579 3503 637 ven

1342 759 1473 812 hoe
1513 750 1984 804 verscheijde
2024 746 2496 794 Coopluijden
2538 748 2666 793 van
2709 742 3050 793 meeninge
3092 739 3348 787 waeren

1359 856 1481 903 den
1521 853 1890 901 malacksen
1929 850 2094 899 thol
2134 848 2298 895 hier
2339 847 2461 893 aen
2501 846 2625 891 ons
2663 841 2747 890 te
2785 833 3115 885 voldoen,
3155 825 3523 879 mitsgad=s

1355 949 1480 996 dat
1520 950 1685 997 haer
1725 949 1890 997 daer
1930 947 2097 995 voor
2133 948 2219 996 4½
2260 944 2383 991 ten
2422 938 2712 989 hondert
2752 931 3246 984 affgevordert
3286 927 3493 976 hadde

1341 1050 1423 1100 (:
1461 1048 1699 1095 sijnde
1738 1051 1856 1096 soo
1895 1047 2053 1095 veel
2093 1047 2211 1094 als
2248 1045 2329 1094 d'
2368 1038 2684 1089 portuges
2723 1034 2881 1082 daer
2918 1031 3196 1077 betaelt
3234 1029 3511 1077 hebben)

1338 1152 1522 1202 doch
1567 1145 1974 1197 naderhant
2018 1144 2199 1192 uijt
2244 1146 2380 1192 den
2424 1140 2561 1190 den
2606 1134 2877 1184 brieff
2921 1129 3193 1178 vanden

1332 1240 1899 1303 provisioneelen
1939 1234 2341 1284 gouverneur
2382 1223 2785 1279 oudtshoorn
2824 1221 2905 1268 (:
2945 1221 3066 1268 t=r
3106 1216 3349 1266 tschip

1343 1345 1671 1396 schiedam
1712 1342 1835 1390 aen
1873 1336 2040 1386 mijn
2080 1335 2245 1381 gesz
2285 1334 2531 1382 gesien
2571 1324 2940 1378 hebbende,
2979 1319 3104 1368 dat
3144 1316 3431 1363 seecker

1363 1449 1579 1496 moors
1621 1444 1837 1493 schip
1878 1438 2052 1489 voor
2095 1435 2182 1482 de
2224 1431 2483 1479 malacs
2525 1410 3129 1476 gerechticheijt
3169 1404 3258 1454 10
3300 1402 3434 1449 ten

1349 1545 1638 1597 hondert
1678 1539 1968 1590 gegeven
2008 1534 2255 1583 hadde,
2297 1532 2544 1580 hebben
2582 1515 3161 1576 geconcludeert,
3202 1514 3284 1559 d'
3325 1514 3492 1563 moor

1362 1655 1689 1702 meerder
1734 1650 1876 1700 als
1922 1647 2016 1694 d'
2061 1630 2528 1691 portugesen
2573 1625 2668 1674 t'
2712 1618 3087 1670 betaelen
3134 1618 3461 1666 stonden

1354 1753 1749 1810 weshalven
1787 1748 1880 1797 d'
1922 1730 2403 1791 Coopluijden
2445 1729 2578 1776 die
2620 1727 2709 1773 nu
2751 1730 2883 1776 tot
2926 1731 3014 1777 4½
3056 1727 3145 1775 pr
3186 1721 3406 1770 cento

1356 1857 1471 1910 wel
1507 1849 1807 1901 schijnen
1843 1838 2105 1893 genegen
2142 1836 2217 1882 te
2252 1833 2441 1880 zijn,
2477 1833 2590 1879 soo
2626 1832 2776 1879 veel
2813 1830 3075 1877 meerder
3111 1820 3488 1874 affg'eijst

1335 1959 1606 2014 hebbe,
1650 1954 1876 2004 offte
1920 1949 2100 1998 daer
2144 1945 2280 1993 toe
2324 1938 2595 1992 sullen
2637 1929 2909 1981 Connen
2954 1925 3314 1973 verstaen

1357 2064 1539 2115 moet
1583 2061 1719 2108 den
1763 2059 1944 2106 tijt
1986 2053 2393 2106 openbaren
2438 2039 3023 2096 ondertusschen
3066 2033 3202 2083 sal
3244 2026 3383 2077 ter

1344 2158 1751 2216 gelegener
1795 2156 1976 2202 tijt
2019 2154 2156 2201 van
2200 2153 2381 2199 uE„s
2424 2145 2876 2198 verwachten
2921 2144 3011 2190 te
3055 2142 3416 2189 vernemen

1342 2274 1474 2333 hoe
1515 2267 1728 2317 verre
1769 2263 1940 2312 daer
1980 2258 2153 2308 jnne
2194 2250 2450 2302 sullen
2491 2247 2789 2294 treeden
2831 2245 2959 2293 hoe
3001 2241 3172 2289 veel

1353 2371 1556 2429 voor
1604 2364 1706 2414 de
1747 2359 2105 2407 malacks
2131 2350 2505 2404 Thollen
2534 2338 2754 2392 hier
2803 2318 3255 2381 ontfangen

1361 2468 1449 2519 en
1490 2461 1618 2510 off
1656 2456 1786 2502 als
1828 2453 1955 2501 dan
1996 2453 2082 2499 d'
2123 2451 2335 2498 moors
2376 2439 2715 2494 scheepen
2756 2428 3011 2483 passen
3051 2419 3222 2473 ende
3262 2406 3433 2462 alle

1349 2556 1796 2618 quartieren
1839 2556 1929 2602 (:
1971 2553 2240 2602 sonder
2284 2545 2640 2596 mallacca
2680 2538 2817 2588 aen
2860 2534 2950 2582 te
2993 2529 3175 2579 doen

1354 2646 1790 2708 verlenen
1842 2637 2116 2688 mogen

1350 659 1526 711 Inde
1569 655 1788 701 mijne
1831 650 2094 699 vanden
2133 650 2270 698 10.
2312 654 2356 701 e
2399 655 2618 701 feb„r
2660 645 2880 700 hebbe
2923 645 3143 693 ued„e
3184 647 3494 696 aengess

1287 2858 1373 2909 De
1411 2854 1785 2908 pretensie
1825 2861 1949 2909 der
1991 2862 2528 2909 g'jntriseerde
2568 2865 2733 2911 vant
2770 2863 3227 2912 aengehaalde
3267 2864 3475 2910 moors

1318 2950 1679 3004 schipken
1724 2948 1814 2994 d'
1853 2939 2308 2995 Idroesijl:
2352 2937 2533 2984 daer
2577 2932 2713 2981 van
2756 2930 2938 2977 inde
2980 2926 3208 2976 mijne
3251 2923 3433 2974 vand

1361 3052 1466 3099 24
1514 3029 1931 3093 Januarij
1982 3021 2656 3074 gementioneert
2708 3018 3019 3067 staat)
3070 3009 3381 3062 hebben

1347 3118 1914 3187 g'annulleert
1960 3109 2150 3161 ende
2197 3107 2339 3154 hun
2386 3106 2812 3155 versoeck,
2858 3098 3379 3156 affgeslagen

1328 3230 1506 3288 mits
1546 3220 1724 3273 d'E:
1758 3203 2204 3263 geleijnss:
2246 3200 2422 3246 uijt
2463 3197 2727 3245 gamron
2770 3197 2946 3243 mijn
2989 3197 3164 3244 haer
3207 3185 3471 3241 eijgen

1345 3305 1859 3374 hantschrift
1904 3296 2416 3349 toegesonden
2463 3293 2695 3340 heeft
2741 3290 2928 3338 daer
2974 3286 3160 3335 mede
3205 3282 3486 3330 bekenn

1364 3414 1494 3463 ten
1536 3406 1798 3457 vollen
1841 3387 2405 3449 gecontenteert
2447 3385 2751 3433 vandaer
2795 3377 3230 3431 gescheijd:
3270 3372 3446 3424 sijn

1238 3601 1506 3659 nevens
1550 3597 1772 3645 desen
1816 3595 1906 3641 in
1948 3592 2217 3641 handen
2261 3592 2528 3640 vanden
2571 3596 2928 3643 schipper
2972 3588 3329 3644 Cornelis

1338 3694 1613 3749 govers
1656 3686 1838 3736 gaan
1882 3682 2019 3731 bij
2064 3678 2200 3725 een
2244 3673 2607 3722 gebonden
2652 3675 2698 3720 6
2743 3674 2924 3719 stx:
2967 3660 3332 3719 monsters

3341 3703 3395 3752 r

1337 3790 1470 3837 soo
1513 3785 1646 3833 van
1689 3775 1956 3829 rechte
1998 3770 2133 3820 als
2175 3764 2442 3813 cromme
2485 3758 2840 3808 houwers,
2883 3760 3061 3805 voor
3104 3759 3193 3805 d'
3237 3758 3370 3804 H=r

1338 3883 1818 3955 assalashan
1865 3881 2010 3928 ons
2057 3868 2585 3926 toegesonden
2631 3864 2968 3913 conform
3016 3857 3414 3907 welckers

1341 3992 1665 4052 fatsoen
1707 3980 1848 4034 hij
1891 3966 2308 4022 versoeckt
2353 3963 2492 4010 men
2536 3960 2768 4008 vande
2814 3953 3136 4004 fijnste
3181 3942 3461 3997 stoffe

1338 4092 1478 4140 met
1523 4083 1757 4136 goudt
1802 4068 2268 4126 g'amileert
2312 4065 2408 4112 (:
2452 4060 2594 4109 wel
2639 4054 3106 4104 verstaande
3151 4055 3431 4104 sonder

1340 4180 1614 4231 eenich
1658 4165 2162 4225 beeltwerck,
2206 4156 2481 4209 eenige
2524 4155 2617 4202 jn
2662 4145 3073 4198 nederlant
3118 4139 3392 4189 solden

1341 4265 1616 4324 willen
1661 4255 1934 4308 laaten
1978 4249 2297 4300 maacken
2341 4244 2479 4292 met
2524 4233 3023 4289 presentatie
3068 4228 3160 4278 d'
3203 4219 3480 4272 costen

1348 4354 1480 4403 van
1522 4346 1700 4398 dien
1743 4337 2008 4390 gaerne
2052 4337 2140 4382 t'
2181 4335 2448 4382 betael
2490 4332 2757 4380 jndien
2799 4337 3063 4387 uEd„ls
3105 4328 3284 4385 heen

2893 4488 3252 4543 Daer
