3553 4917
383 767 461 819 't
496 763 645 810 sijn
679 759 755 806 Nu
791 757 940 803 drie
976 751 1533 802 achtereenvolgen
1567 750 1788 805 Iaaren
1825 750 1899 795 de
1935 746 2158 794 Comp:e
2195 746 2416 793 alhier
2452 742 2786 793 persische
2822 741 3012 794 zijde

884 868 984 915 ter
1017 865 1183 913 verte
1216 863 1482 909 Gebracht
1514 864 1713 910 heeft,
1746 864 1813 911 't
1844 864 1978 911 sack
2011 863 2078 909 ao
2110 859 2276 908 1644:
2306 856 2409 903 met
2442 854 2773 902 aengenaeme
2805 851 3038 899 winsten

874 984 940 1035 't
972 988 1232 1035 verleden
1263 984 1394 1031 Jaer
1425 983 1491 1029 ao
1523 978 1686 1027 1645:
1717 971 1848 1022 heer
1879 968 2140 1015 weijnich
2171 968 2237 1014 en
2268 965 2367 1012 dit
2399 963 2821 1011 tegenwoordige
2853 962 2957 1013 met

880 1102 1053 1153 groot
1087 1098 1326 1146 verlies
1359 1096 1462 1142 als
1496 1092 1837 1141 bevindende
1869 1088 2007 1135 voor
2041 1087 2212 1135 eerst
2244 1084 2450 1136 22992:
2483 1081 2552 1126 lb
2585 1073 2961 1125 aengebracht

885 1218 1176 1266 maankende
1207 1218 1241 1265 a
1272 1220 1401 1266 125:
1433 1220 1498 1265 lb
1529 1219 1627 1265 per
1659 1217 1852 1265 picol,
1884 1215 2045 1262 18399
2077 1213 2110 1259 /
2140 1208 2335 1257 Cattij
2367 1208 2560 1254 alhier
2592 1209 2721 1254 uijt
2753 1208 3011 1254 gewoogen

882 1348 1079 1398 17970:
1111 1350 1308 1396 Cattij
1339 1345 1667 1394 onderwicht
1699 1346 1830 1392 423:
1862 1343 2059 1390 Cattij
2090 1342 2320 1389 Netfens
2353 1342 2549 1387 'tgene
2582 1342 2745 1390 ijder
2778 1342 2945 1390 Picol

883 1468 1078 1516 minder
1110 1469 1208 1514 als
1239 1470 1465 1516 incoops
1497 1471 1626 1517 Cost
1657 1472 1915 1519 rendeekt
1947 1471 2142 1519 tzamen
2172 1473 2239 1518 op
2269 1474 2335 1521 gl
2365 1476 2591 1523 109465:
2624 1477 2720 1522 —:-
2752 1475 3045 1522 verloren,

885 1584 958 1633 gl
991 1589 1204 1636 8850:—
1238 1584 1416 1632 sulcx
1450 1584 1521 1630 in
1555 1584 1944 1631 toecommende
1979 1585 2191 1631 sonder
2225 1585 2439 1631 Naeder
2473 1586 2650 1633 ordre
2685 1589 2791 1635 van
2826 1590 3062 1638 Batt„a

881 1700 1018 1750 geen
1050 1698 1453 1751 persiaensche
1487 1705 1655 1752 zijde
1688 1706 1823 1752 voor
1856 1707 2024 1752 Japon
2056 1706 2360 1758 ingecocht
2393 1712 2595 1758 dient,
2628 1712 2695 1757 de
2729 1712 2967 1762 Berchde

880 1818 1144 1864 vellekens
1172 1820 1261 1866 van
1289 1821 1407 1867 daer
1435 1822 1670 1870 behaelen
1698 1825 1933 1874 slechten
1962 1830 2108 1876 prijs
2137 1831 2196 1876 in
2225 1831 2431 1878 plaatse
2457 1832 2546 1879 dat
2576 1832 2634 1877 ao
2663 1832 2839 1878 pass:o
2867 1828 2927 1875 12
2956 1827 3018 1876 en

896 1947 961 1994 13
992 1946 1155 1995 maes,
1187 1950 1316 1996 zijn
1348 1950 1446 1996 als
1475 1950 1543 1997 nu
1572 1949 1672 1997 tot
1704 1949 1736 1994 5
1768 1948 1898 1994 ende
1930 1948 2028 1996 6=e
2059 1950 2189 1996 Maes
2221 1949 2512 1996 vercocht,
2544 1950 2642 1996 dat
2673 1951 2804 1997 noch
2835 1952 2997 2001 ruijm

890 2063 990 2110 een
1022 2063 1452 2112 Centavanceekt
1485 2064 1783 2112 weshalven
1815 2061 1915 2109 hoe
1947 2060 2047 2106 wel
2079 2062 2179 2108 bij
2211 2063 2278 2109 't
2309 2063 2641 2111 voorgaande
2672 2066 2806 2112 veel
2839 2065 2972 2111 ver„

885 2185 1153 2235 scheeld,
1185 2183 1386 2229 zullen
1418 2184 1652 2231 evenwel
1684 2184 1818 2230 voor
1851 2183 1918 2229 't
1951 2183 2284 2231 aenstaande
2315 2184 2549 2232 wederom
2582 2181 2716 2228 3000
2747 2181 2782 2227 p
2812 2178 2948 2225 ver„

1715 2248 1965 2297 „gelegen„

904 2304 1163 2350 wachten,
1195 2303 1325 2349 doch
1358 2302 1487 2348 alle
1519 2300 1683 2348 zwart
1713 2301 2071 2349 hoof„compt,
2102 2303 2167 2350 de
2200 2305 2459 2353 laackens
2491 2309 2621 2354 wijs
2652 2303 2913 2353 Bereijde

898 2425 1089 2473 vellen
1120 2425 1247 2471 sijn
1277 2424 1468 2471 gansch
1497 2423 1846 2471 Ondienstich
1877 2424 2035 2470 mogen
2066 2425 2194 2472 geen
2221 2425 2350 2473 drie
2379 2421 2508 2469 maes
2538 2418 2760 2465 chelden
2791 2415 3013 2462 wesende

905 2548 1044 2596 vrij
1078 2546 1285 2594 minder
1319 2545 1425 2591 als
1458 2548 1528 2593 't
1560 2548 1734 2596 halve
1768 2550 1906 2597 veld
1941 2552 2182 2600 incoops
2216 2552 2528 2602 costende,
2560 2544 2803 2595 Blijven
2837 2541 2941 2588 tot

898 2675 1036 2721 dato
1070 2673 1448 2720 onvercocht,
1482 2671 1793 2721 weshalven
1826 2676 1930 2722 die
1964 2676 2171 2723 geheel
2203 2672 2618 2721 affschrijven
2652 2677 2790 2723 ende
2820 2673 2969 2723 Geen

903 2796 1052 2844 ander
1082 2796 1527 2844 Coopmanschappen
1556 2798 1645 2844 als
1674 2797 1912 2844 geseijde
1941 2796 2061 2843 3000
2090 2799 2120 2844 p
2149 2800 2416 2846 vellekens
2445 2798 2535 2844 int
2564 2796 2742 2843 gemoet
2772 2796 2891 2843 hien
2918 2796 2979 2843 /.

1325 667 1537 728 hun

362 3003 484 3055 Van
524 3002 804 3057 Batavia
843 3004 1206 3054 schrijven
1244 3009 1525 3058 d'Ed:le
1564 3010 1806 3058 heeren
1844 3013 2046 3061 raden
2085 3016 2205 3063 van
2243 3015 2446 3063 India
2485 3013 2646 3059 alho
2685 3013 3047 3062 herwaerts

916 3135 984 3181 2:
1016 3133 1053 3180 ¼
1086 3127 1427 3176 alcatijven
1460 3126 1597 3173 ende
1631 3128 1734 3175 12:
1767 3131 1802 3177 p
1834 3132 2175 3183 persiaense
2209 3132 2380 3182 Soude
2413 3130 2720 3177 laackenen
2754 3130 2932 3179 onder

931 3247 1136 3293 andere
1170 3246 1274 3292 tot
1306 3243 1651 3293 schenkagie
1682 3246 2127 3299 Geprojecteert
2161 3254 2469 3301 gesonden,
2503 3255 2572 3300 de
2603 3251 3016 3300 Bevolluheijt

920 3370 1017 3417 van
1049 3370 1178 3416 dien
1209 3372 1305 3419 uE:
1337 3374 1369 3419 t
1400 3374 1753 3425 advijseren,
1784 3380 1880 3425 Its
1912 3379 2009 3425 den
2040 3378 2201 3427 zulcx
2232 3382 2616 3430 d'accatijven
2648 3385 2744 3430 die
2776 3385 3044 3441 rurlijck

939 3485 1161 3535 gemaact
1193 3489 1478 3538 aengenaem
1508 3489 1795 3538 schijnen:
1826 3494 1953 3542 maer
1984 3497 2049 3545 de
2079 3502 2237 3548 Goude
2269 3503 2555 3555 laackenen
2585 3510 2681 3556 van
2712 3510 2998 3560 Cleijnder

933 3611 1174 3665 waarden
1206 3613 1274 3661 zo
1307 3615 1375 3661 om
1408 3615 1476 3661 de
1509 3614 1712 3662 Bloem.
1744 3617 1947 3663 Coleur
1979 3619 2115 3668 ofte
2147 3624 2384 3678 vronden
2416 3633 2518 3679 als
2551 3634 2653 3681 van
2685 3637 3059 3695 ondienstigh

935 3725 1182 3772 Breete,
1213 3724 1428 3773 hoewel
1462 3724 1710 3771 Gelijck
1743 3728 1991 3781 geseght
2024 3738 2447 3792 d'accatijven
2481 3748 2587 3795 tot
2621 3751 3010 3800 schenckagie

932 3846 1218 3896 dienstich
1248 3849 1409 3896 zijn,
1440 3848 1504 3893 zo
1535 3846 1600 3892 is
1631 3847 1854 3895 evenwel
1885 3851 2012 3897 niet
2043 3852 2266 3905 Noodich
2297 3860 2392 3907 tot
2424 3862 2583 3910 nader
2614 3866 2869 3913 bescheet
2900 3868 3029 3917 uijt

938 3970 1196 4018 Battavia
1228 3971 1325 4017 van
1356 3971 1517 4018 d'een
1549 3972 1678 4018 noch
1710 3972 1935 4020 d'ander
1967 3971 2096 4017 zoon
2127 3973 2193 4019 te
2224 3975 2546 4026 aenbestelt
2577 3982 2804 4030 werden,
2834 3986 2899 4033 om
2931 3988 3031 4039 dat

936 4084 1078 4134 voor
1112 4090 1394 4137 weijnith
1429 4090 1640 4138 daagen
1676 4093 1781 4140 den
1816 4095 2168 4146 Gouverneur
2203 4101 2309 4147 een
2343 4098 2803 4147 Beschrijvinge
2836 4097 3014 4147 vande

1569 380 2016 440 Achtbaere
2063 396 2310 446 wijse
2358 396 2949 446 voorsienighe

1583 507 1782 556 zeer
1820 506 2227 555 discrete
2272 508 2575 556 heere:

2338 4315 2616 4373 Bese
2679 4312 2961 4368 end.

2845 4258 2896 4306 tr

2797 231 2967 280 662
