3458 4869
2352 927 2569 976 1053

2329 1039 2518 1098 1050

758 1160 880 1207 wij
920 1160 1322 1207 ondergess.
1360 1159 1523 1206 alle
1563 1156 1643 1202 In
1683 1153 1965 1201 dienste
2005 1153 2126 1198 der
2166 1153 2608 1204 vereenichde

767 1241 1104 1289 Nederlantse
1134 1237 1564 1286 g'octroijeerde
1594 1237 1962 1287 oostindische
1993 1239 2177 1287 Compe.
2206 1237 2299 1283 een
2329 1236 2453 1282 yder
2481 1236 2548 1284 in

765 1322 891 1369 sijn
923 1323 1176 1369 qualite,
1206 1320 1492 1367 verclaren
1523 1319 1619 1365 ten
1649 1320 1934 1365 versoecke
1965 1320 2061 1367 van
2091 1323 2125 1368 e
2154 1324 2314 1372 Coopl
2342 1323 2503 1373 dircq

759 1405 1031 1453 sarcerius
1061 1404 1182 1450 ende
1212 1401 1394 1449 Gillis
1424 1399 1515 1445 van
1545 1396 1817 1444 dulcquen,
1848 1397 2150 1443 mitsgad=rs
2180 1398 2271 1444 den
2301 1398 2546 1446 schipper

762 1488 924 1541 dirck
955 1483 1243 1532 Cornelisz
1275 1484 1402 1529 Haen
1434 1482 1561 1529 ende
1593 1480 1976 1527 onderCoopman
2007 1481 2263 1528 Nicolaes
2293 1483 2390 1529 van
2422 1483 2533 1528 der

760 1565 956 1615 Cappen
988 1563 1086 1609 bij
1119 1560 1249 1607 onse
1281 1558 1444 1605 manne
1475 1557 1769 1603 waerheijt
1802 1557 1867 1603 in
1899 1558 2094 1604 plaets
2127 1558 2257 1604 ende
2290 1559 2455 1609 onder

758 1640 1121 1692 presentatie
1154 1640 1253 1686 van
1286 1639 1418 1685 Eede
1451 1637 1583 1684 (des
1615 1636 1748 1682 noot
1780 1637 2010 1685 zijnde)
2043 1639 2142 1684 hoe
2175 1639 2307 1685 waer
2339 1640 2406 1686 is
2438 1641 2541 1689 dat

765 1722 861 1770 wij
892 1720 985 1767 jnt
1016 1718 1328 1765 affbranden
1360 1717 1516 1763 van't
1546 1717 1609 1763 't
1640 1718 1796 1764 Jacht
1827 1719 1890 1765 d'
1921 1719 2233 1769 schelvisch
2264 1724 2359 1770 ter
2389 1723 2584 1771 rheede

758 1804 872 1852 van
910 1802 1209 1850 Bassora,
1246 1800 1359 1847 bij
1394 1800 1547 1847 gen:
1583 1800 1996 1850 Requiranten
2032 1805 2333 1852 (vermits
2369 1808 2557 1855 haere

767 1888 837 1935 in
870 1884 1144 1932 potentie
1178 1883 1314 1929 door
1348 1883 1725 1932 verbranth=t
1758 1888 2032 1938 ontstaen
2066 1894 2134 1939 en
2168 1894 2476 1941 oversulcx
2508 1894 2580 1940 om

758 1966 977 2015 selffs
1013 1964 1232 2011 eenige
1268 1962 1560 2009 toesicht
1596 1962 1669 2008 te
1704 1962 1923 2009 connen
1960 1964 2142 2012 nemen
2178 1967 2543 2017 onbequaem)

753 2043 1088 2095 gemandeert
1120 2044 1320 2090 sijnde
1353 2044 1486 2090 omme
1520 2044 1619 2090 soo
1653 2044 1853 2091 doenl.
1881 2043 2019 2092 alle
2051 2045 2384 2095 d'cleeden,
2417 2050 2551 2097 Con

751 2129 949 2177 tanten
980 2126 1112 2174 &t=a
1143 2123 1210 2170 in
1242 2123 1407 2168 gen:e
1438 2124 1602 2170 Jacht
1635 2124 1929 2171 gescheept
1961 2126 2028 2171 te
2059 2127 2387 2176 salveeren,
2419 2129 2551 2175 niet

753 2211 956 2260 anders
989 2209 1091 2255 als
1124 2207 1192 2253 't
1224 2205 1427 2252 geenne
1461 2204 1663 2250 voorn:
1696 2204 2067 2253 Requiranten
2100 2209 2235 2256 door
2268 2211 2369 2258 ons
2403 2213 2504 2259 ter

754 2298 900 2347 hant
934 2289 1191 2342 gestelt
1227 2286 1336 2334 is,
1372 2283 1590 2330 hebben
1626 2283 1845 2329 bergen
1880 2285 2026 2332 ende
2062 2287 2317 2335 crijgen
2353 2288 2608 2338 connen,

754 2380 985 2429 'twelck
1018 2379 1150 2425 oock
1182 2376 1283 2424 (om
1314 2374 1415 2421 soo
1448 2373 1514 2419 te
1546 2370 1877 2417 spreecken)
1910 2371 2010 2416 met
2042 2370 2241 2417 horten
2274 2372 2341 2419 en
2373 2376 2606 2427 stooten

750 2465 1109 2515 (oorsaecke
1144 2464 1216 2511 de
1251 2462 1467 2509 mooren
1503 2461 1611 2507 met
1646 2462 1969 2508 honderden
2005 2461 2185 2508 (waer
2219 2461 2400 2508 onder
2433 2462 2583 2512 mede

751 2551 1065 2605 diversche
1098 2547 1204 2595 des
1239 2543 1622 2592 gouverneurs
1656 2544 1762 2590 van
1796 2546 2075 2594 Bassoras
2109 2549 2388 2596 grooten)
2422 2545 2597 2595 ditto

745 2636 938 2688 Jacht
975 2634 1090 2680 met
1126 2631 1318 2679 haere
1355 2627 1774 2676 vaertuijgen
1812 2628 1888 2673 om
1925 2628 2268 2677 singelden
2306 2630 2382 2676 en
2419 2629 2536 2676 ons

755 2718 904 2771 (die
939 2716 1049 2762 een
1083 2715 1267 2761 swack
1302 2713 1558 2759 hoopjen
1594 2713 1703 2758 van
1739 2712 2067 2758 persoonen
2103 2712 2176 2758 en
2212 2713 2545 2768 oversulcx

748 2809 938 2864 tegen
972 2804 1088 2853 soo
1124 2799 1351 2849 groote
1388 2797 1726 2844 meenichte
1764 2797 1914 2842 niet
1951 2797 2326 2845 resistabel
2364 2799 2592 2847 waeren

730 2896 832 2948 met
864 2891 1029 2940 slaen
1061 2889 1291 2936 stooten
1323 2888 1390 2933 en
1422 2885 1620 2932 eenige
1653 2885 1949 2931 overboort
1981 2885 2047 2930 te
2079 2880 2277 2929 setten
2309 2875 2442 2924 daer
2473 2865 2607 2918 uijt

740 2979 955 3028 dreven
990 2977 1062 3023 en
1098 2973 1277 3021 alsoo
1312 2972 1384 3018 't
1420 2969 1742 3017 eenichste
1777 2965 2064 3013 beletsel
2099 2963 2207 3009 van
2242 2958 2493 3007 meerder
2529 2954 2603 3003 te

756 3059 984 3106 connen
1020 3055 1363 3104 salveeren
1400 3054 1553 3101 sijn
1586 3050 1894 3101 geweest)
1930 3045 2235 3095 geschiet
2271 3038 2387 3088 is,

736 3177 838 3229 Tot
867 3170 970 3219 een
1001 3164 1235 3215 teecken
1266 3163 1367 3209 dan
1401 3162 1467 3208 't
1499 3158 1666 3207 geene
1697 3153 1931 3202 voorsz.
1964 3152 2262 3198 soodanich
2296 3150 2627 3198 gepasseert
2658 3148 2697 3195 t

743 3254 846 3304 sij
878 3248 1083 3298 hebben
1116 3248 1286 3293 desen
1318 3246 1489 3293 onder
1521 3243 1896 3291 presentatie
1930 3242 2031 3288 als
2065 3241 2235 3288 boven
2268 3239 2371 3287 met
2403 3236 2676 3284 eijgener

747 3331 911 3380 hant
951 3327 1318 3374 teeckenen
1358 3326 1521 3373 ende
1560 3324 1847 3372 mercken
1884 3325 2456 3378 onderteeckent/

632 3470 748 3539 In
800 3458 1181 3513 Bassora
1234 3449 1508 3502 Desen

1696 3451 2074 3513 Januarij
2119 3449 2261 3497 Ao.
2306 3454 2446 3503 xvj

740 3560 1360 3610 sessenveertich

1858 3566 2187 3617 michiel
2233 3561 2521 3611 wilius

1808 3664 2122 3717 Gerrit
2174 3651 2588 3709 Waterman

1693 3764 2073 3826 Johannes
2120 3754 2591 3810 Schaelkens

1785 3829 2129 3880 Leendert
2171 3825 2565 3876 pietersen

1793 3899 2031 3946 Pieter
2069 3901 2545 3958 hendrijcksen

1803 3963 1984 4016 mies
2027 3963 2434 4026 pietersen

1815 4033 2030 4082 gerrit
2065 4038 2353 4093 Laeckens

1348 4134 1435 4181 dit
1463 4135 1522 4180 is
1549 4136 1609 4183 't
1636 4140 1781 4188 merck
1808 4143 1895 4189 van
1920 4137 2155 4187 Cornelis
2182 4132 2242 4181 de
2268 4121 2443 4174 graeff

1848 4181 2185 4232 Rudolius
2224 4173 2566 4227 groharet

1343 4246 1423 4294 dit
1448 4245 1502 4290 is
1526 4246 1579 4292 't
1604 4246 1737 4294 merck
1761 4251 1842 4300 van
1864 4256 2048 4314 Hendrig
2072 4270 2099 4316 V
2124 4269 2333 4317 Tgunensz

1550 4360 1843 4427 Jasper
1883 4390 2278 4472 Jeronsen

1525 4462 1798 4519 kasper
1842 4471 2115 4524 vereen

315 3780 427 3831 dit
464 3786 538 3832 is
575 3786 649 3831 't
685 3783 871 3831 merck
907 3781 1019 3828 van
1054 3775 1167 3826 Jan
1203 3775 1502 3823 Theunisz

8 3166 86 3265 Sve

41 3274 84 3321 e

40 3335 65 3381 e

44 3389 65 3434 e

63 3471 94 3518 x

122 3624 162 3672 e

103 3384 171 3466 test

91 3165 165 3253 eijde
