3573 4835
2854 351 3036 405 745

413 313 601 378 Jalio
637 311 674 356 a
711 310 786 356 o.
821 307 969 354 1646

917 432 1103 482 liet,
1139 439 1398 485 twelcke
1434 440 1842 491 bemerckende
1878 444 2250 506 versochten
2284 463 2398 514 dat
2432 471 2580 525 mogh
2617 479 2803 528 thuys
2839 483 2987 534 gaen

901 549 1028 603 daer
1057 558 1182 604 vrij
1213 558 1307 604 wat
1338 559 1401 605 te
1431 561 1557 606 doen
1587 562 1775 609 hadden
1805 562 1930 609 ende
1961 562 2181 614 wachten
2210 570 2306 622 tot
2334 579 2430 629 een
2459 585 2616 633 goede
2646 589 2740 636 tyt
2770 591 2896 639 was,
2926 588 3052 638 omme

888 671 959 720 de
993 673 1171 720 mai:t
1206 675 1242 720 t
1276 671 1665 720 Sombaeijen,
1700 671 1806 717 dat
1841 667 2018 717 seyde
2053 667 2336 720 soudende
2370 675 2443 725 en
2476 682 2761 742 Jnvougen
2793 699 3006 758 onver„

865 793 900 839 „
929 786 1343 838 richtersaken
1375 791 1478 837 ter
1512 792 1682 838 logie
1715 788 1921 836 quamen
1954 789 2090 834 ende
2124 788 2227 833 ons
2260 788 2465 836 aldaer
2498 792 2703 841 besigh
2735 798 2977 859 hielden

912 909 1120 960 Inde
1171 904 1639 955 negotie/.

792 1032 1179 1094 namiddaghs
1215 1030 1411 1077 compt
1450 1025 1837 1076 ongadinghs
1875 1024 2069 1072 Cap„t
2106 1025 2262 1076 ende
2301 1030 2651 1077 schrijver
2687 1033 2804 1081 met
2842 1037 2997 1090 nogh

864 1152 1098 1204 partije
1129 1142 1297 1197 bijde
1329 1140 1463 1187 uijt
1495 1138 1696 1186 'thoff
1727 1135 1795 1183 op
1827 1131 2195 1181 afscortinge
2227 1136 2395 1182 van't
2425 1137 2693 1188 Coninghs
2725 1143 2927 1195 schult

913 1262 1341 1311 voorgevende
1379 1255 1651 1305 weynigh
1689 1250 1846 1299 meer
1884 1246 2039 1293 voor
2077 1245 2195 1292 ons
2233 1247 2544 1298 vertrecq
2582 1253 2660 1300 te
2698 1255 2976 1314 bekomen

916 1363 1132 1411 wesen
1175 1360 1309 1409 sal

657 1483 801 1535 adij
835 1481 977 1529 29:e
1010 1473 1118 1525 d:o
1153 1471 1224 1518 's
1259 1471 1506 1516 morgens
1540 1469 1964 1518 vervongenons
1999 1469 2247 1517 wederom
2280 1470 2599 1517 teneijnde
2634 1470 2916 1521 voors.:s
2951 1475 3022 1521 te

906 1581 1097 1635 hove,
1134 1578 1362 1626 alwaer
1400 1571 2046 1624 terstontandientie
2082 1570 2425 1621 verkregen
2462 1577 2652 1626 vande
2689 1578 2806 1629 mai
2839 1586 2924 1633 /:

910 1706 1138 1761 welcke
1175 1699 1289 1749 ons
1326 1693 1704 1742 nagewoonte
1738 1690 1818 1738 op
1854 1681 2120 1733 matjens
2157 1679 2234 1725 de
2271 1680 2347 1727 de
2384 1678 2800 1726 nedersitten
2837 1679 2989 1734 ende

896 1828 1006 1876 met
1043 1824 1227 1873 eeten
1263 1820 1410 1867 ende
1445 1809 1741 1864 drincken
1777 1807 2071 1856 onthalen
2107 1805 2219 1852 als
2253 1797 2512 1849 wanneer
2549 1797 2659 1843 ons
2696 1798 3028 1859 aenseggen

921 1946 1083 1994 lyes
1123 1939 1609 1991 gemercuseren
1648 1934 1932 1983 moesten
1972 1930 2175 1979 synen
2214 1923 2458 1974 debeth
2498 1915 2740 1967 inbyde
2781 1912 2903 1961 met

909 2065 1166 2112 voldoen
1201 2059 1386 2108 coste
1422 2053 1827 2103 onaengesien
1861 2045 2192 2100 desselffs
2228 2042 2376 2091 groo
2411 2041 2523 2088 ten
2559 2041 2743 2088 veele
2779 2039 3000 2087 forcen

904 2179 1108 2229 hadde
1149 2177 1556 2227 aengedaen,
1595 2172 1760 2221 mett
1798 2168 1922 2215 hun
1962 2163 2085 2212 van
2124 2159 2288 2208 hare
2327 2153 2817 2202 qualiteijten
2857 2152 3021 2200 ende

887 2309 1233 2361 middelen
1275 2304 1406 2353 als
1448 2298 1708 2348 anders
1750 2284 2268 2342 t'ontbloten,
2311 2282 2483 2329 waer
2523 2268 2914 2327 vanmeende
2957 2268 3056 2317 dE

840 2434 1377 2497 principaelst
1417 2421 1731 2480 oorsake
1772 2418 1908 2465 was
1952 2412 2263 2463 desobre
2307 2405 2530 2456 teelt
2570 2396 2796 2448 desen
2838 2385 3018 2439 Jare

880 2567 1033 2617 door
1069 2568 1146 2615 de
1184 2558 1450 2613 sterffe
1487 2552 1602 2602 der
1639 2545 1906 2596 wormen,
1943 2543 2133 2589 sulcx
2171 2539 2589 2589 beschadight
2627 2532 2854 2584 bleeff
2890 2527 3007 2577 als

902 2698 1059 2751 voor
1096 2691 1213 2741 dit
1251 2687 1406 2735 mael
1443 2680 1599 2730 geen
1636 2674 1830 2724 ander
1868 2668 2139 2718 Remedie
2177 2663 2294 2713 tot
2327 2662 2755 2712 voldoeninge
2793 2661 3027 2709 weten:

902 2824 1045 2876 maer
1079 2814 1289 2867 souden
1323 2809 1604 2859 trachten
1638 2804 1988 2855 deresteren
2023 2801 2199 2850 sijde
2232 2798 2338 2844 aen
2371 2791 2792 2843 d'overblyven
2827 2790 3072 2837 vrunden

892 2951 1041 3004 jnde
1073 2944 1186 2995 8:e
1218 2935 1367 2986 mane
1402 2932 1476 2979 te
1510 2929 1767 2977 voldoen
1803 2927 1876 2973 hy
1912 2924 2095 2972 hadde
2130 2923 2240 2968 tot
2274 2914 2677 2968 schenckagie
2711 2911 2858 2960 voor
2894 2910 3015 2958 den

907 3073 1225 3143 Coningh
1270 3069 1407 3117 van
1449 3062 1679 3114 China
1723 3060 1861 3107 400
1905 3049 2224 3104 hocknis
2267 3035 2678 3093 doenmaken
2723 3029 3043 3079 waermed

908 3206 1071 3254 veel
1111 3203 1315 3250 witte
1355 3198 1518 3247 syde
1557 3192 1844 3242 gespilt
1882 3183 2087 3234 hadde
2128 3176 2453 3228 invongen
2493 3172 2657 3221 nogh
2693 3168 2862 3216 maer
2900 3171 3022 3226 19½

848 3334 1024 3394 pack
1066 3323 1492 3376 invoorraet
1529 3317 1704 3365 was,
1742 3316 1960 3363 vande
2002 3313 2257 3362 welcke
2300 3311 2385 3358 5o
2427 3298 2853 3356 mbetalinge
2894 3290 3025 3341 ons

2764 3411 3014 3465 te

890 3458 1322 3519 toevechden
1364 3449 1792 3501 mitsgaders
1831 3446 1964 3494 tot
2006 3446 2434 3495 vereeringe

905 3596 1111 3645 weten
1152 3592 1358 3641 aende
1398 3577 1769 3636 gouvern:r
1807 3572 1891 3620 in
1930 3569 2261 3617 Jaijouam
2302 3560 2467 3615 ende
2504 3553 2589 3603 S:
2630 3544 3082 3600 broeckhorst

899 3712 973 3759 2.
1010 3714 1232 3760 Packen
1269 3714 1417 3760 ofte
1453 3711 1565 3759 een
1601 3706 1713 3755 p:l
1747 3702 1897 3750 naet
1932 3699 2267 3747 eijndigen
2303 3695 2415 3743 van
2452 3693 2674 3739 welcke
2709 3688 2971 3739 redenen

910 3825 1045 3876 voor
1078 3830 1312 3877 dwoegen
1345 3827 1679 3876 tenaensien
1712 3824 1813 3872 den
1844 3817 2080 3868 Coninck
2113 3816 2180 3861 nu
2213 3813 2347 3860 twee
2380 3811 2547 3858 Jaren
2578 3807 2681 3856 ten
2713 3803 2915 3852 achter
2947 3802 3021 3847 is

897 3948 1154 4005 gebleven
1186 3948 1314 3994 waer
1346 3949 1474 3995 door
1504 3944 1634 3994 groo
1664 3940 1729 3987 te
1759 3930 2113 3985 schadelyden
2144 3926 2272 3974 ende
2303 3924 2368 3970 de
2398 3916 2624 3969 grooten
2655 3908 2815 3959 deses
2845 3898 2975 3952 land
3003 3893 3039 3940 &

2599 4049 2932 4119 veele
