3580 4883
1565 1078 1865 1126 consumeren,
1891 1079 2192 1125 verlopende,
2219 1080 2328 1126 ende
2355 1081 2709 1127 muijtinerende
2736 1082 2981 1130 dagelijck
3009 1085 3118 1130 sijn
3145 1086 3281 1132 volcq
3308 1087 3417 1135 door

1554 1168 1878 1219 mancquement
1907 1165 1996 1212 van
2024 1163 2290 1210 betalinge
2319 1163 2642 1212 eijntelijck
2671 1167 3053 1215 genoodtsaeckt
3083 1170 3142 1215 is
3171 1169 3407 1217 gewerden

1556 1256 1706 1304 vande
1735 1253 2064 1300 belegeringh
2092 1251 2153 1296 te
2182 1248 2512 1297 desisteren,
2542 1252 2632 1298 Int
2661 1253 2871 1299 Jonghst
2900 1254 2990 1299 van
3020 1254 3259 1299 december
3288 1253 3424 1299 sijn

1551 1347 1694 1399 volcq
1721 1345 1779 1392 op
1807 1344 1863 1389 te
1889 1341 2003 1388 doen
2031 1338 2284 1386 breecken,
2311 1337 2425 1383 ende
2453 1338 2565 1384 naer
2593 1339 2902 1384 mansiuwacke
2930 1339 2958 1384 l
2987 1339 3043 1385 s'
3069 1339 3268 1386 Compj=s
3295 1342 3408 1387 dorp

1553 1430 1829 1484 refireren,
1856 1428 1938 1474 van
1964 1425 2075 1473 waer
2102 1423 2212 1469 oocq
2239 1423 2376 1469 corts
2403 1425 2513 1470 daer
2540 1426 2649 1471 naer
2676 1426 3033 1473 gedelogieert,
3059 1428 3169 1473 ende
3196 1428 3305 1475 seer
3333 1430 3417 1476 mal

1560 1518 1760 1570 confent
1788 1514 1959 1562 overd'
1987 1512 2159 1558 sobere
2186 1514 2443 1563 beloninge
2471 1517 2558 1564 hun
2585 1519 2785 1565 s'weghs
2814 1518 3099 1564 vertrocken
3127 1518 3270 1564 sijn,
3298 1518 3442 1563 blij

1550 1611 1671 1663 maer
1700 1604 1907 1655 eenigen
1936 1602 2055 1648 hier
2084 1601 2203 1647 ende
2231 1602 2351 1649 daer
2379 1605 2527 1654 landt
2556 1609 2704 1656 waert
2734 1609 2823 1656 In,
2851 1607 2970 1653 omme
3000 1605 3416 1652 d'principaelft

1551 1694 1793 1750 passagien
1819 1692 1978 1739 beset,
2004 1690 2111 1737 ende
2138 1690 2218 1735 ons
2244 1691 2432 1739 buijten
2457 1695 2644 1742 toevoer
2669 1697 2750 1743 ten
2774 1696 3042 1743 meerendeel
3069 1696 3123 1741 te
3148 1697 3335 1746 houden,
3361 1701 3423 1749 de

1551 1792 1661 1840 oocq
1684 1783 1983 1835 eijntelijck
2010 1782 2281 1828 gecesseert
2307 1783 2389 1829 is,
2415 1784 2550 1830 tgene
2577 1785 2632 1831 nu
2658 1786 2928 1832 geduerende
2954 1784 3333 1832 d'belegeringh,
3358 1784 3422 1832 en

1546 1876 1821 1931 besettingh
1847 1874 1903 1920 in
1930 1872 2176 1919 diversche
2203 1873 2531 1921 occurrentien
2558 1876 2913 1924 voorgevallen,
2939 1877 3022 1923 wat
3049 1877 3350 1924 uijttochten
3377 1880 3407 1925 e

1547 1965 1962 2019 schermutsingen
1991 1963 2051 2009 op
2079 1962 2170 2008 den
2198 1963 2377 2010 viandt
2406 1965 2555 2013 onder
2584 1969 2762 2016 nomen,
2791 1972 3058 2018 hoedanigh
3087 1966 3419 2016 d'uijtcomst

1548 2057 1670 2105 daer
1699 2053 1791 2101 van
1820 2049 2062 2097 geweest,
2092 2049 2182 2095 wat
2212 2050 2605 2100 gefabriceerde
2635 2056 2756 2103 ende
2785 2057 3178 2105 onrechtmatige
3207 2053 3421 2101 aensouc

1515 2150 1739 2210 kingen,
1763 2146 1848 2193 als
1875 2141 2150 2190 pretentien
2177 2141 2287 2186 door
2315 2140 2398 2186 den
2425 2141 2618 2189 conincq
2644 2145 2755 2193 ende
2781 2148 2947 2196 andere
2974 2151 3166 2197 gedaen,
3192 2148 3304 2196 ende
3329 2140 3414 2192 bij

1542 2248 1630 2296 ons
1656 2244 1773 2293 daer
1801 2243 1860 2289 op
1888 2240 2234 2288 g'antwoordt,
2262 2238 2378 2285 ende
2406 2238 2695 2287 verhandelt
2723 2242 2810 2288 is,
2838 2241 3213 2289 dienaengaende
3240 2237 3328 2285 sal
3354 2233 3417 2280 in

1540 2346 1680 2395 desen
1705 2339 1819 2389 geen
1846 2333 2042 2383 verhael
2070 2331 2209 2378 doen,
2237 2330 2348 2376 maer
2376 2330 2460 2376 mij
2488 2331 2572 2377 tot
2599 2332 2656 2378 t'
2683 2334 2963 2381 Ingeleijde
2989 2334 3185 2382 extract
3213 2331 3325 2378 uijt

1536 2433 1832 2490 t'gehouden
1860 2429 1979 2477 dagh
2006 2425 2244 2474 register
2272 2426 2421 2472 deses
2448 2428 2713 2476 casteels,
2742 2429 2860 2475 omme
2889 2425 3242 2474 prolixiteijt
3270 2418 3418 2469 sevit

1536 2533 1759 2590 gedrage,
1785 2526 1897 2577 daer
1923 2522 2008 2570 bij
2034 2521 2063 2566 v
2090 2520 2173 2565 Ed:
2200 2519 2339 2565 alles
2367 2519 2533 2566 large,
2560 2521 2671 2567 ende
2698 2522 3058 2570 omstandelijcq
3085 2523 3251 2570 sullen
3279 2518 3418 2568 gelie

1535 2641 1593 2687 te
1620 2630 1848 2685 beoogen,
1874 2624 1989 2673 ende
2017 2620 2159 2668 onder
2187 2618 2386 2664 anderen
2411 2616 2499 2663 wel
2528 2616 2698 2663 cunnen
2726 2618 2812 2665 aff
2839 2621 2982 2668 meten
3009 2623 3095 2669 van
3122 2625 3208 2670 wat
3236 2622 3408 2671 gheeft

1540 2730 1627 2779 den
1654 2720 1880 2773 Conincq,
1906 2716 1992 2765 die
2020 2711 2330 2760 genoughsaem
2358 2710 2443 2756 bij
2471 2710 2584 2756 sijn
2611 2710 2809 2759 eijghen
2837 2715 3118 2766 schrijvens
3147 2718 3404 2766 aenwijst,

1546 2826 1628 2872 een
1654 2814 1957 2870 voorstander
1982 2810 2066 2857 van
2092 2807 2312 2854 schelmen
2339 2806 2449 2852 ende
2476 2806 2641 2852 rovers
2667 2807 2722 2853 te
2749 2808 2888 2856 sijn,
2913 2811 3133 2857 gedreven
3159 2810 3324 2857 werdt,
3349 2807 3413 2855 nu

1539 2909 1711 2965 echter
1738 2903 1937 2953 blijven
1964 2899 2078 2948 noch
2106 2898 2191 2944 van
2218 2896 2473 2943 gevoelen,
2501 2896 2615 2942 dees
2643 2898 2898 2946 ruineusen
2925 2901 3123 2947 handel,
3150 2898 3264 2946 ende
3292 2894 3407 2942 ver

1517 2995 1829 3052 woestende
1858 2986 2108 3038 exactien
2138 2985 2418 3032 (werdende
2448 2985 2573 3033 daer
2604 2988 2729 3033 door
2759 2989 3163 3035 d'Inwoonderen
3191 2987 3318 3035 meer
3348 2986 3413 3034 en

1546 3091 1670 3142 meer
1699 3081 1946 3134 verarmt,
1976 3079 2099 3126 ende
2129 3077 2376 3123 d'landen
2406 3077 2498 3122 van
2529 3077 2652 3124 hare
2682 3079 2959 3127 Incomsten
2989 3077 3389 3128 gefrustreert.

1536 3181 1698 3235 sulcx
1726 3173 1826 3224 bij
1856 3166 2049 3216 mijnen
2081 3165 2370 3212 Jonghsten
2401 3164 2498 3211 aen
2530 3164 2562 3209 v
2594 3164 2691 3209 Ed:
2722 3163 3075 3214 wijtlopiger
3107 3163 3399 3214 gementio

1511 3275 1713 3333 neert)
1737 3265 1855 3317 niet
1881 3253 2227 3309 continueren,
2256 3251 2370 3298 maer
2398 3250 2513 3296 sich
2542 3251 2600 3297 In
2628 3252 2800 3299 corten
2828 3254 2914 3301 (te
2943 3256 3058 3303 meer
3085 3257 3144 3303 d'
3171 3253 3403 3302 Neijcken

1547 3367 1671 3417 ende
1698 3353 1944 3410 d'Mooren
1972 3348 2066 3396 den
2094 3344 2431 3392 aengevangen
2461 3344 2675 3390 oorlogh
2704 3344 2888 3391 tegens
2918 3346 3011 3392 den
3039 3345 3284 3394 Conincq,
3313 3338 3410 3388 die

1543 3457 1605 3509 nu
1630 3443 1862 3499 buijtten
1889 3435 2148 3487 vermogen,
2175 3432 2291 3479 ende
2319 3431 2377 3477 In
2405 3430 2749 3478 d'uijtterste
2776 3434 3120 3484 extremiteijt
3148 3434 3419 3483 vervallen

1546 3543 1634 3595 met
1659 3534 1803 3586 ernst
1829 3524 2169 3578 vervolgende,
2197 3521 2310 3568 ende
2338 3519 2423 3566 dat
2451 3519 2621 3564 ooghen
2649 3520 2875 3571 schijnl:
2902 3526 2959 3573 d'
2987 3528 3298 3576 contramines
3324 3526 3413 3576 van

1547 3619 1914 3680 boosaerdigen
1944 3609 2220 3663 Chinanna,
2249 3606 2342 3653 als
2371 3605 2556 3651 sijnde
2586 3607 2709 3654 oocq
2738 3610 2891 3658 meest
2921 3613 3105 3662 teinde
3135 3618 3319 3663 macht,
3349 3618 3416 3665 en

1549 3712 1804 3767 middelen,
1830 3705 1945 3755 niet
1972 3700 2085 3749 meer
2113 3695 2367 3745 soodanigh
2395 3695 2481 3741 aff
2508 3696 2564 3742 te
2593 3697 2791 3747 wachten
2818 3702 3016 3751 hebben)
3043 3707 3157 3752 over
3184 3708 3269 3753 een
3297 3705 3411 3753 favo

1519 3802 1804 3863 rabelder
1832 3795 1991 3845 bough
2021 3789 2210 3839 wenden
2240 3786 2460 3834 sullen,
2490 3785 2680 3831 sijnde
2710 3787 2805 3834 ons
2835 3789 2962 3836 oogh
2992 3791 3087 3839 wit
3117 3795 3399 3841 doorgaens

1526 3890 1773 3946 geweest,
1803 3885 1927 3934 niet
1957 3882 2080 3929 omme
2109 3874 2388 3926 s'Compj=s
2418 3873 2633 3921 negotie
2664 3876 2849 3923 simpel
2879 3879 3002 3926 ende
3033 3881 3095 3928 op
3125 3883 3218 3930 den
3248 3885 3403 3935 ouden

1544 3984 1650 4031 voet
1673 3979 1755 4027 van
1779 3972 1939 4023 vorige
1964 3971 2150 4018 tijden,
2175 3968 2281 4015 naer
2307 3967 2755 4017 d'onversadelijcke
2781 3972 3072 4022 begheerten,
3096 3976 3203 4022 ende
3229 3972 3415 4021 perinci

1542 4064 1886 4126 besnoeingen
1917 4062 2010 4108 van
2041 4057 2321 4106 chinanna,
2351 4056 2476 4103 maer
2507 4058 2569 4104 In
2600 4059 2910 4108 aenstaende
2941 4063 3252 4110 opulenter,
3283 4066 3407 4112 pro

1533 4157 1858 4214 gressijver,
1887 4151 2006 4200 ende
2034 4143 2420 4194 onbecommerder
2448 4144 2507 4190 te
2537 4144 2922 4196 frequenteren,
2950 4151 3069 4199 daer
3098 4154 3187 4199 toe
3216 4151 3307 4198 een

2132 779 2363 826 Twee
2419 774 2823 825 willine
2863 775 3281 828 droeden

1860 333 2327 393 Coromandel

3050 342 3252 394 1646

1881 450 2022 498 Copir
2049 447 2245 495 missive
2273 445 2385 492 door
2412 443 2497 491 den
2523 441 2804 487 Gouverneur
2831 443 2999 490 Arnold
3026 446 3223 493 Heullen

1881 545 1933 591 In
1956 539 2060 588 dato
2083 535 2186 584 ult.
2211 534 2238 579 o
2262 535 2389 581 febr:
2414 534 2465 580 p.
2490 533 2516 579 r
2540 532 2592 578 't
2616 531 2770 577 sacght
2794 532 2871 577 lis
2895 530 2972 577 aen
2997 529 3099 575 haer
3124 529 3255 576 Ed=ns

2962 4252 3408 4305 fundamentel

848 239 951 285 ao
1001 238 1208 286 1646
