3703 4828
1108 560 1326 622 Juny
1376 550 1590 604 1646

1412 720 1494 769 van
1519 721 1624 766 alle
1649 722 1883 772 passagien
1909 727 1988 772 als
2013 728 2118 774 dese
2144 730 2275 775 stadt
2300 731 2378 777 tot
2404 732 2665 778 destructie
2690 729 2769 776 van
2794 727 2847 773 d'
2872 725 2926 771 E.
2950 726 3212 779 Compagnies
3236 735 3445 787 Negotie,

1412 828 1519 874 ende
1546 827 1654 873 ruie
1680 827 1761 873 van
1788 826 1977 873 d'oorme
2003 827 2325 873 Ingesetenen,
2352 827 2432 872 dat
2459 825 2620 872 Immers
2647 825 2701 870 te
2728 824 3051 873 verrebuijten
3076 828 3185 876 uwen
3211 832 3375 885 staedt

1410 928 1520 974 ende
1548 928 1769 974 vermogen
1797 928 2017 974 getreden
2045 928 2155 974 Was,
2183 929 2487 977 midtsgaders
2514 932 2570 977 ul
2597 932 2790 977 Valsche
2818 932 3094 980 aenclachte
3122 934 3235 983 over

1408 1032 1560 1080 mijnen
1584 1033 1761 1079 persoon
1785 1035 1836 1081 p.
1860 1036 1885 1081 r
1910 1035 1960 1081 d'
1985 1034 2236 1080 engelschen
2261 1034 2362 1080 ende
2386 1036 2512 1083 Eenen
2537 1035 2888 1083 schrijftelijck
2913 1038 3013 1083 naer
3038 1038 3138 1083 Bat.
3163 1038 3189 1084 a
3213 1039 3440 1090 gesonden,

1403 1150 1655 1201 Annegesien
1679 1148 1856 1194 sijnde,
1881 1146 2032 1193 sonder
2057 1147 2132 1192 dat
2157 1147 2233 1192 ons
2258 1147 2334 1193 tot
2357 1147 2459 1193 noch
2484 1148 2559 1193 bij
2584 1147 2610 1192 u
2634 1148 2936 1196 Iegenwordige
2961 1151 3213 1197 schrijvens
3237 1152 3440 1201 blijcke,

1401 1268 1485 1318 van
1511 1263 1753 1312 hoochmoet
1779 1260 2022 1308 Verandert
2049 1260 2157 1305 tit,
2183 1261 2291 1307 sich
2317 1260 2425 1306 (als
2452 1260 2694 1306 voordato)
2720 1258 3016 1305 Inbeeldende
3043 1258 3097 1304 d'
3122 1258 3177 1304 E.
3204 1257 3447 1303 Compagnie

1395 1380 1554 1432 sonder
1579 1380 1605 1425 u
1631 1379 1684 1425 E:
1709 1376 1891 1423 Negotie
1915 1374 1969 1421 en
1995 1373 2281 1419 Vrundtschap
2306 1374 2410 1419 niet
2436 1374 2488 1420 te
2512 1373 2670 1420 cunnen
2695 1369 2903 1417 bestaen,
2928 1369 3033 1414 doch
3058 1368 3111 1414 in
3137 1367 3375 1416 tegendeel

1400 1493 1473 1539 hoe
1496 1492 1594 1538 veel
1618 1492 1667 1537 ul
1691 1492 1764 1537 aen
1787 1490 1836 1536 't
1860 1485 2127 1535 onderhouden
2151 1485 2200 1530 d'
2223 1485 2346 1533 selve
2369 1488 2563 1534 gelegen,
2587 1489 2684 1534 ende
2708 1488 2757 1534 t'
2780 1486 2927 1532 sedert
2951 1487 3023 1532 uE:
3048 1485 3314 1534 aengevangen
3338 1477 3461 1529 quade

1393 1613 1627 1666 Concepten
1653 1613 1705 1658 en
1729 1611 1783 1657 de
1808 1608 2042 1657 separatie
2067 1607 2119 1653 in
2145 1604 2301 1652 staedt
2327 1604 2379 1649 en
2405 1604 2612 1649 middelen
2637 1601 2925 1648 gedeclueert
2949 1603 3078 1649 sijt,
3103 1602 3156 1648 so
3181 1599 3234 1645 ul
3259 1594 3365 1644 best

1392 1734 1588 1782 bewust,
1615 1734 1672 1780 nu
1697 1732 1867 1780 echter
1894 1728 2035 1776 nader
2062 1723 2369 1773 Verseeckert
2397 1722 2565 1768 sijnde
2592 1721 2649 1767 uE
2676 1719 2761 1765 van
2788 1711 3124 1763 goederherten
3151 1709 3347 1756 genegen

1392 1849 1503 1897 ende
1529 1848 1667 1893 Ernst
1694 1847 1776 1892 sij
1803 1841 2187 1892 d'recoucilatie
2213 1839 2297 1886 met
2324 1838 2379 1884 d'
2406 1838 2461 1884 E:
2488 1837 2736 1884 Compagnie
2762 1839 2817 1884 te
2844 1832 3064 1883 soecken,
3091 1830 3201 1877 ende
3227 1824 3449 1874 desselfs

1379 1966 1617 2025 schaduwe
1645 1960 1851 2009 wedert'
1880 1955 2233 2004 amplecteren,
2262 1954 2350 2000 sal
2379 1952 2615 1998 daerover
2644 1952 2761 1998 naer
2789 1950 2909 1997 Bat.
2936 1951 2967 1997 a
2995 1946 3084 1994 aen
3112 1939 3260 1990 haere

1397 2090 1484 2141 Ed:
1510 2081 1625 2133 onse
1651 2074 1906 2124 gebedende
1932 2070 2103 2118 Heeren
2130 2067 2215 2114 ten
2243 2066 2469 2111 respecte
2496 2065 2638 2110 haere
2665 2063 2751 2110 Ed.
2778 2062 2863 2107 van
2891 2062 2947 2107 UE
2976 2059 3145 2107 Vorige
3172 2051 3467 2104 proceduren

1394 2202 1501 2252 rede
1527 2199 1608 2246 ten
1631 2192 1793 2242 vollen
1818 2189 2164 2237 g'Informeert,
2190 2186 2509 2233 d'excessijve
2536 2185 2774 2231 schaeden,
2801 2184 3040 2231 schanden,
3065 2182 3173 2229 ende
3199 2180 3415 2228 gewelden

1391 2317 1452 2363 d'
1481 2315 1543 2362 E.
1570 2305 1844 2358 Compagnie
1873 2303 1935 2349 en
1964 2301 2025 2348 d'
2055 2299 2206 2346 haren
2236 2299 2508 2348 aengedaen
2539 2301 2780 2348 bekendt,
2810 2300 2931 2347 ende
2961 2278 3325 2345 dienvolgende

1391 2433 1450 2480 d'
1477 2422 1769 2479 dispositie
1797 2417 2030 2467 soehover
2059 2415 2234 2462 alleen
2263 2413 2554 2460 toebehoren
2582 2411 2641 2457 Is
2727 2408 2815 2454 ter
2844 2405 3107 2453 bequaemer
3132 2389 3339 2447 occasie

1380 2546 1703 2607 schrijven,
1733 2540 1831 2588 ten
1860 2537 2022 2584 waere
2054 2535 2470 2582 middelerwijle
2502 2535 2599 2580 een
2630 2531 2727 2579 der
2758 2527 2854 2574 Ed:
2885 2522 3078 2571 Heeren
3110 2521 3302 2569 raeden

1389 2676 1479 2724 van
1507 2671 1657 2720 India
1685 2665 2041 2715 Iegenwordigh
2070 2664 2130 2709 op
2160 2662 2367 2709 Ceijlon
2396 2659 2575 2707 alhier
2604 2656 2752 2705 quame
2781 2653 2841 2700 te
2869 2647 3196 2697 verschijnen
3224 2642 3318 2691 off

1396 2807 1486 2854 wel
1513 2802 1575 2850 ul
1602 2793 1753 2846 goedt
1782 2790 1872 2837 van
1901 2788 2110 2835 deselfs
2139 2787 2199 2833 in
2228 2783 2437 2831 persoon
2465 2780 2556 2828 een
2586 2779 2705 2825 keer
2734 2773 3033 2824 herwaerdts
3059 2773 3121 2821 te
3151 2772 3274 2820 doen

1385 2921 1504 2971 ende
1530 2915 1620 2964 ons
1647 2911 1737 2958 bij
1765 2907 1825 2955 te
1854 2901 2030 2950 Comen,
2058 2903 2176 2949 (als
2204 2900 2410 2948 wanneer
2439 2900 2556 2947 oocq
2585 2900 2673 2947 wel
2702 2894 2907 2943 eenigen
2936 2888 3230 2939 voorslagh,
3256 2879 3375 2930 ende

1377 3032 1627 3085 middelen
1656 3028 1752 3076 tot
1783 3022 2063 3072 reparatie
2092 3019 2219 3067 ende
2249 3015 2592 3065 satisfactie
2623 3013 2903 3060 beraempt,
2934 3011 3059 3058 ende
3089 3002 3339 3056 daerjnne

1372 3159 1455 3212 soo
1480 3150 1639 3203 verred
1664 3143 1823 3194 heden,
1849 3140 2008 3188 recht,
2031 3136 2139 3185 ende
2165 3133 2482 3180 billickheijt
2507 3131 2639 3177 mach,
2666 3127 2876 3176 toelaten
2903 3126 2956 3172 op
2982 3119 3245 3170 approbatie
3270 3118 3356 3167 van

1378 3270 1482 3318 haer
1505 3263 1686 3314 gemelte
1710 3259 1789 3307 Ed.
1812 3256 1840 3303 t
1863 3245 2121 3300 gehandeldt
2146 3243 2274 3290 soude
2300 3243 2453 3288 Cunnen
2479 3243 2659 3290 werden,
2683 3243 2786 3290 naer
2811 3242 2889 3287 dat
2913 3240 2991 3286 dan
3016 3238 3119 3285 sien
3144 3237 3195 3283 ul
3221 3231 3453 3282 voornemen

1379 3390 1435 3441 te
1457 3376 1668 3432 tenderen
1691 3370 1849 3421 sullen
1874 3368 1953 3414 ons
1978 3367 2030 3412 te
2055 3362 2289 3412 reguleren
2315 3361 2419 3407 ende
2444 3360 2601 3406 vougen
2626 3359 2808 3406 hebben,
2832 3355 2912 3403 off
2937 3354 2990 3400 nu
3015 3353 3067 3398 ue
3092 3350 3249 3398 handel
3275 3344 3379 3395 ende

1367 3490 1521 3546 wandel
1542 3480 1770 3534 duijster,
1794 3478 1894 3525 ende
1918 3475 2144 3522 verburgen
2169 3474 2269 3520 Voor
2293 3474 2419 3520 mijne
2441 3473 2568 3520 oogen
2592 3470 2768 3518 geweest
2790 3468 2892 3515 sij,
2917 3465 2968 3513 d'
2992 3459 3217 3509 waerheijt
3241 3457 3441 3504 daervan

1378 3600 1478 3648 over
1500 3597 1551 3644 't
1574 3593 1698 3641 hooft
1723 3587 1895 3638 gesien,
1918 3585 2018 3631 ende
2042 3585 2116 3630 den
2141 3585 2239 3630 wegh
2264 3585 2337 3630 der
2362 3585 2706 3632 redelijckheyjt
2730 3582 2878 3630 genist
2901 3578 3050 3627 hebbe,
3074 3576 3149 3622 kan
3172 3575 3222 3620 ue
3245 3569 3347 3620 uijt

1381 3707 1439 3756 't
1467 3702 1840 3755 voorverhaelde
1868 3697 2098 3746 afmeten,
2127 3696 2299 3742 sonder
2327 3697 2413 3742 dot
2442 3697 2643 3744 behoeft
2671 3699 2729 3745 te
2756 3695 2958 3743 dencken
2986 3695 3044 3740 uE
3071 3691 3187 3739 ende
3215 3690 3330 3736 meer

1379 3814 1557 3864 andere
1585 3812 1674 3859 net
1703 3811 1821 3857 gedt
1849 3810 1967 3856 waen
1997 3809 2232 3856 tvetuwen
2260 3808 2349 3853 van
2377 3807 2496 3852 uwen
2524 3806 2760 3852 aenhangh
2789 3807 2877 3853 die
2906 3809 3053 3854 selfs
3082 3810 3200 3855 niet
3228 3806 3434 3854 getrouw

1376 3928 1483 3981 syn,
1505 3921 1612 3971 ende
1637 3918 1845 3966 daeromme
1871 3917 1949 3962 een
1974 3915 2105 3961 ander
2131 3915 2234 3961 niet
2260 3915 2364 3961 goed
2390 3915 2442 3960 te
2468 3914 2624 3960 willen
2649 3910 3013 3960 toevertrouwen,
3038 3903 3220 3954 menende
3245 3902 3454 3948 daerdoor

1378 4040 1407 4086 u
1432 4031 1601 4084 quaede
1627 4027 1740 4075 ende
1766 4018 2184 4070 bedrieghlijcken
2212 4018 2350 4063 haedt
2378 4018 2545 4064 slagen
2572 4017 2628 4063 te
2655 4015 2934 4061 colereren,
2960 4014 3017 4060 en
3044 4013 3350 4060 umbragieren

1371 4146 1460 4196 wil
1486 4137 1690 4189 gelijck
1716 4131 2062 4181 formichsijn,
2090 4127 2205 4174 ende
2233 4126 2320 4172 mij
2349 4124 2492 4171 alsoo
2521 4124 2664 4169 vande
2693 4124 2951 4170 waerheyt,
2979 4122 3037 4168 't
3065 4119 3211 4166 recht
