3567 4801
2720 522 2914 573 924

581 567 964 645 January
1013 551 1179 608 Ao.
1231 542 1451 595 1646

929 771 1023 823 den
1050 764 1233 815 prince
1263 762 1384 809 ende
1413 759 1504 806 den
1533 750 1745 803 Coninck
1773 744 1896 793 over
1924 738 2077 788 haere
2106 735 2348 783 Victorie
2377 732 2558 784 geluck
2587 726 2860 777 gewenscht

954 874 1102 928 weder
1127 866 1278 917 aende
1306 859 1512 909 wegotie
1542 851 1777 904 gecomen,
1805 838 2129 894 midtsgaders
2157 835 2305 882 Comp.
2334 834 2364 879 s
2392 827 2628 878 Capitael
2655 824 2716 872 In
2745 818 2893 868 sijde

921 991 1037 1047 ende
1061 981 1203 1034 sijde
1228 970 1565 1025 stuckwercken
1592 969 1621 1015 a
1648 960 1871 1014 contento
1897 950 2178 1005 overgeset,
2203 943 2289 993 tot
2314 934 2484 986 opcoop
2510 930 2595 978 der
2621 925 2763 974 sijde

916 1101 1040 1158 voor
1068 1087 1400 1144 neederlandt
1430 1085 1611 1132 bleven
1640 1078 1821 1130 aldaer
1850 1073 1971 1122 over
2000 1068 2152 1117 eenen
2181 1059 2543 1113 Ondercoopman
2569 1055 2603 1102 3
2628 1032 2963 1097 adsistenten

927 1219 1051 1273 ende
1076 1215 1110 1261 6
1138 1203 1410 1259 matroosen
1440 1198 1741 1247 mitsgaders
1769 1195 1831 1241 't
1859 1189 2011 1239 sacht
2040 1182 2282 1234 Breekens
2309 1176 2402 1225 toe
2431 1170 2552 1220 wech
2581 1156 2762 1213 Voeten
2788 1149 2882 1199 van
2910 1145 2944 1193 —

925 1332 1132 1397 gemelte
1159 1322 1450 1376 Cargasoen,
1478 1318 1595 1366 doch
1622 1315 1711 1362 eer
1739 1313 1826 1360 het
1854 1311 1942 1357 soo
1970 1305 2232 1356 Verrequam
2259 1298 2434 1349 scheen
2461 1293 2550 1341 het
2578 1277 2781 1337 wederom
2806 1270 2868 1320 te

908 1451 1090 1505 willen
1117 1440 1332 1494 haperen
1359 1434 1513 1484 wandt
1542 1430 1634 1478 den
1663 1423 1876 1475 Coninck
1905 1419 2148 1467 begeerde
2176 1401 2724 1464 voorgerechticheijt
2752 1390 2935 1445 vanden

923 1568 1121 1630 gulden
1150 1559 1281 1611 gans
1312 1557 1377 1603 d'
1405 1551 1538 1601 Novo
1569 1549 1666 1597 12½
1696 1542 1890 1592 kisten
1922 1539 2114 1587 silver
2144 1535 2275 1584 ofte
2306 1527 2596 1580 dreyghden
2625 1521 2692 1570 d'
2721 1517 2853 1564 onse

919 1694 1006 1745 met
1030 1687 1089 1736 d'
1114 1672 1452 1730 drijeschepen
1477 1665 1619 1716 weder
1645 1662 1703 1709 te
1730 1658 1843 1706 doen
1870 1650 2178 1702 vertrecken,
2205 1641 2430 1694 waerover
2456 1637 2514 1685 s.
2540 1634 2569 1680 r
2595 1624 2908 1678 Bronckhorst

910 1810 1003 1864 hem
1031 1800 1267 1853 bereijdt
1296 1791 1532 1845 thoonde,
1560 1776 1885 1835 eijndelijck
1913 1773 1973 1820 so
2002 1771 2121 1817 noch
2147 1760 2356 1814 sooveel
2385 1758 2444 1804 te
2473 1756 2621 1802 weegh
2648 1750 2886 1800 gebraght
2913 1749 2949 1798 —

903 1933 1018 1984 dat
1053 1922 1208 1975 sich
1243 1917 1359 1965 dat
1395 1907 1701 1960 maelliet
1736 1893 2042 1950 gesehgen

792 2108 964 2174 Door
1002 2098 1130 2151 den
1170 2079 1503 2139 schipper
1542 2057 1960 2121 Commandeur
2001 2049 2252 2100 marten
2292 2048 2376 2096 d'
2417 2042 2626 2091 Vries
2666 2038 2834 2089 over

926 2228 990 2275 d'
1019 2211 1271 2271 Moluccus
1299 2203 1427 2255 ende
1458 2199 1583 2247 Cobo
1614 2198 1677 2244 d'
1703 2189 2115 2245 spiritausanto
2145 2187 2209 2233 en
2238 2175 2458 2230 Tagouan
2488 2168 2806 2220 aengecomen

932 2338 987 2387 Is
1010 2331 1115 2381 sijn
1138 2327 1192 2375 E.
1216 2322 1320 2371 oocq
1343 2313 1525 2366 bericht
1548 2309 1704 2358 gedaen
1730 2306 1808 2354 hoe
1831 2304 1910 2350 hij
1935 2302 2012 2348 met
2037 2300 2141 2347 sijn
2166 2296 2321 2344 Vloodt
2345 2293 2423 2340 den
2447 2286 2552 2338 5.en
2575 2282 2811 2329 februarij

936 2447 1055 2499 uijt
1084 2443 1144 2491 d'
1171 2431 1410 2486 moluccos
1437 2418 1764 2475 gescheijden
1792 2409 2000 2463 volgens
2028 2404 2148 2452 haer
2176 2399 2267 2447 Ed:
2295 2389 2591 2442 Instructie
2620 2386 2680 2433 d'
2708 2380 2917 2429 straedt

918 2562 1009 2616 van
1035 2549 1297 2605 patientie
1325 2538 1615 2593 gepasseert
1640 2531 1759 2582 ende
1787 2527 1904 2576 Inde
1932 2524 2077 2571 zuijd
2104 2517 2192 2568 zee
2219 2507 2452 2561 geloopen
2479 2503 2596 2552 was,
2624 2490 2888 2547 seijlende

911 2684 1098 2747 langhs
1124 2679 1188 2727 d'
1217 2674 1339 2723 Cust
1367 2670 1459 2718 van
1487 2664 1610 2715 rova
1639 2657 1792 2709 gunea
1821 2649 1972 2700 welcq
2001 2645 2093 2693 hij
2121 2638 2244 2690 naer
2273 2626 2545 2682 vermogen,
2574 2617 2696 2670 ende
2725 2611 2877 2662 tijts
2905 2607 2938 2654 —

921 2797 1282 2862 gelegentheyt
1311 2791 1432 2840 (met
1460 2782 1672 2834 somtyts
1701 2779 1761 2825 te
1789 2772 2001 2824 landen)
2027 2764 2181 2817 heeft
2210 2753 2480 2808 ontdeckt,
2508 2744 2630 2797 ende
2657 2731 2899 2787 bevonden

928 2921 1012 2971 der
1037 2912 1203 2964 selver
1229 2902 1531 2956 Inwoonderen
1557 2898 1641 2946 een
1666 2891 1805 2942 wildt
1832 2885 1996 2935 robust
2022 2878 2269 2929 Catypigen
2296 2872 2434 2923 Volcq
2457 2867 2515 2915 te
2541 2858 2707 2911 wesen,
2731 2853 2789 2901 by
2813 2848 2870 2896 d'
2895 2838 3052 2891 welke

937 3033 1028 3084 tot
1056 3017 1382 3075 ververtinge
1411 3013 1530 3062 niet
1558 3006 1737 3057 anders
1763 3001 1856 3050 als
1885 2993 2152 3047 Clappusen
2181 2986 2359 3037 hadden
2388 2979 2656 3030 erlanght,
2682 2970 2803 3021 doch
2831 2964 2956 3014 niet

930 3138 1193 3194 vernemen
1224 3133 1357 3181 noch
1387 3123 1718 3178 Vermercken
1748 3114 1947 3166 Cunnen
1979 3106 2177 3158 eenich
2209 3092 2537 3151 Costelijck
2570 3088 2770 3137 metael

926 3254 1231 3319 gesteenten
1258 3249 1381 3297 ofte
1408 3233 1771 3292 rijckdommen,
1799 3221 2133 3278 daerontrent
2160 3206 2403 3264 tevinden
2432 3203 2523 3249 sij
2551 3192 2854 3248 woornoemde
2882 3189 3005 3236 Cust

915 3378 1008 3431 tot
1036 3367 1248 3420 omtrent
1276 3359 1488 3412 salomon
1517 3354 1698 3403 sweers
1728 3353 1878 3399 Boeck
1906 3348 1998 3396 toe
2026 3338 2268 3392 beseyldt
2295 3324 2508 3382 hebben,
2536 3321 2598 3369 Is
2625 3302 2987 3365 noordewaerts

922 3497 1040 3554 over
1064 3479 1348 3540 gesteecken
1375 3476 1489 3523 naer
1516 3475 1573 3520 d'
1600 3469 1827 3520 ladrones
1854 3464 2137 3514 Eyjlanden,
2162 3455 2333 3507 alwaer
2360 3450 2446 3499 den
2472 3446 2558 3494 25.
2584 3443 2615 3490 '
2640 3437 2813 3486 april—

917 3611 1189 3667 aengelangh
1214 3608 1270 3655 't
1295 3602 1512 3652 wesende,
1538 3597 1700 3647 bequam
1726 3596 1781 3642 al
1807 3592 1915 3640 mede
1939 3586 2050 3637 geen
2075 3580 2211 3630 anden
2237 3567 2534 3624 verversinge
2559 3565 2642 3611 als
2668 3563 2723 3609 op
2747 3558 2803 3606 d'
2828 3552 3019 3601 bsarrae

922 3741 1085 3793 Cust
1124 3734 1248 3785 van
1287 3724 1451 3776 Novo
1487 3709 1695 3767 Gunea

879 3938 1034 3987 Ende
1069 3930 1373 3985 naerdien
1407 3925 1637 3975 aldaer
1675 3921 1826 3970 door
1864 3916 2091 3966 eenige
2128 3908 2393 3960 Caffers
2429 3900 2582 3951 ende
2619 3891 2999 3945 panpangers

914 4054 1023 4111 van
1055 4040 1402 4098 gesneuelde
1435 4031 1677 4083 spaense
1711 4028 1952 4077 schepen
1984 4015 2400 4073 g'Informeert
2433 4006 2675 4058 Wierdt,
2708 4001 2813 4049 dat
2846 3997 2916 4045 de

914 4155 1261 4213 Aquapucquas
1290 4146 1544 4199 vaerders
1575 4142 1702 4190 naer
1732 4138 1954 4187 Manilla
1983 4131 2269 4183 tenderen.
2298 4122 2489 4174 aldaer
2520 4119 2584 4166 op
2615 4113 2710 4162 die
2741 4107 2878 4156 tijt

0 738 75 784 nden

105 1518 232 1566 dese

149 1643 164 1688 et

141 1769 223 1814 daeghs

2069 1892 2092 1938 -
