3567 4801
2729 545 2892 594 861

769 678 1337 728 Masulijpatam
1384 682 1479 728 jn
1526 681 1952 729 voorraedt
1998 684 2093 730 js
2137 682 2282 730 van
2328 683 2518 731 hier
2563 682 2943 732 alvorens

852 816 939 864 36
981 813 1110 861 stx
1150 802 1281 855 soo
1322 797 1580 845 slaven
1622 797 1751 843 als
1794 789 2179 842 slavinnen
2221 789 2607 837 ingenomen
2649 780 2992 838 hebbende

854 927 1073 980 over
1125 921 1780 971 masulijpatam
1833 920 2053 967 naer
2104 918 2487 969 Batavia
2538 892 2867 960 tjacht

768 1049 1399 1118 Grijpskercke
1448 1048 1658 1099 naer
1710 1045 1815 1092 d'
1866 1040 2179 1089 Suijdt
2231 1043 2440 1089 mede
2490 1029 2908 1088 omtrendt

844 1184 991 1242 die
1035 1175 1228 1226 tijt
1275 1169 1419 1218 met
1466 1169 1657 1216 3000
1704 1161 2039 1213 pagoden
2086 1159 2278 1205 v00r
2324 1161 2469 1210 r„a
2514 1163 2659 1211 van
2706 1155 2993 1208 achten

2852 1253 2919 1302 o

849 1326 898 1375 5
925 1321 1205 1379 kisten
1246 1305 1826 1363 schuijtsilver
1870 1302 2049 1351 4800
2092 1293 2182 1346 lb
2225 1286 2492 1336 rompen
2535 1286 2714 1335 1474
2758 1287 2896 1338 lba

820 1443 1153 1509 jappanse
1193 1435 1487 1488 Campher
1527 1436 1653 1483 234
1692 1437 1819 1483 5/8
1856 1430 1985 1481 lb.
2026 1426 2235 1475 quick
2275 1422 2526 1471 silver
2567 1421 2734 1467 5860
2775 1421 2860 1467 lb

861 1593 1311 1660 Gebroocken
1351 1581 1711 1637 geschudt
1755 1578 1845 1625 ed
1889 1575 2067 1621 ende
2111 1575 2201 1621 't
2244 1567 2557 1619 fruijdt
2599 1567 2823 1617 schip
2866 1565 2958 1617 de

838 1751 1103 1816 wolff
1155 1746 1262 1794 om
1314 1737 1527 1788 voor
1574 1716 2111 1780 aengetogen
2163 1704 2854 1760 Condsidiratie
2905 1700 2960 1748 —

845 1886 1315 1955 alvoorens
1366 1880 1470 1928 d'
1520 1868 1990 1923 jngeladen
2040 1851 2821 1914 Coopmanschappen

836 2040 1037 2093 voor
1078 2023 1186 2079 de
1226 2011 1432 2061 Cust
1481 2008 1631 2055 van
1681 2003 1931 2053 jndia
1980 1992 2180 2044 daer
2224 1985 2330 2035 in
2372 1973 2728 2025 geladen
2778 1971 2977 2018 voor

829 2178 975 2233 dit
1018 2165 1407 2220 comptoir
1454 2158 1743 2212 gelost
1791 2146 2129 2202 sijnde,
2174 2141 2273 2189 in
2316 2132 2706 2185 weijnich
2750 2120 2995 2174 dagen

846 2325 955 2373 om
1007 2312 1333 2368 'tgene
1379 2300 2090 2357 middelerwijle
2130 2297 2306 2346 tot
2360 2286 2956 2342 supplemendt

840 2469 1001 2523 van
1053 2452 1530 2513 mallaccas
1580 2440 1899 2494 eijsch
1951 2436 2110 2484 soo
2163 2431 2374 2479 naer
2426 2426 2903 2480 doenlijck

827 2607 936 2653 te
990 2598 1370 2653 becomen
1421 2598 1587 2644 Bij
1640 2590 1804 2642 den
1854 2583 2238 2634 anderen
2291 2579 2401 2627 te
2455 2577 3004 2636 versamelen

2924 2672 2990 2719 in

845 2758 1068 2813 ende
1123 2743 1508 2801 gereedt
1562 2741 1674 2788 te
1728 2735 2114 2787 maecken
2168 2731 2389 2779 over
2435 2725 2995 2776 masulipat„

846 2902 1053 2957 ende
1103 2883 1669 2945 Visigapatam
1719 2879 1925 2927 omme
1976 2874 2387 2923 tgereede
2438 2872 2595 2920 soo
2615 2871 3011 2924 cleeden

834 3061 981 3115 als
1027 3054 1223 3104 rijs
1268 3047 1369 3098 in
1414 3038 1564 3090 die
1608 3025 2097 3084 quartieren
2145 3019 2535 3069 vaerdigh
2579 3011 2972 3063 liggende

852 3220 968 3277 in
1023 3209 1135 3258 te
1188 3198 1470 3253 nemen
1526 3196 1750 3243 maer
1805 3190 2254 3240 mallacca
2309 3184 2930 3234 despecheren

892 3330 1243 3396 Pall
1328 3319 1417 3369 —

834 3552 1455 3614 Lauwerens
1520 3561 1800 3610 Pitt
1865 3557 2075 3609 van
2144 3545 2627 3601 Breemen
2692 3537 2833 3592 de

851 3685 1201 3740 jongste
1233 3679 1449 3728 mael
1496 3678 1598 3724 jn
1632 3672 1897 3722 jndia
1943 3662 2295 3717 gecomen
2344 3659 2444 3706 in
2489 3650 2992 3703 qualiteijt

815 3812 980 3866 van
1033 3786 1694 3855 oppercoopman
1748 3781 1913 3830 den
1967 3779 2078 3827 27
2132 3777 2407 3826 meert
2459 3778 2572 3824 ao
2627 3779 2847 3830 1641

840 3951 987 3998 met
1029 3938 1329 3996 tjacht
1376 3929 1475 3981 d'
1516 3906 2011 3971 waterhoudt
2058 3901 2254 3950 ende
2302 3898 2450 3946 een
2498 3891 2987 3947 tractement

840 4079 996 4129 van
1048 4078 1100 4124 ƒ
1151 4072 1256 4122 72
1306 4065 1463 4114 ter
1514 4055 1826 4109 maendt
1874 4044 2189 4099 sijnen
2211 4037 2447 4086 tijt
2499 4036 2603 4081 nu
2654 4029 2967 4080 volcom

849 4231 1070 4282 uijt
1124 4220 1563 4271 gedient,
1618 4216 1838 4266 ende
1887 4212 2112 4260 goet
2166 4184 2881 4255 Contentemendt

849 4389 1002 4445 van
1048 4381 1249 4433 sijn
1296 4374 1545 4426 doen,
1582 4368 1841 4420 jver,
1889 4358 2087 4411 ende
2136 4340 2680 4402 vigulantie,
2727 4341 2929 4392 over

2682 4474 2715 4522 O

2732 4515 2782 4561 .
