3567 4801
2755 544 2997 613 934

691 578 1189 634 Februarij
1232 572 1467 627 1646

957 762 1014 810 te
1039 756 1205 805 vreden
1232 757 1423 804 stellen
1450 756 1642 804 deseble
1669 756 1724 801 de
1750 755 1860 800 doel
1888 754 2243 801 omnerechittij
2270 756 2352 802 die
2379 757 2489 804 noch
2516 759 2707 805 buijten
2734 758 2900 805 dinner
2925 760 2985 808 ds

956 865 1063 913 ende
1087 862 1223 908 bijde
1249 859 1437 907 neycken
1464 858 1571 904 noch
1597 857 1704 903 niet
1730 855 1865 901 laten
1891 852 2106 899 Incomen)
2131 853 2186 900 In
2212 853 2399 901 sinsier
2426 853 2667 901 gesonden,
2692 850 2773 897 den
2800 839 3042 895 Neyckdede

958 967 1035 1015 d'
1070 957 1522 1009 ambassadeurs
1559 954 1673 1002 Van
1710 952 1898 998 Madre
1934 951 2011 997 en
2049 948 2425 996 Tansjouwer
2461 946 2537 992 in
2575 940 2989 991 haedehouven

946 1062 1061 1114 ende
1088 1058 1284 1106 Vraegen
1311 1056 1396 1103 Wat
1423 1056 1479 1102 sy
1507 1055 1647 1101 desen
1673 1051 1787 1100 best
1814 1050 1982 1096 gedaen
2007 1048 2177 1096 diende
2205 1048 2290 1095 die
2316 1048 2624 1095 andtwoorden
2651 1042 2876 1092 daerinne
2903 1039 3021 1087 niet

943 1166 1101 1218 Conden
1125 1156 1417 1209 resolveren,
1442 1155 1548 1202 maer
1574 1154 1758 1200 moesten
1784 1153 1969 1200 alvoren
1994 1154 2100 1200 haer
2126 1153 2443 1199 principaelen
2466 1151 2679 1199 daerover
2703 1139 2971 1194 schrijven—

935 1269 1046 1323 ende
1071 1265 1152 1313 men
1177 1260 1311 1309 soude
1335 1255 1549 1303 Connerij
1576 1253 1682 1300 noch
1706 1248 2053 1298 ondertusschen
2079 1246 2265 1293 buijten
2291 1246 2451 1293 laten,
2476 1246 2610 1292 Maere
2636 1244 2690 1291 en
2711 1221 3034 1288 Tanscoussers

937 1368 1096 1424 macht
1126 1363 1190 1411 so
1221 1360 1284 1407 40
1314 1351 1565 1404 texeerdt
1596 1348 1722 1395 ende
1752 1347 1815 1393 40
1846 1344 2129 1392 Otevoerdt
2158 1344 2254 1391 die
2284 1341 2379 1388 van
2410 1339 2598 1385 sinker
2627 1334 2723 1382 300
2753 1324 2974 1379 tevoedt

929 1485 996 1535 20
1023 1463 1312 1526 tepaeret,
1342 1455 1502 1507 sulcx
1533 1453 1597 1500 in
1627 1444 1914 1497 Curnatica
1945 1440 2358 1488 Iegenwoordigh
2387 1435 2453 1485 35
2483 1432 2516 1478 l
2546 1429 2611 1477 te
2640 1421 2833 1474 vaeret
2864 1420 2896 1465 —

927 1580 1040 1633 ende
1066 1575 1150 1624 200
1175 1573 1205 1619 l
1230 1566 1424 1616 tevoedt
1449 1563 1506 1611 in
1533 1561 1726 1608 Wapenen
1751 1555 1945 1605 Waeren,
1971 1554 2027 1599 d'
2053 1553 2192 1599 mays.
2217 1550 2247 1597 t
2272 1544 2356 1593 die
2383 1540 2603 1589 vernemen
2630 1536 2713 1584 was
2739 1532 2795 1579 t'
2820 1524 3053 1575 onvreden

902 1687 1058 1744 soowel
1081 1683 1134 1730 op
1159 1678 1388 1728 d'ceycken
1412 1674 1490 1722 als
1514 1665 1871 1718 Connerechittij
1895 1662 2099 1709 doordien
2124 1658 2480 1709 Connerechiteij
2505 1656 2684 1703 belooft
2707 1649 2836 1703 hadde

924 1790 1144 1844 d'saecke
1170 1787 1254 1834 der
1280 1783 1418 1831 Crone
1443 1778 1664 1828 Welsoude
1689 1770 1992 1823 uijtrechten

789 1961 1017 2023 Present
1048 1958 1113 2004 Is
1144 1956 1210 2002 d'
1242 1952 1435 2001 neijck
1467 1946 1791 1997 vansunsier
1819 1945 1919 1993 wel
1950 1936 2274 1989 voornemens
2305 1933 2402 1979 tot
2435 1927 2823 1978 accommodatie
2849 1925 2887 1974 —

914 2067 1050 2121 nuets
1076 2061 1290 2110 Connerij
1316 2059 1477 2105 wegens
1502 2055 1744 2102 Carmetica
1770 2054 1904 2100 volle
1929 2051 2065 2099 macht
2091 2050 2172 2095 tot
2197 2049 2279 2094 het
2304 2044 2519 2092 contract
2545 2042 2706 2088 heeft,
2732 2034 2973 2087 sanshouer

916 2179 1000 2229 wil
1024 2173 1162 2222 sulcx
1187 2171 1297 2219 oocq
1324 2168 1406 2216 wel
1432 2162 1677 2211 verstaen,
1703 2159 1812 2206 maer
1838 2157 1921 2204 Wie
1947 2154 2029 2201 met
2056 2152 2327 2200 nareijnepa
2353 2148 2517 2196 (alsoo
2544 2147 2734 2193 Comerij
2760 2146 2842 2193 vol

909 2283 1124 2339 bedroghs
1149 2280 1230 2326 Is)
1256 2276 1310 2324 te
1335 2271 1442 2320 doen
1468 2264 1654 2315 hebben,
1680 2262 1787 2309 doch
1812 2258 1945 2306 maere
1972 2253 2211 2303 d'oudtste
2236 2247 2475 2298 rijckste,
2502 2246 2608 2292 ende
2634 2243 3033 2292 verstandichste,

898 2403 954 2453 en
978 2397 1059 2447 wil
1082 2388 1216 2440 desen
1240 2382 1373 2432 haest
1397 2379 1504 2426 niet
1529 2375 1767 2423 toestaen,
1791 2373 1924 2419 wandt
1949 2370 2055 2417 wees
2080 2367 2160 2414 Wel
2185 2362 2344 2411 Indien
2369 2358 2554 2407 sinkier
2578 2356 2658 2402 met
2685 2351 2949 2401 Carnaticae

914 2503 1050 2555 vaedt
1075 2495 1238 2547 sijnen
1264 2490 1425 2539 staedt
1451 2479 1854 2534 perijckelloopt,
1879 2469 2122 2522 derhalven
2147 2464 2283 2513 houdt
2309 2462 2470 2509 groote
2497 2461 2631 2507 macht
2657 2459 2712 2505 in
2738 2456 2928 2504 suisier

906 2609 1026 2664 ende
1052 2595 1317 2652 spendeert
1345 2587 1481 2639 Dele

898 2756 957 2804 d'
981 2739 1153 2798 maijs.
1179 2737 1209 2783 t
1235 2726 1321 2781 ter
1346 2717 1545 2769 plaetse
1572 2712 1742 2763 voorsz
1768 2708 1882 2756 ende
1910 2703 2079 2753 gansch
2106 2695 2360 2747 ontbloodt
2388 2695 2473 2741 van
2498 2684 2754 2742 penningen
2781 2676 2951 2730 sijnde

903 2850 1046 2902 heeft
1070 2843 1159 2895 syn
1185 2836 1329 2886 eygen
1355 2830 1498 2879 macht
1525 2823 1667 2873 byden
1694 2818 1893 2867 anderen
1920 2808 2147 2861 bevonden
2174 2800 2345 2852 stercq
2372 2797 2571 2844 tewesen
2598 2793 2684 2841 30:
2710 2792 2740 2838 O
2768 2790 2825 2835 te
2853 2787 2966 2835 voet

903 2961 964 3011 40
990 2945 1221 3004 tepaert,
1248 2943 1306 2989 d'
1334 2936 1507 2987 reijck
1535 2929 1764 2980 siagedae
1792 2926 1879 2973 12l
1905 2922 1965 2970 te
1992 2915 2165 2966 voedt,
2193 2912 2251 2959 en
2278 2904 2509 2956 weijnich
2534 2899 2595 2946 te
2621 2888 2824 2942 paerde,

900 3066 1114 3123 dalweij
1143 3061 1234 3110 van
1261 3049 1474 3105 Maisoer
1503 3045 1594 3093 20l
1623 3038 1834 3088 tevoedt
1862 3035 1924 3082 d'
1953 3028 2134 3079 Neijck
2162 3024 2254 3073 van
2282 3012 2524 3068 Cargonde
2551 3009 2584 3055 8
2613 3002 2734 3053 Ohoo
2761 2984 3004 3046 haddeden

903 3172 1112 3228 Coninck
1141 3167 1231 3216 van
1260 3159 1498 3211 siagedae
1527 3155 1617 3204 het
1646 3149 1885 3199 goudtvan
1913 3142 2034 3193 sijn
2062 3137 2212 3186 mndel
2240 3130 2509 3181 ontfangen
2537 3124 2717 3174 nevens
2746 3109 2985 3168 ongeveer

898 3293 974 3347 14
1006 3279 1324 3335 Operdauw,
1358 3269 1570 3323 andere
1603 3252 1958 3313 nareijnepa
1992 3253 2063 3299 10
2096 3250 2133 3297 l
2166 3239 2379 3293 appera
2413 3237 2520 3284 13O
2555 3230 2801 3281 wengena
2836 3228 2906 3277 UE

895 3393 1225 3459 toegebraght
1253 3382 1463 3437 hebben,
1493 3372 1791 3427 mitsgaders
1818 3367 1969 3417 alles
1998 3366 2088 3412 Wat
2117 3361 2208 3411 van
2235 3355 2446 3405 Juwelen
2473 3352 2535 3399 in
2563 3343 2744 3397 Delour
2770 3332 2893 3387 bide

865 3518 1058 3571 vrouwen
1081 3509 1194 3561 was,
1220 3504 1331 3553 ende
1356 3501 1413 3548 in
1439 3497 1550 3545 sijn
1575 3491 1741 3541 schadt
1767 3489 1850 3535 als
1877 3486 1987 3534 oocq
2013 3482 2069 3530 't
2096 3476 2288 3526 Contain
2314 3473 2370 3520 In
2396 3466 2562 3517 kpetis
2588 3458 2753 3510 pagode
2779 3447 2976 3501 sijnde,

880 3627 1106 3693 hebbende
1130 3618 1215 3669 bij
1239 3611 1325 3662 hem
1351 3605 1463 3654 doen
1488 3599 1655 3650 haeren
1681 3596 1820 3643 heeft
1845 3593 1903 3641 't
1930 3590 2068 3637 volcq
2095 3580 2398 3635 eenichsints
2425 3572 2646 3624 t'wreden
2673 3568 2866 3617 gestelt

877 3756 937 3806 Is
963 3752 1021 3800 d'
1048 3743 1219 3796 mooren
1244 3736 1331 3787 die
1358 3731 1444 3780 Int
1471 3723 1614 3775 bosch
1640 3717 1839 3766 trocken
1866 3713 2008 3761 tegen
2036 3710 2262 3758 gecomen,
2288 3706 2404 3755 ende
2430 3693 2715 3750 Wedersyts:
2740 3681 2912 3736 dapper

880 3863 1132 3920 vechtende
1155 3855 1269 3906 sijn
1296 3852 1352 3898 't
1378 3844 1518 3896 voors
1544 3841 1683 3887 volcq
1708 3838 1793 3885 van
1820 3834 2041 3882 manisoer
2069 3832 2179 3879 ende
2205 3825 2455 3877 Cangondij
2482 3821 2566 3869 Van
2591 3811 2814 3866 achteren
2839 3806 2897 3854 op
2922 3802 2979 3850 de

882 3983 1045 4032 Mooren
1072 3974 1318 4027 gevallen,
1342 3968 1426 4017 die
1452 3961 1616 4012 hierop
1643 3958 1752 4005 niet
1779 3951 1997 4002 verdaght
2023 3948 2187 3995 sijnde
2214 3941 2487 3993 eyndelijck
2513 3935 2704 3985 moesten
2730 3923 3033 3979 (achterlten

875 4091 993 4143 1000
1021 4082 1255 4135 paerden)
1283 4075 1488 4127 wycken,
1515 4075 1603 4122 met
1630 4069 1835 4119 Verlies
1863 4067 1951 4113 van
1980 4064 2097 4111 veel
2124 4061 2271 4108 volcq
2300 4059 2387 4106 aen
2415 4053 2591 4102 beijde
2617 4043 2795 4096 sijden

865 4204 1042 4266 sijnde
1068 4201 1127 4247 d'
1154 4194 1328 4245 mooren
1354 4185 1614 4237 ongeoeder
1642 4184 1701 4230 38
1726 4185 1758 4231 n
1784 4174 2072 4228 Jenriesche
2099 4164 2273 4218 mijlen
2300 4161 2358 4208 te
2384 4152 2530 4206 rugge
2556 4137 2816 4196 getrocken

0 787 180 840 ren
