3505 4801
2719 492 2909 548 1009

804 658 969 713 Den
1020 652 1405 706 Nieuwen
1458 651 1899 700 Vicereij
1950 650 2117 699 don
2171 646 2555 696 Philipo
2599 642 2719 691 De
2773 640 2831 686 x

872 756 1400 811 Mascaxenasr
1446 752 1687 802 heeft
1733 747 1975 796 aende
2022 739 2406 792 moorsche
2452 727 2790 782 schepen

912 855 1055 905 soo
1101 848 1244 898 als
1290 842 1433 890 jnt
1478 829 1763 885 laaden
1810 824 2141 873 waeren,
2188 821 2283 868 om
2330 815 2519 865 naer
2565 807 2850 859 gamron

915 945 1007 992 te
1052 931 1464 989 navigeren
1508 925 1601 975 (:
1646 915 1829 967 niet
1873 904 2240 959 Connende
2284 895 2652 948 vernemen
2696 889 2789 938 om
2833 885 2982 933 wat

884 1043 1117 1097 reeden
1155 1039 1233 1086 :)
1267 1029 1503 1082 passen
1540 1012 2005 1073 g'weijgerdt,
2042 1006 2198 1056 waer
2235 998 2391 1050 door
2428 989 2661 1041 eenige
2698 982 3050 1034 ontlaeden

917 1134 1079 1183 ende
1118 1126 1363 1178 andere
1400 1120 1566 1170 sich
1600 1107 1972 1165 verstondt
2010 1094 2296 1150 hebben,
2335 1084 2579 1139 sonder
2618 1079 2702 1129 d'
2741 1074 2950 1126 selve

2949 1093 2977 1141 m

2978 1107 3042 1164 ve

922 1227 1168 1281 tseijl
1208 1223 1291 1271 te
1330 1217 1536 1267 gaan,
1575 1209 1741 1261 door
1780 1202 1904 1253 dit
1942 1185 2272 1245 accident
2311 1176 2598 1228 hebbend
2638 1164 3007 1221 Coopluijd

910 1318 1085 1369 ende
1128 1310 1388 1362 reders
1429 1306 1561 1355 der
1599 1291 1907 1350 schepen
1949 1277 2210 1335 groote
2252 1267 2556 1320 schaade
2595 1259 2902 1315 geleden

906 1398 1185 1456 dochen
1231 1393 1510 1443 contra
1557 1388 1789 1439 heeft
1834 1383 1975 1432 het
2020 1379 2114 1426 d'
2159 1372 2253 1421 E:
2298 1366 2577 1415 comp=e
2623 1366 2813 1414 veel

887 1486 1525 1561 geproviteert,
1571 1474 1964 1530 hebbende
2012 1465 2159 1517 dit
2204 1450 2500 1507 mouson
2547 1444 2696 1494 met
2743 1435 3038 1488 vracht

902 1579 1286 1655 Goederen
1333 1572 1522 1622 naer
1569 1569 1711 1617 gam
1757 1562 1900 1612 ron
1943 1557 2042 1606 te
2088 1547 2373 1601 voeren
2418 1544 2467 1591 ƒ
2513 1534 3035 1587 57056„18„10

895 1664 1245 1729 suijver
1292 1642 1938 1707 geadvanceert,
1986 1635 2284 1686 twelck
2331 1634 2432 1680 d'
2482 1630 2879 1679 oncosten

906 1762 1039 1811 der
1080 1748 1392 1807 schepen
1433 1739 1613 1791 vrij
1655 1733 1789 1782 wat
1832 1720 2274 1777 verlichten
2318 1718 2494 1764 sal,
2536 1716 2715 1763 ende
2759 1711 2981 1763 soude

898 1848 1108 1905 noch
1159 1840 1316 1892 146
1366 1823 1679 1884 gulden
1730 1806 2094 1865 meerder
2144 1797 2508 1848 geweest
2559 1792 2768 1843 sijn

888 1939 984 1990 jn
1028 1931 1214 1982 dien
1259 1923 1399 1973 dE:
1442 1901 1905 1965 geleijnsen
1950 1890 2229 1946 tjacht
2274 1871 2830 1934 Rheijnsburch

866 2027 1065 2082 niet
1113 2001 1653 2070 vruchteloos
1693 1981 2143 2045 gehouden,
2190 1976 2388 2026 maer
2435 1966 2584 2019 ter
2631 1953 2981 2010 eerster

879 2106 1291 2166 jnstantie
1335 2100 1427 2149 (:
1471 2085 1789 2143 gelijck
1831 2074 2016 2128 sijn
2060 2071 2152 2118 E:
2196 2056 2561 2113 versocht
2605 2038 2878 2099 hebbe)
2921 2036 2970 2084 —

907 2198 1148 2251 weder
1194 2180 1627 2241 herwaerts
1672 2165 2060 2225 gesonden
2107 2156 2396 2209 hadde,
2443 2151 2588 2200 als
2634 2137 2974 2195 wanneer

899 2283 1094 2342 niet
1140 2269 1429 2326 minder
1476 2263 1620 2312 als
1666 2258 1764 2307 nu
1809 2249 1955 2301 tot
2002 2242 2194 2293 sijn
2241 2213 2919 2287 geprojecteerde

898 2375 1273 2440 voijagie
1318 2363 1553 2419 hadde
1599 2347 1880 2407 Connen
1925 2322 2488 2391 g'implojeert
2529 2303 2816 2364 werden

912 2483 1090 2539 waer
1131 2468 1310 2526 door
1348 2456 1530 2511 noch
1571 2446 1706 2498 een
1750 2431 2059 2489 scheeps
2098 2417 2411 2474 ladinge
2454 2407 2676 2461 ruijm
2718 2399 2898 2451 over

888 2562 1322 2642 gebleven
1373 2549 1537 2604 is,
1586 2527 1967 2589 welcken
2020 2516 2344 2570 vracht
2396 2507 2505 2559 d'
2558 2503 2614 2550 E
2658 2488 2935 2552 Compe

857 2679 1031 2739 noch
1071 2663 1283 2720 staat
1323 2655 1409 2705 t'
1450 2635 1829 2698 genieten,
1869 2622 2124 2679 jndien
2164 2615 2292 2665 tfe
2331 2612 2502 2660 uijt
2542 2606 2755 2657 schip
2797 2600 2923 2648 van

883 2771 1096 2829 uEd=s
1135 2761 1265 2814 tot
1306 2755 1391 2802 d'
1432 2734 1857 2798 aenstaende
1898 2727 2152 2776 mochas
2195 2713 2533 2772 voijagie
2573 2695 2998 2757 versocht't

881 2863 1052 2918 hier
1092 2856 1219 2907 wat
1260 2841 1512 2899 vroegh
1550 2829 1722 2884 comt
1763 2826 1847 2872 t'
1888 2810 2391 2873 verschijnen,
2433 2805 2559 2854 eer
2599 2801 2685 2849 d'
2726 2793 2979 2845 engels

892 2950 1078 3002 daer
1120 2942 1263 2993 toe
1307 2919 1773 2984 aenleggen,
1818 2915 1958 2963 als
2004 2905 2330 2959 wanneer
2375 2898 2561 2948 twee
2607 2886 2932 2942 tochten

898 3038 1090 3095 naer
1131 3023 1421 3081 gamron
1466 3001 2036 3066 g'voegelijck
2082 2991 2320 3044 soude
2367 2988 2557 3036 doen
2603 2982 2888 3033 connen

893 3125 1013 3177 ten
1049 3115 1245 3169 waere
1280 3111 1401 3159 dat
1437 3101 1710 3153 uEd=les
1747 3097 1827 3146 (:
1864 3085 2098 3140 jndien
2135 3078 2253 3128 den
2290 3072 2564 3121 vicerij
2602 3066 3030 3116 t'aenstaend

883 3219 1054 3275 jaer
1093 3211 1221 3263 bij
1258 3204 1346 3254 't
1387 3199 1598 3249 voors
1637 3179 2141 3242 Continueert)
2181 3166 2601 3222 resolveren
2641 3156 2812 3210 geen

857 3304 1451 3371 vrachtgoederen
1490 3296 1664 3348 over
1703 3290 1791 3338 te
1830 3278 2088 3333 voeren
2129 3275 2215 3321 om
2255 3270 2427 3318 daer
2469 3268 2639 3315 door
2679 3258 2852 3312 Voor

979 3426 1074 3478 E:
1118 3410 1346 3471 Comp:
1389 3398 1482 3451 te
1523 3381 1844 3440 meerder
1887 3370 2206 3424 Cleeden
2251 3367 2343 3414 t'
2387 3353 2933 3413 benificeeren

896 3439 973 3491 d'

890 3537 1095 3590 edoch
1131 3525 1216 3579 de
1254 3509 1459 3567 wijle
1497 3500 1580 3550 op
1618 3489 1742 3541 soo
1780 3483 1864 3532 en
1901 3463 2309 3525 onseeckere
2347 3451 2511 3507 veel
2551 3447 2836 3496 meerder

914 3624 1194 3685 emploij
1230 3615 1391 3667 voor
1428 3602 1668 3657 gamron
1706 3590 1906 3645 (:als
1945 3582 2104 3633 d'E:
2138 3560 2578 3624 geleijnss:e
2617 3557 2737 3603 sal
2775 3555 3014 3604 eijsen

896 3721 1066 3777 niet
1106 3717 1190 3765 en
1229 3709 1439 3761 soude
1478 3702 1730 3753 derven
1771 3695 1979 3745 doen,
2018 3689 2145 3738 soo
2183 3677 2394 3733 staet
2434 3662 2726 3721 wederom
2763 3653 2850 3704 te

895 3797 1476 3861 considereren,
1518 3788 1743 3842 offte
1783 3778 1966 3832 niet
2010 3774 2189 3821 meer
2233 3771 2367 3818 met
2410 3759 2680 3815 vracht
2723 3749 2991 3802 voeren

896 3901 1024 3949 als
1064 3896 1150 3944 op
1190 3888 1318 3939 een
1358 3859 1991 3930 geringh-cleeden
2032 3852 2454 3903 carjesoen,
2495 3844 2706 3896 soude
2746 3835 2960 3888 comen

872 3989 1221 4054 gewonnen
1262 3975 1566 4032 werden,
1603 3967 1739 4019 ten
1780 3952 2126 4010 anderen,
2169 3946 2299 3996 van
2342 3941 2472 3989 ons
2514 3928 2947 3985 geweijg=ts

887 4084 1257 4143 werdende,
1297 4080 1380 4128 om
1420 4071 1666 4123 moorsz
1706 4061 2035 4116 goederen
2069 4058 2157 4105 te
2198 4053 2485 4103 laaden,
2523 4046 2649 4097 soo
2689 4038 2936 4091 souden

896 4178 1223 4235 d'engels
1259 4169 1386 4223 met
1423 4163 1549 4213 die
1589 4149 1998 4207 proffijten
2038 4143 2202 4193 door
2241 4135 2447 4186 gaan,
2487 4131 2570 4179 en
2610 4124 2814 4174 boven
2854 4119 3019 4168 dien

893 4276 1034 4326 den
1079 4261 1311 4319 gunst
1356 4247 1633 4303 vanden
1678 4232 2139 4290 gouverneur
2184 4224 2370 4277 ende
2414 4218 2553 4267 wij
2600 4213 2830 4263 sijne
2875 4210 2925 4258 —

894 4359 1291 4423 disgratie
1333 4349 1510 4403 daer
1551 4340 1728 4392 door
1770 4320 2168 4385 Capteeren

16 2763 66 2808 0

0 4118 29 4164 r
