3642 4828
895 505 1168 572 aptil
1220 503 1328 551 ao
1374 487 1595 548 1646

1358 678 1559 732 pagoden
1586 677 1643 723 op
1672 678 1899 724 respende
1927 678 2012 724 als
2040 676 2211 723 Vraght
2237 674 2352 720 ende
2381 674 2551 719 eenige
2579 673 2920 719 C'eenicheden
2947 673 3118 720 tsamen
3145 671 3231 718 ter
3260 669 3458 716 monture

1351 780 1467 828 van
1503 778 1544 825 f
1582 773 1851 821 228846„
1888 769 2082 817 8„13„
2119 767 2235 815 met
2273 766 2466 812 ordre
2503 767 2657 814 ende
2695 767 3195 814 recommandatie
3232 770 3271 815 —

1362 880 1549 935 gemelte
1574 876 1734 924 fluijt
1759 873 1840 920 met
1864 871 1919 918 't
1944 863 2236 915 Invoorraedt
2261 861 2368 907 voor
2394 859 2500 906 Bat.
2526 859 2555 905 a
2579 862 2738 909 aldaer
2764 861 2949 907 beladen
2976 861 3134 907 sijnde
3161 859 3240 906 soo
3266 854 3372 904 drae

1355 978 1613 1029 miogelijck
1639 976 1742 1023 syjn
1766 967 2102 1021 gedestineerde
2128 964 2232 1013 reys
2257 963 2309 1009 te
2334 962 2463 1008 laten
2489 960 2799 1008 performeren,
2824 959 2902 1005 den
2927 957 3185 1005 almogenden
3210 952 3445 1002 geleijdse

1342 1093 1579 1151 spoedigh
1606 1089 1666 1136 in
1694 1085 1841 1133 salvo

1215 1245 1307 1297 Ag2
1333 1238 1395 1287 en
1424 1237 1454 1282 3
1477 1230 1542 1282 d.
1571 1228 1601 1274 o
1629 1224 1749 1273 niet
1778 1222 2164 1270 remarcquakels
2192 1218 2552 1270 voorgevallen

1203 1411 1262 1457 Ag
1286 1405 1320 1453 4
1344 1400 1406 1447 d.
1433 1398 1463 1444 o
1492 1398 1724 1443 becomep.
1753 1398 1783 1444 r
1811 1398 2188 1444 wasulipatamse
2217 1398 2507 1445 pattamaers
2536 1400 2797 1447 Missivein
2826 1401 2942 1446 dato
2971 1401 3030 1447 8.
3058 1402 3116 1447 en
3144 1397 3320 1445 meert—

1353 1507 1497 1555 vande
1525 1505 1988 1552 opverwoopluijden
2014 1509 2073 1556 W:
2100 1507 2188 1554 ren
2216 1506 2533 1553 Pietersijme
2562 1506 2677 1552 ende
2705 1504 2850 1551 Iacob
2878 1502 3023 1548 Suius
3052 1500 3229 1551 dienen

1352 1627 1438 1675 ten
1466 1624 1779 1671 principaele
1806 1622 1892 1669 tot
1919 1619 2232 1667 accompagnie
2259 1617 2346 1664 van
2374 1613 2573 1662 missive
2600 1607 2856 1657 gedateerd
2884 1605 2941 1651 20
2969 1603 3111 1649 febr.
3139 1600 3313 1647 aenden

1350 1737 1661 1794 Gouverneur
1691 1734 1877 1781 Arnold
1907 1731 2124 1779 Beussen
2154 1728 2494 1777 midtsgaders
2524 1724 2710 1773 andere
2739 1715 3080 1767 doccumenten
3110 1714 3234 1760 taen
3264 1713 3296 1759 C
3324 1711 3359 1758 —

1356 1860 1520 1912 Heeren
1546 1857 1683 1904 haden
1709 1854 1791 1901 Van
1816 1851 1954 1899 India
1980 1847 2280 1896 gecarteert,
2306 1842 2496 1893 daerbij
2523 1840 2659 1887 onder
2685 1836 2876 1884 anderen
2902 1832 3120 1880 Vernemen
3146 1824 3230 1876 hoe

1349 1985 1411 2036 op
1437 1979 1497 2028 17
1522 1969 1783 2021 februarij
1811 1969 1868 2014 in
1897 1967 2127 2014 souratta
2155 1965 2241 2011 wel
2268 1957 2586 2010 g'arriveert
2612 1953 2700 2002 Was
2727 1950 2786 1997 't
2814 1948 2958 1994 Jacht
2987 1946 3044 1993 d'
3072 1943 3188 1990 panw
3215 1935 3388 1988 sijnde

1341 2108 1422 2155 den
1447 2105 1528 2152 20.
1552 2102 1582 2148 e
1607 2095 1796 2145 passado
1820 2092 1902 2138 van
1929 2091 2089 2137 ganron
2116 2087 2383 2136 gescheyden
2409 2087 2463 2132 en
2489 2074 2864 2131 rapporteerden,
2890 2070 2944 2118 d'
2970 2061 3185 2114 gecomene
3211 2055 3401 2105 Vrunden

1347 2219 1434 2265 dat
1461 2215 1550 2262 bij
1577 2213 1636 2259 d'
1663 2210 1781 2258 Cabo
1808 2204 2013 2255 Jacques
2041 2199 2389 2250 Versproocken
2417 2197 2591 2244 hadden
2620 2197 2678 2242 't
2707 2194 2852 2242 Jacht
2880 2188 3257 2238 Valcquenburgh
3284 2184 3407 2231 naer

1346 2335 1428 2381 dat
1454 2334 1483 2380 u
1509 2328 1647 2377 dagen
1674 2327 1756 2373 Van
1782 2322 2002 2371 souratta
2028 2316 2302 2366 vertrocken
2330 2315 2439 2361 was,
2466 2313 2576 2360 ende
2603 2311 2685 2358 des
2712 2310 2904 2355 anderen
2931 2308 3095 2355 daeghs
3122 2308 3177 2354 d'
3204 2306 3368 2355 fluijt

1345 2448 1590 2504 overschie
1616 2446 1697 2493 die
1722 2443 1778 2490 t0
1804 2440 1939 2487 dagen
1964 2439 2019 2486 op
2044 2436 2126 2483 den
2152 2434 2288 2481 Negen
2314 2430 2503 2479 geweest
2529 2428 2670 2476 hadde

1347 2605 2136 2665 d'Cauwasongest
2184 2614 2301 2663 in
2355 2589 3311 2655 Mochageprocureert

1343 2721 1503 2774 wierdt
1528 2719 1607 2765 met
1634 2717 1686 2764 69
1712 2715 1791 2762 1/5
1817 2714 1869 2759 p.
1895 2712 1922 2758 r
1947 2712 2003 2758 C.
2025 2716 2054 2763 o
2078 2716 2314 2766 vercocht,
2339 2714 2445 2761 ende
2470 2708 2837 2759 uijtgeleverdt,
2862 2706 2968 2753 ende
2993 2703 3125 2750 tegen
3150 2702 3204 2748 't
3229 2700 3441 2748 aenstaen

1343 2824 1586 2879 Saijsoen
1615 2821 1707 2869 240
1734 2817 1767 2864 O
1796 2814 1857 2860 lb
1887 2811 2008 2859 voor
2037 2808 2250 2855 Bassoro
2280 2808 2340 2854 en
2368 2803 2582 2852 Gannaon
2612 2799 2854 2848 g'eyscht
2884 2799 2975 2845 dat
3004 2798 3216 2844 verred'
3246 2791 3428 2843 vorige

1359 2932 1581 2988 petitie
1610 2922 1924 2975 excedeert,
1955 2917 2080 2966 ende
2112 2910 2612 2962 Consequentelijck
2642 2908 2768 2955 d'E.
2798 2904 2987 2952 Compe.
3015 2902 3112 2951 van
3142 2900 3301 2947 desen

1371 3028 1966 3090 handelgrotevoordelen
1994 3025 2055 3073 te
2085 3022 2293 3070 trecken
2320 3017 2534 3066 stondt.

1227 3201 1323 3258 A75
1346 3190 1413 3240 d.
1440 3186 1475 3233 .
1501 3171 1781 3228 vertrecke
1811 3167 1904 3215 van
1934 3162 2057 3211 dees
2086 3159 2241 3206 rhede
2272 3154 2395 3204 naer
2423 3148 2763 3197 Trimeledaes
2794 3148 2917 3194 ende
2947 3149 3132 3195 Carcal
3162 3149 3224 3194 't
3254 3144 3408 3194 Jacht

1356 3279 1728 3336 grijpskercke
1757 3273 1945 3323 sijnde
1976 3271 2162 3318 daerin
2193 3269 2286 3316 tot
2317 3263 2534 3313 proghes
2564 3261 2751 3308 vanden
2782 3258 2968 3306 handel
2998 3256 3309 3303 derwaerdts
3339 3257 3371 3302 —

1345 3406 1460 3460 ende
1485 3398 1684 3450 procure
1711 3396 1796 3442 der
1823 3388 2020 3440 slaeven
2046 3385 2215 3432 daerin
2243 3384 2439 3431 geladen
2466 3382 2551 3429 300
2579 3377 2831 3427 opaghoden
2858 3372 2971 3421 2002
2998 3366 3167 3415 realen
3194 3365 3279 3411 van
3306 3365 3426 3415 8=en

1336 3524 1412 3574 In
1446 3514 1667 3568 specie
1702 3509 1849 3557 5000
1884 3506 1994 3553 ts.
2029 3499 2249 3549 Japans
2285 3489 2795 3543 schuijtslilver
2831 3481 2977 3533 4800
3013 3478 3086 3524 lb
3122 3473 3341 3522 rompen

1354 3637 1502 3694 1479
1534 3629 1611 3680 lb
1643 3616 1899 3671 Jappars
1935 3608 2189 3662 Champer
2225 3607 2334 3653 239
2369 3606 2442 3652 /8
2478 3606 2551 3651 lb
2584 3599 2986 3651 quicksilver
3019 3593 3094 3642 en
3129 3581 3275 3636 5860
3309 3573 3384 3624 lb

1345 3738 1607 3801 gebroocke
1635 3732 1896 3782 geschudt,
1924 3729 2012 3776 den
2039 3722 2330 3773 almogenden
2358 3720 2589 3767 geleijde
2618 3721 2676 3766 't
2703 3715 2907 3766 gemelte
2935 3713 3080 3759 Iacht
3108 3712 3372 3759 spoedich—

1338 3846 1678 3903 derwaerdts
1711 3845 1780 3892 en
1808 3841 1915 3892 met
1949 3840 2017 3885 't
2051 3832 2458 3885 Jnvoorraeldt
2491 3827 2764 3876 leggende
2797 3825 2968 3873 weder
3000 3823 3308 3874 herwaerts

1180 4030 1245 4077 An
1269 4020 1308 4069 6
1336 4012 1403 4062 d.
1431 4005 1466 4053 o
1496 3995 1690 4048 versch
1719 3989 1849 4038 yndt
1880 3979 2072 4033 alhier
2104 3976 2200 4023 ter
2231 3972 2392 4020 rhede
2421 3968 2519 4015 uyt
2549 3959 2838 4013 Bengaelen
2869 3956 2934 4002 't
2966 3956 3126 4002 fluyt
3155 3956 3317 4003 schip

1353 4087 1692 4155 Beenstede
1727 4074 2253 4130 (hyndebelaeden
2288 4069 2402 4118 met
2437 4067 2554 4117 een
2583 4062 3075 4119 Cargasoertgen
3112 4060 3381 4113 bestaen

3155 4191 3330 4242 uyt
