3642 4883
949 551 1316 613 novembr.
1359 556 1544 607 1643

1390 715 1486 761 ende
1509 715 1606 761 geen
1629 717 1797 763 roovers
1821 716 1989 763 gelijck
2013 716 2253 764 getacxeert
2276 720 2444 767 wierden
2468 722 2636 769 waeren,
2658 723 2852 770 hebbende
2874 725 2923 772 d'
2946 727 3188 779 hollanders
3209 735 3407 785 daervoor

1378 826 1493 872 lange
1515 825 1653 870 saeren
1675 825 1859 871 gekendt,
1881 826 1973 872 oocq
1995 825 2064 871 dat
2087 825 2156 871 ons
2179 826 2248 871 met
2270 827 2317 873 d'
2339 828 2477 875 deenen
2499 830 2590 877 niet
2613 831 2866 880 bemoeijden,
2887 836 2980 883 ende
3002 838 3071 884 die
3093 837 3208 884 sijne
3231 837 3368 884 hooch.
3391 839 3414 884 t

1366 942 1490 988 sulcx
1515 938 1787 987 aengediendt
1811 935 1936 982 hadde
1960 934 2060 980 niet
2084 935 2308 981 bethoonde
2332 936 2432 983 sijn
2456 939 2630 986 proffyt
2654 941 2803 988 soght,
2827 943 2902 989 dat
2926 944 3002 990 een
3025 944 3150 990 ijder
3173 943 3249 989 wel
3272 943 3422 991 bekent

1364 1054 1465 1100 was,
1490 1052 1565 1099 wat
1588 1049 1665 1096 den
1689 1047 1864 1094 soberen
1887 1044 1989 1092 deen
2013 1042 2089 1088 met
2113 1041 2314 1090 weijnich
2338 1046 2464 1093 volcq
2485 1046 2587 1094 ende
2612 1046 2638 1091 2
2662 1047 2713 1094 a3
2737 1050 3012 1098 Vaertuijgen
3036 1051 3312 1098 uijtgerecht

1357 1161 1485 1212 hadde
1510 1158 1737 1206 derhalven
1761 1154 1988 1203 geliefden
2012 1153 2063 1199 te
2088 1153 2390 1200 considireren
2415 1155 2490 1200 wat
2515 1155 2566 1200 d'
2590 1154 2843 1201 hollanders
2867 1155 2943 1201 met
2967 1155 3093 1200 hunne
3118 1154 3269 1202 groote
3294 1154 3422 1203 macht

1352 1271 1512 1326 souden
1537 1267 1695 1315 cunnen
1721 1266 1774 1312 te
1798 1261 2115 1310 wegebrengen,
2140 1261 2219 1307 die
2245 1261 2350 1306 haer
2376 1261 2455 1306 met
2480 1261 2534 1308 't
2559 1262 2691 1308 nemen
2715 1262 2848 1308 vande
2873 1260 3084 1308 moorsche
3109 1257 3293 1306 schepen
3313 1254 3346 1303 —

1361 1384 1459 1433 niet
1480 1379 1628 1429 alleen
1651 1373 1916 1423 Contenteren
1940 1372 2109 1418 souden,
2133 1373 2230 1418 maer
2253 1373 2350 1419 oocq
2373 1372 2470 1418 alle
2493 1372 2686 1418 desselfs
2710 1371 2855 1417 landen
2879 1371 2999 1417 aende
3021 1370 3095 1417 see
3118 1368 3167 1415 en
3191 1366 3361 1413 revuere
3383 1367 3408 1412 —

1361 1496 1578 1545 leggende,
1600 1492 1745 1540 conden
1769 1489 2034 1537 Infesteren,
2057 1488 2178 1533 sulcx
2202 1488 2274 1533 hem
2298 1488 2371 1533 als
2394 1487 2467 1532 een
2491 1486 2660 1532 getrouw
2683 1487 2851 1533 dienaer
2875 1486 2948 1533 was
2972 1484 3092 1531 haden
3115 1482 3165 1528 In
3186 1476 3333 1525 corten
3354 1474 3385 1522 —

1363 1613 1485 1664 aende
1508 1607 1747 1657 residenten
1770 1605 1842 1651 van
1865 1605 1913 1650 de
1937 1604 2033 1650 E.:.
2056 1605 2271 1651 Compagnie
2293 1603 2342 1649 te
2365 1602 2604 1650 schrijven,
2627 1602 2722 1648 ende
2746 1601 2914 1647 deselve
2936 1601 3080 1647 eenich
3103 1597 3247 1646 faveur
3269 1593 3324 1640 te

1348 1730 1574 1780 bewijsen,
1599 1727 1650 1775 of
1673 1726 1749 1772 dat
1774 1727 1923 1772 anders
1948 1726 2073 1772 nuets
2098 1724 2372 1773 gepasseerde
2396 1723 2447 1769 In
2471 1723 2721 1769 rasiemalpe
2744 1720 2871 1767 groot
2895 1717 3020 1764 quaet
3045 1714 3170 1762 soude
3194 1708 3344 1758 linnen

1339 1839 1579 1893 spruijten
1603 1839 1631 1885 E
1657 1838 1737 1884 den
1763 1836 2028 1884 Gouverneur
2054 1835 2399 1882 Mierhiamamijn
2424 1837 2558 1884 hadde
2583 1840 2663 1885 van
2689 1837 2875 1886 Pixelij
2900 1834 3139 1883 Insgelicx
3165 1832 3325 1878 aenden
3350 1833 3379 1880 —

1310 1951 1463 2008 Prince
1488 1951 1763 1997 geschreven,
1788 1950 1888 1996 ende
1912 1947 2163 1994 weecqbeecq
2188 1946 2388 1993 daermede
2413 1944 2613 1992 leelijck
2637 1943 2914 1993 afgemaeckt,
2937 1949 3012 1995 wat
3036 1946 3262 1995 andswoort
3286 1946 3337 1993 op
3361 1943 3412 1991 't

1344 2049 1441 2095 ende
1464 2049 1513 2095 't
1537 2048 1658 2094 ander
1682 2048 1803 2094 Comen
1827 2048 1900 2093 sal
1924 2047 2021 2094 moet
2044 2046 2117 2092 den
2141 2045 2214 2091 tyt
2238 2045 2461 2092 openbaren

1240 2179 1527 2234 Genoemden
1558 2186 1623 2233 s.
1654 2187 1687 2232 r
1717 2188 1910 2236 Cuijck
1941 2186 2101 2232 hadde
2132 2185 2198 2231 in
2228 2184 2420 2233 onglij
2451 2183 2548 2229 van
2578 2178 2803 2226 miersia
2834 2174 3122 2222 ametbeecq
3153 2173 3283 2220 mede

1331 2290 1458 2338 2025½
1482 2289 1559 2336 man
1582 2284 1786 2334 salpeter
1811 2284 1887 2329 ten
1912 2282 2064 2329 prijse
2089 2282 2166 2328 van
2190 2283 2216 2328 3
2240 2283 2317 2331 3/2
2340 2283 2443 2330 ro/a
2467 2281 2519 2328 d'
2543 2279 2620 2325 man
2644 2276 2746 2325 vvan
2771 2276 2823 2322 61
2846 2276 2898 2322 lb
2922 2275 3302 2323 gecontracteert,
3327 2277 3378 2322 en

1338 2385 1567 2435 ontfangen
1592 2385 1643 2430 om
1668 2383 1744 2429 met
1770 2380 2023 2428 eliphanten
2048 2380 2100 2425 of
2124 2379 2276 2426 andere
2301 2379 2682 2427 Coopmanschappen
2707 2377 2884 2424 betaelt
2910 2377 2960 2422 te
2985 2372 3163 2421 werden,
3187 2371 3268 2419 den

1331 2492 1515 2542 salpeter
1538 2492 1584 2537 en
1606 2490 1791 2536 degember
1813 2489 1905 2534 door
1927 2486 1997 2533 den
2020 2485 2295 2531 Ondercoopman
2318 2486 2364 2532 S.
2386 2487 2409 2532 a
2432 2486 2501 2532 Jan
2524 2485 2776 2531 Sonneschijn
2797 2482 2868 2530 &:r
2891 2482 2959 2527 den
2982 2479 3190 2527 adsistent
3211 2477 3350 2526 frans—

1329 2597 1576 2650 sandtvoort
1600 2592 1846 2642 afgesonden
1868 2591 1943 2636 die
1967 2588 2262 2635 g'ordonneert
2286 2588 2409 2634 hadde
2433 2588 2531 2634 naer
2556 2588 2703 2635 Onglij
2726 2589 2776 2634 te
2800 2585 2972 2634 brengen
2994 2582 3045 2630 om
3070 2581 3144 2627 van
3167 2577 3315 2625 daerin

1336 2709 1506 2761 october
1530 2708 1578 2754 p.
1601 2707 1626 2753 r
1648 2704 1746 2752 maer
1770 2702 1866 2749 naer
1889 2701 2058 2747 pipelij
2082 2700 2131 2746 te
2154 2698 2298 2745 comen,
2322 2697 2467 2744 wierst
2490 2696 2587 2742 door
2609 2695 2683 2741 den
2705 2691 2899 2740 Corcorij
2922 2689 3092 2735 Inbatia
3115 2686 3408 2735 aengehouden,

1323 2819 1473 2872 anders
1494 2814 1595 2864 geen
1618 2811 1790 2858 redenen
1814 2808 1985 2855 gevende
2009 2807 2083 2852 als
2107 2806 2157 2852 't
2181 2805 2303 2851 selve
2327 2805 2450 2851 ordre
2473 2800 2621 2849 vanden
2645 2797 2767 2844 Nabab
2791 2796 2841 2842 te
2863 2794 3012 2841 weten,
3036 2792 3231 2840 waerdoor
3255 2789 3329 2836 den

1326 2919 1504 2974 Gembeer
1528 2916 1605 2963 dit
1630 2914 1732 2961 Jaer
1755 2911 1833 2958 tot
1857 2908 2010 2955 groote
2034 2907 2213 2955 schaede
2236 2907 2364 2955 vande
2388 2907 2465 2954 E„n
2490 2904 2718 2952 Compagnie
2743 2903 2844 2949 naer
2870 2903 2922 2950 't
2945 2904 3097 2951 patria
3122 2902 3224 2948 niet
3247 2900 3326 2947 sal

1317 3023 1456 3074 cunnen
1477 3016 1752 3067 retourneren,
1775 3016 1821 3061 8.
1843 3015 1866 3061 a
1889 3013 2140 3060 sonneschijn
2162 3012 2368 3058 adviseert
2390 3013 2460 3059 bij
2482 3014 2573 3060 sijn
2596 3012 2756 3059 missive
2778 3012 2847 3057 van
2869 3009 2961 3057 dato
2982 3007 3030 3053 6.
3052 3007 3098 3053 en
3118 3003 3234 3052 Julij
3255 3000 3348 3047 uijt

1301 3123 1488 3177 Pattana
1513 3121 1595 3168 dat
1619 3120 1753 3167 weder
1779 3119 1886 3165 1000
1911 3118 1993 3165 man
2015 3116 2230 3166 salpeter
2256 3115 2336 3161 met
2362 3114 2521 3160 groote
2548 3112 2733 3159 moeijte
2759 3111 2813 3157 en
2839 3110 3051 3156 travalie
3077 3108 3237 3155 (alsoo
3262 3103 3370 3153 door

1321 3228 1372 3275 't
1395 3223 1521 3272 volcq
1545 3221 1694 3267 vanden
1718 3217 1868 3265 Prince
1892 3217 1992 3263 Inde
2017 3216 2191 3262 procure
2215 3217 2315 3262 seer
2339 3214 2588 3262 g'obsteert
2613 3215 2762 3261 Wieret
2785 3212 2985 3260 weerdigh
3009 3212 3134 3257 hadde
3158 3210 3392 3259 gecrepen,

1310 3332 1426 3385 ende
1452 3324 1679 3375 dagelicx
1706 3320 1792 3368 met
1820 3317 2158 3365 versamelinge
2186 3318 2271 3363 van
2299 3316 2694 3363 meerderpartije
2721 3314 2891 3362 besigh
2919 3313 3004 3359 was
3031 3309 3288 3358 waermede—

1323 3434 1436 3484 naer
1464 3430 1547 3479 den
1573 3423 1878 3474 regentgehjt
1905 3422 1962 3468 af
1988 3423 2044 3468 te
2071 3421 2209 3467 comen
2237 3421 2377 3470 stomt

1240 3576 1311 3629 In
1343 3565 1571 3621 pattana
1603 3560 1701 3608 was
1733 3557 1831 3604 den
1864 3556 1961 3602 24.
1994 3556 2059 3603 en
2091 3556 2287 3602 meeije
2318 3553 2548 3601 passado
2580 3551 2678 3597 een
2710 3550 2743 3596 e
2775 3538 3167 3595 vreselijcken
3198 3528 3395 3582 brandt

1308 3659 1519 3715 onsstaen
1544 3653 1752 3703 duerende
1777 3652 1856 3698 wel
1882 3652 1908 3697 2
1934 3652 1962 3698 a
1983 3652 2012 3699 3
2038 3652 2168 3697 dagen
2194 3652 2272 3698 aen
2298 3651 2506 3698 anderen,
2532 3650 2662 3698 sulcx
2687 3650 2792 3696 meer
2817 3649 2896 3695 als
2920 3647 2974 3694 d'
2998 3640 3130 3690 halve
3152 3632 3286 3682 stadt

1299 3753 1547 3814 afgebrands
1571 3750 1670 3797 ende
1694 3749 1792 3795 veel
1816 3748 2038 3795 wenschen,
2062 3749 2186 3796 enden
2209 3749 2283 3795 Wee
2307 3747 2528 3794 elsendigh
2552 3748 2627 3794 aen
2650 3745 2749 3792 haer
2771 3741 2921 3790 eijnde
2946 3739 3118 3786 gecomen
3141 3736 3242 3783 sijn

1253 3913 1289 3961 1
1314 3905 1547 3963 Jappans
1577 3895 1970 3949 schuytsilver
2002 3893 2101 3939 p:r
2132 3891 2461 3939 d'schaloup
2491 3891 2720 3939 pipelij
2752 3892 2850 3939 van
2882 3884 3372 3936 hierderwaerdts—

1298 4008 1563 4058 versonden
1591 4007 1679 4052 was
1708 4007 1767 4052 in
1796 4001 2146 4052 Cassumbasaer
2172 3999 2292 4046 voor
2320 4000 2409 4049 32½
2437 4005 2554 4050 ro/a
2582 4001 2642 4049 't
2670 4000 2729 4046 lb
2758 3997 3021 4046 hollandts
3048 3989 3314 4041 verkoght,

1310 4111 1499 4158 d'sside
1526 4110 1661 4157 bleet
1688 4112 1851 4159 aldaer
1874 4111 1932 4159 op
1958 4109 2040 4155 een
2067 4108 2229 4155 hoogen
2254 4107 2418 4154 prijs,
2445 4108 2607 4154 echter
2634 4108 2851 4154 verhoopt
2875 4103 2959 4153 den
2985 4097 3284 4147 onderwopman
3309 4099 3337 4144 —

1287 4214 1440 4269 Jacob
1469 4209 1560 4258 van
1589 4207 1711 4253 Bost
1740 4209 1801 4256 't
1830 4212 2071 4259 aenwesen
2101 4208 2342 4257 Capitael
2371 4209 2432 4255 p.
2461 4210 2492 4255 r
2521 4207 2642 4254 tout
2672 4202 2883 4252 october
2912 4201 2972 4247 in
3001 4198 3183 4247 gerede
3213 4194 3363 4242 sijde

1294 4317 1351 4367 te
1376 4307 1538 4361 sullen
1563 4303 1780 4351 omsetten

2810 4379 2859 4426 T
2898 4377 3147 4426 fluyt

2737 4368 2782 4414 ƒ
