3410 4985
786 369 917 419 na

473 438 761 493 augusti
802 448 886 501 ao
925 458 1173 509 1646/.

2463 468 2545 514 In
2583 464 3035 512 Rangasachij
3075 465 3159 511 /.

818 689 934 738 adij
962 692 1108 738 13:en
1137 692 1312 738 ditto,
1340 693 1457 739 comt
1485 694 1718 742 tijdinge
1744 696 1833 743 van
1862 696 2008 743 'twee
2036 697 2299 751 scheepen,
2326 707 2414 754 wes
2442 709 2530 756 den
2559 711 2907 762 ondercoopman
2935 717 2994 763 de
3023 717 3169 763 grood

1080 797 1201 845 ende
1230 801 1470 849 schipper
1500 803 1679 850 willem
1709 805 1830 851 dogh
1859 807 1950 852 nae
1979 808 2190 860 buijten
2219 815 2489 862 gesonden,
2518 818 2609 865 met
2638 819 2701 865 't
2728 822 2908 870 vallen
2938 824 3118 870 vanden

1077 904 1234 953 wond,
1264 909 1420 956 sagen
1451 911 1702 960 genoemde
1731 916 1857 964 twee
1887 919 2138 967 schelpen
2168 923 2231 970 de
2261 926 2418 975 hoeck
2448 929 2605 975 vande
2635 928 2761 974 baij
2791 929 2854 975 om
2885 930 3073 979 comen,

1079 1019 1170 1067 met
1198 1020 1376 1066 gansch
1405 1020 1848 1074 weijnichcoelte,
1877 1030 2025 1077 sulcx
2053 1032 2262 1083 omtrent
2289 1039 2378 1085 ten
2407 1040 2585 1088 halven
2612 1038 2673 1086 de
2701 1035 2820 1082 baij
2849 1033 3174 1083 genootsacht

1073 1132 1264 1182 werden
1295 1137 1359 1184 te
1390 1139 1644 1191 amkeren,
1675 1147 2024 1197 voorschreve
2054 1152 2118 1198 de
2150 1152 2308 1199 groot
2339 1153 2466 1199 ende
2498 1152 2751 1199 schipper
2783 1152 2941 1197 dogh,
2972 1151 3146 1198 weder

1079 1250 1324 1299 keekende
1354 1255 1782 1312 rapporteerden,
1812 1268 2027 1317 'tselve
2056 1271 2179 1318 twee
2209 1271 2454 1320 fluijten
2483 1275 2576 1321 den
2605 1274 2790 1322 Connil
2820 1274 2912 1319 van
2942 1274 3099 1322 polen

1068 1363 1199 1412 ende
1229 1366 1483 1416 Berkhoud
1514 1372 1674 1420 waren
1704 1376 1926 1427 comende
1958 1382 2085 1431 uijt
2116 1385 2275 1433 siam,
2305 1386 2434 1433 uijt
2464 1387 2528 1433 de
2560 1388 2782 1433 missive
2813 1387 2940 1432 ende
2972 1387 3196 1435 factura

1072 1476 1270 1524 vanden
1302 1479 1535 1530 Coopman
1566 1487 1665 1536 Jan
1698 1492 1797 1539 van
1829 1495 2061 1546 Muijden
2093 1502 2423 1552 verstonden
2455 1506 2521 1552 de
2554 1505 2719 1553 Carga
2751 1508 2850 1554 van
2883 1503 3081 1553 beijde

1066 1594 1328 1645 fluijten
1360 1600 1425 1646 te
1458 1601 1720 1657 bedragen
1751 1613 1818 1662 gl
1848 1619 2046 1670 42021:
2076 1626 2240 1675 3:12:
2272 1627 2566 1675 Bidsaande
2597 1628 2663 1674 In
2694 1626 2794 1673 her
2826 1626 3088 1673 tevellen

1069 1703 1413 1758 sappanhoud,
1440 1712 1818 1768 Rochevellen,
1846 1724 2004 1771 swart
2034 1726 2192 1776 lack,
2221 1732 2409 1780 eenich
2439 1735 2720 1783 agerhoud,
2751 1735 3159 1785 Busfelshoerns

1065 1816 1197 1865 eht,
1229 1822 1327 1870 den
1360 1825 1753 1882 oppercoopman
1785 1838 2049 1889 Meerdijk
2080 1846 2408 1895 Opperhooft
2438 1847 2539 1893 des
2571 1846 2867 1892 Comptoirs
2899 1848 3030 1894 sian
3062 1848 3161 1894 was

1067 1930 1189 1978 door
1220 1933 1313 1982 een
1342 1938 1528 1989 swarte
1556 1946 1681 1993 rock
1709 1950 1803 1997 met
1832 1953 2047 1999 vergist
2077 1954 2139 2000 om
2169 1956 2445 2010 gebracht,
2475 1965 2569 2013 den
2597 1970 2751 2017 23en
2781 1972 3027 2018 Januarij
3057 1972 3149 2019 a:o

1072 2049 1310 2097 presenti
1338 2052 1636 2108 overleden,
1664 2065 1784 2113 ende
1812 2070 1901 2118 hij
1930 2073 2019 2120 van
2048 2075 2257 2127 muijden
2285 2082 2375 2128 bij
2404 2084 2464 2130 d'
2492 2085 2671 2134 heeren
2699 2089 2850 2138 Raden
2878 2094 2967 2140 van
2996 2095 3150 2144 India

1075 2165 1144 2212 om
1177 2164 1212 2210 t
1246 2164 1519 2218 Comptoir
1551 2174 1654 2222 als
1687 2177 1858 2228 hooft
1890 2185 1959 2231 te
1992 2186 2265 2240 Bedienen
2298 2196 2773 2255 Gecontinmeert,
2806 2211 2909 2259 den
2942 2214 3149 2265 incoop

1065 2287 1167 2332 van
1200 2288 1707 2347 Coopmanschappen
1739 2303 1908 2353 bleef
1939 2307 2008 2354 in
2041 2306 2448 2364 Redelijcken,
2480 2321 2616 2369 maer
2646 2324 2751 2371 den
2783 2328 3020 2375 vercoop
3053 2331 3124 2377 in

1064 2398 1266 2449 gansch,
1291 2404 1521 2458 slechten
1548 2414 1727 2467 standt

1058 2556 1186 2602 door
1217 2557 1472 2609 schipper
1504 2564 1664 2612 Iacob
1695 2568 1888 2619 Iacobs
1918 2575 2207 2625 'struijck
2237 2581 2430 2633 wierde
2460 2589 2558 2639 ons
2587 2595 3034 2655 Gecommuniceert
3066 2610 3164 2656 bij

1070 2671 1268 2720 seecker
1295 2676 1409 2727 acte
1435 2684 1550 2734 dato
1575 2691 1715 2740 17:en
1743 2695 1884 2745 Julij
1911 2701 2108 2752 passado
2135 2707 2221 2755 hoe
2247 2711 2361 2760 drie
2387 2715 2641 2768 portugese
2668 2724 2893 2771 Petaches
2920 2727 3033 2773 daer
3060 2727 3145 2774 van

1041 2780 1106 2830 't
1135 2787 1263 2837 eene
1291 2795 1512 2851 comende
1541 2808 1637 2858 van
1666 2814 1949 2872 negepatam
1979 2829 2105 2877 over
2135 2834 2386 2887 mallacca
2416 2842 2636 2891 gehoord
2667 2846 2824 2892 hadde
2854 2847 3012 2897 (door
3042 2849 3168 2898 twee

1053 2903 1195 2955 onser
1221 2911 1448 2969 onlanghs
1473 2927 1531 2973 te
1557 2930 1726 2983 vooren
1752 2939 1921 2991 aldaer
1948 2947 2285 3004 gearriveerde
2312 2959 2509 3013 schepen
2535 2969 2648 3017 uijt
2675 2972 2872 3021 Batavia
2900 2972 3125 3021 tijdinge

1064 3031 1331 3082 gebracht
1364 3038 1498 3087 twee
1530 3044 1797 3096 galwvens
1828 3051 1964 3108 uijt
1992 3064 2095 3111 Eda
2127 3066 2229 3115 met
2260 3072 2627 3132 ambassadeur
2658 3089 2859 3136 vanden
2891 3092 3126 3139 Connunk

1057 3156 1146 3203 van
1175 3158 1444 3213 portugael
1473 3168 1742 3222 derwaerts
1770 3179 1890 3227 over
1918 3183 1979 3230 na
2008 3186 2158 3236 Iapan
2186 3192 2248 3239 om
2275 3196 2365 3243 den
2394 3199 2574 3248 handel
2602 3204 2811 3253 wederom
2840 3209 2900 3254 op
2929 3209 2989 3256 't
3018 3210 3169 3256 selve

1050 3285 1199 3336 rijck
1227 3292 1286 3338 te
1315 3293 1610 3348 procureren
1637 3304 1933 3360 vertrocken
1960 3316 2109 3362 waren
2136 3318 2283 3366 sulcx
2312 3321 2373 3368 de
2400 3324 2606 3376 tolcken
2635 3331 3017 3380 Gecommunieert
3046 3330 3194 3380 hebbe

1053 3408 1148 3457 den
1177 3413 1490 3468 Gouverneur
1520 3425 1647 3473 daer
1675 3430 1771 3478 van
1800 3434 1864 3481 te
1893 3438 2268 3492 verwittigen,
2299 3448 2392 3495 met
2423 3450 2735 3498 vermaninge
2766 3453 2985 3500 'tselve
3015 3453 3144 3503 voor

1059 3531 1324 3584 geruchten
1350 3540 1441 3590 van
1466 3547 1786 3601 portugesen,
1814 3557 1931 3605 ende
1958 3561 2075 3609 niet
2103 3565 2221 3613 voor
2247 3570 2480 3622 volcomen
2508 3578 2769 3625 waerheijt
2798 3579 2885 3625 aen
2913 3578 2972 3624 te
3000 3577 3148 3625 nemen

1058 3656 1175 3705 also
1204 3656 1262 3702 de
1291 3657 1668 3715 zeerkertelijt
1695 3672 1782 3719 van
1810 3675 1928 3724 dien
1954 3681 2331 3742 ongetwijffelt
2359 3698 2446 3744 met
2474 3698 2534 3745 d'
2560 3700 2735 3747 eerste
2763 3702 2966 3754 schepen
2994 3708 3086 3757 van

1056 3776 1264 3825 Batavia
1291 3782 1410 3833 over
1437 3789 1730 3844 'taijouan,
1758 3800 1819 3846 te
1845 3803 2080 3854 vernemen
2108 3810 2258 3863 staen

780 3927 911 3974 adij
944 3925 1077 3972 14:e
1108 3928 1274 3976 ditto
1306 3932 1471 3985 comen
1503 3941 1800 3994 voornemde
1831 3950 2062 3997 schepen
2094 3952 2227 4001 hier
2259 3957 2392 4006 voor
2423 3960 2687 4008 schisima
2718 3958 2851 4008 ofte
2882 3963 2916 4009 s
2949 3957 3147 4006 Comp:s

1049 4049 1369 4096 Residertie
1401 4050 1595 4104 plaets
1625 4060 1723 4109 ten
1754 4065 1947 4117 amkert

799 4166 913 4213 adij
941 4167 1026 4214 15:
1054 4169 1139 4215 16:
1167 4170 1226 4217 en
1251 4171 1310 4218 11
1337 4170 1423 4216 d:o
1451 4171 1537 4216 bij
1565 4171 1622 4216 de
1650 4172 1849 4222 schepen
1876 4176 2047 4225 gelost
2076 4179 2161 4225 met
2189 4179 2304 4225 goet
2330 4177 2530 4226 gewegen
2557 4176 2728 4223 zonder
2756 4176 2927 4223 eenige
2955 4178 3182 4227 molestie

2558 4400 2773 4454 Ditto
2814 4395 3160 4452 Becomen.

488 316 570 363 .

593 371 737 417 50

3376 418 3410 467 a
