3410 4985
1119 547 1323 607 Chunden
1351 563 1583 612 clachten
1611 568 1729 616 over
1756 572 1816 620 de
1843 576 2220 633 Neederlanders
2248 588 2422 634 wegens
2451 589 2509 634 't
2538 589 2683 636 nemen
2712 591 2916 641 haerder
2943 597 3150 654 Iomken,

1139 673 1257 721 mede
1286 674 1605 725 voorgesteld
1633 681 1809 730 heeft,
1836 686 1953 734 alzo
1980 691 2040 738 de
2067 694 2301 746 chinesen
2328 703 2590 756 voorgaven
2618 712 2676 757 de
2704 712 2879 761 somken
2907 716 2995 763 bij
3023 718 3199 767 d'onse

1139 784 1253 832 voor
1281 786 1480 834 maniela
1507 789 1735 843 verovert
1762 799 1847 847 nae
1876 802 2019 852 Japon
2045 808 2103 855 te
2130 812 2415 868 navigeeren
2441 824 2725 878 voornemens
2753 833 2923 881 waeren
2951 835 3157 882 geweest

1132 904 1319 956 'twelck
1345 911 1428 961 ten
1452 917 1745 972 principalen
1772 927 1852 973 off
1878 929 1959 976 wel
1985 932 2065 978 int
2091 933 2146 979 't
2171 936 2331 983 geheel
2357 938 2438 985 ons
2464 941 2625 991 tegens
2650 947 2864 996 gewoonte
2890 951 3159 1001 verblijven

1128 1024 1183 1069 in
1210 1025 1320 1073 sedo
1346 1029 1810 1085 veroorsaectheeft,
1837 1040 1893 1087 so
1918 1043 2001 1090 dat
2028 1046 2275 1101 bevinden,
2300 1057 2410 1106 door
2437 1061 2493 1108 de
2518 1064 2737 1114 chinesen
2764 1069 2819 1114 de
2846 1069 3009 1116 Comp:e
3036 1070 3176 1120 allen

1133 1142 1449 1194 mogelijcken
1474 1151 1647 1203 hinder
1673 1159 1931 1216 aengedaen
1958 1172 2101 1223 werd,
2128 1179 2215 1227 wat
2241 1183 2356 1232 hier
2384 1188 2441 1234 op
2469 1189 2584 1235 ende
2611 1190 2811 1237 vorders
2838 1191 2897 1237 te
2924 1191 3125 1238 diverse

1143 1261 1330 1308 tijden
1360 1263 1424 1309 te
1453 1265 1609 1317 hoove
1638 1273 1733 1322 als
1762 1279 1824 1326 de
1854 1281 2042 1338 heeken
2070 1294 2503 1348 'tsukingodonne
2534 1303 2597 1348 en
2627 1304 3155 1356 sabroseijmondouwe

1142 1372 1199 1419 op
1226 1375 1535 1431 verscheijde
1560 1388 1756 1439 vraegen
1784 1394 2065 1452 geantwoord
2091 1408 2259 1456 hebbe,
2286 1412 2371 1460 wat
2398 1415 2595 1462 grooter
2621 1418 2764 1466 zaack
2789 1423 2845 1468 't
2873 1423 3185 1477 vrijstellen

1139 1491 1231 1540 der
1260 1495 1563 1551 gevangenen
1592 1507 1684 1557 van
1712 1513 2194 1576 nambogerchtwerd,
2225 1530 2527 1585 mitsgaders
2556 1540 2617 1587 't
2646 1541 2798 1588 geene
2827 1542 2918 1589 mij
2948 1541 3161 1588 wijders

1143 1610 1434 1663 geduirende
1462 1618 1552 1665 ons
1578 1622 1812 1677 aenwesen
1838 1634 1898 1680 In
1925 1636 2042 1685 Gedo
2070 1641 2129 1687 is
2157 1642 2419 1697 bejegent,
2447 1653 2621 1700 zullen
2649 1655 2795 1701 uEd:e
2823 1655 2939 1701 in't
2968 1656 3085 1704 dach
3110 1657 3206 1704 re„

1136 1730 1307 1777 gister
1335 1733 1448 1779 hier
1477 1734 1563 1781 bij
1590 1736 1763 1789 gaende
1788 1746 2017 1804 gelieven
2043 1760 2130 1809 nae
2157 1765 2215 1811 te
2242 1766 2386 1816 zien,
2412 1772 2527 1821 daer
2554 1776 2640 1822 toe
2668 1778 2725 1823 om
2753 1778 2811 1823 in
2838 1779 2981 1825 desen
3008 1779 3181 1827 corten

1138 1850 1196 1896 te
1224 1851 1340 1899 sijn
1369 1854 1485 1902 woij
1511 1857 1772 1910 gedraege.

1134 1998 1195 2048 jn
1224 2004 1344 2051 Jedo
1373 2007 1523 2056 hadde
1552 2011 1881 2065 voorgesteld
1909 2021 2031 2075 otte
2058 2032 2300 2085 versocht
2327 2042 2447 2092 dese
2476 2048 2597 2096 drie
2625 2053 2867 2106 volgende
2893 2064 3133 2121 pruinten

1120 2117 1214 2165 te
1260 2119 1493 2166 weten

1124 2263 1301 2311 eenige
1330 2266 1538 2317 meerder
1565 2274 1832 2332 vrijheijt
1859 2289 2038 2345 jmmers
2064 2302 2243 2358 voorde
2270 2315 2594 2374 principaels
2623 2329 2683 2374 te
2712 2330 3066 2385 wederlanders
3093 2341 3154 2389 in

1117 2370 1262 2420 Japan
1289 2376 1349 2423 de
1375 2380 1810 2448 Coopmanschappen
1836 2405 2040 2461 buijten
2066 2418 2270 2473 pancado
2297 2430 2414 2482 voor
2440 2439 2500 2486 't
2527 2442 2730 2495 maacken
2758 2451 2845 2499 van
2873 2454 2990 2501 dien
3017 2457 3076 2503 te
3103 2459 3190 2507 mo:

1113 2489 1204 2537 gen
1232 2493 1531 2551 vercoopen,
1559 2507 1650 2556 den
1677 2513 1916 2575 uijtvoer
1945 2531 2036 2579 van
2064 2535 2275 2590 Cooper,
2302 2546 2423 2596 waer
2450 2553 2542 2603 van
2570 2559 2631 2607 de
2659 2563 2780 2613 twee
2807 2569 2988 2620 eerste
3016 2576 3140 2626 voor

1114 2610 1198 2659 bij
1225 2614 1395 2668 gegaen
1421 2624 1479 2672 en
1504 2628 1562 2677 't
1587 2633 1728 2686 derde
1754 2643 1840 2691 dat
1866 2648 1924 2695 is
1949 2652 2035 2701 den
2060 2658 2285 2716 uijtvoer
2311 2672 2396 2721 van
2422 2677 2591 2731 Cooper
2617 2688 2868 2744 vrijelijk
2895 2700 3174 2748 toegedoaen

1110 2731 1202 2782 is,
1230 2739 1439 2791 gelijck
1468 2746 1619 2798 sulcx
1647 2754 1709 2803 in
1736 2760 1976 2819 nangasan
2003 2776 2096 2827 kij
2122 2784 2303 2837 alrede
2330 2793 2452 2845 twee
2480 2801 2601 2853 ofte
2629 2809 2750 2859 drie
2777 2816 2929 2868 dagen
2956 2826 3085 2878 voor

1112 2849 1243 2899 onse
1272 2856 1593 2916 aencompste
1623 2873 1817 2928 aldaer
1846 2885 2040 2940 alomme
2070 2896 2422 2959 vercondicht
2452 2916 2583 2967 was,
2612 2924 2709 2973 hoe
2739 2929 2836 2978 wel
2867 2934 2932 2982 op
2963 2938 3091 2989 mijn

1115 2981 1415 3036 affscheijt
1443 2992 1565 3043 uijt
1593 2999 1715 3049 sedo
1743 3005 1865 3056 geen
1893 3012 2044 3063 ander
2072 3018 2316 3079 antwoord
2341 3037 2553 3091 gegeven
2581 3048 2732 3100 werde
2760 3056 2851 3104 als
2880 3059 2972 3109 dat
3000 3065 3151 3114 mijne

1110 3111 1438 3165 voorstellen
1465 3121 1850 3182 geregistreert
1879 3137 2000 3187 ende
2027 3144 2088 3191 de
2115 3147 2413 3204 dispositie
2440 3161 2560 3211 naer
2588 3167 2737 3217 desen
2765 3173 2826 3221 te
2854 3177 3063 3231 wachten

1121 3233 1312 3283 hadde,
1342 3239 1439 3289 van
1468 3245 1565 3294 dit
1595 3250 1849 3307 minerael
1879 3262 2103 3314 blijven
2132 3271 2356 3323 volgens
2386 3280 2544 3326 uEd:e
2576 3280 2799 3332 Bevelen
2828 3288 2988 3339 goede
3018 3295 3180 3352 quan„

1111 3354 1318 3408 titeijt
1344 3365 1639 3421 voornemens
1666 3377 1757 3427 met
1783 3385 1842 3431 de
1870 3386 2077 3441 schepen
2104 3397 2194 3445 van
2221 3401 2340 3451 hier
2367 3407 2720 3465 vertreckende
2747 3421 2982 3469 verdeelt
3010 3424 3081 3474 te

1103 3484 1387 3539 verschden,
1413 3496 1527 3545 daer
1554 3501 1640 3549 van
1666 3506 1724 3553 't
1751 3509 1893 3558 beste
1919 3513 2034 3562 ofte
2060 3518 2259 3574 staatf,
2285 3530 2456 3581 cooper
2482 3537 2568 3583 tot
2595 3539 2906 3592 redelijcken
2933 3548 3102 3599 prijse
3129 3554 3166 3600 a

1080 3641 1142 3690 99
1168 3631 1287 3684 Vp:s
1316 3625 1726 3677 gecontracteert
1754 3633 1872 3683 ende
1900 3639 1991 3687 een
2016 3645 2252 3703 partoije
2279 3660 2367 3706 van

2442 3660 2538 3709 p=l
2567 3666 2630 3711 in
2660 3666 2913 3723 voorraad
2943 3679 3164 3726 hebben,

1108 3751 1265 3796 plaat
1295 3753 1421 3799 ende
1450 3756 1639 3805 Gockjo
1668 3761 1857 3815 hebben
1886 3771 1981 3819 tot
2011 3775 2138 3826 noch
2167 3783 2294 3833 geen
2323 3790 2478 3837 prijs
2509 3792 2698 3843 Connen
2727 3799 2946 3851 treffen
2975 3805 3078 3853 ten

1105 3877 1304 3926 aensien
1332 3879 1390 3926 't
1417 3882 1673 3936 different
1700 3892 1786 3940 der
1813 3896 2013 3946 detucht
2039 3903 2126 3951 bij
2152 3907 2210 3954 de
2237 3910 2492 3967 vercopers
2520 3922 2577 3969 te
2605 3925 2833 3979 weijnich
2859 3936 3029 3986 gead:t
3057 3941 3227 3992 werd/.

869 4116 930 4163 te
960 4117 1085 4167 hove
1113 4124 1237 4173 ende
1266 4128 1360 4175 tot
1389 4131 1451 4177 de
1480 4133 1695 4186 vordere
1725 4138 1909 4187 heeren
1939 4138 2033 4184 int
2061 4141 2400 4194 porticulikr
2428 4150 2553 4200 zijn
2582 4157 2797 4206 altij't
2826 4162 3164 4211 vrundelijck

2510 4364 3087 4423 Bejegent/.
