3567 4801
2712 511 2888 570 855

613 681 1175 753 estaende
1245 682 1524 730 uijt
1592 680 1872 728 4000
1937 674 2358 730 Theijl
2427 669 2915 724 jappans

860 804 1437 870 schuijtsilver
1481 804 1660 851 1994
1699 807 1881 857 r:oa
1924 804 2058 851 van
2100 803 2368 855 achten
2412 807 2591 855 3000
2634 789 2948 848 pagoden

844 939 1309 1010 palliacats
1355 938 1448 983 jn
1492 934 1772 984 spetie
1817 928 2004 977 9600
2049 925 2142 971 lb
2189 923 2467 970 ongers
2513 925 2606 971 en
2651 917 2931 970 sweets

920 1078 1207 1132 Dooper
1255 1074 1446 1123 2400
1493 1071 1638 1119 lb.
1684 1056 2018 1110 peguset
2064 1048 2257 1101 gans
2301 1043 2495 1092 ende
2542 1040 2734 1088 9600
2781 1032 2877 1084 lb

879 1206 1259 1258 Saluijn,
1304 1189 1925 1251 embarcqueren,
1971 1182 2163 1232 ende
2210 1181 2401 1228 over
2448 1170 2971 1228 masulipatam

870 1328 1159 1384 aldaer
1206 1318 1495 1369 voorts
1542 1314 1688 1363 met
1734 1307 1928 1357 rijs
1975 1292 2361 1350 volladen
2408 1290 2698 1337 sijnde
2745 1291 2939 1342 naer

854 1471 998 1523 st.
1045 1460 1237 1511 Crus
1282 1455 1381 1502 d'
1425 1440 1668 1499 gaele
1713 1426 1955 1482 laten
2002 1418 2530 1470 vertrecken,
2577 1418 2769 1464 ende
2817 1416 2976 1463 ten

860 1591 1187 1651 dienst
1240 1583 1459 1635 vand
1511 1572 1622 1627 E.
1676 1549 2001 1616 Comp„e
2048 1544 2384 1598 aenden
2437 1547 2546 1593 E.
2601 1538 2821 1593 heer

891 1712 1383 1786 Gouverneur
1428 1704 1578 1756 jan
1621 1679 1969 1748 thijlen
2017 1671 2555 1723 ernstelijck
2604 1657 2996 1716 versoeck

877 1855 1035 1912 sal
1083 1838 1293 1895 voor
1343 1817 1862 1880 aengetogen
1913 1795 2586 1859 Cargasoentgen
2637 1785 2845 1839 voor

938 1981 1382 2050 aijlpatam
1426 1976 1529 2024 p.
1576 1971 1627 2019 r
1669 1950 1969 2013 eerste
2017 1925 2704 1994 gelegentheijt,
2751 1908 2949 1968 ende

894 2121 1050 2171 soo
1097 2095 1516 2164 spoedich
1566 2072 2239 2135 alsdoenelijck
2276 2061 2808 2116 derwaerts,

872 2226 1398 2303 mitsgaders
1449 2218 1712 2270 tmeer
1760 2204 2130 2262 gemelte
2182 2193 2444 2248 schip
2494 2188 2653 2237 den
2704 2181 2915 2233 haer

847 2368 1150 2431 aldaer
1198 2359 1350 2410 van
1395 2349 1599 2402 zijn
1647 2341 1998 2392 ladingh
2025 2320 2546 2386 ontledicht
2582 2309 2947 2362 sijnde,

859 2483 1039 2539 over
1081 2467 1395 2526 carcall
1439 2463 1618 2511 ende
1662 2448 2152 2506 trimelevons
2196 2447 2286 2493 d'
2330 2444 2598 2494 retour
2642 2437 2999 2487 gesonden

860 2606 1063 2663 mach
1078 2587 1413 2646 werden
1453 2580 1661 2630 omme
1709 2577 1761 2623 t
1810 2573 2161 2621 gereede
2194 2566 2512 2618 aldaer
2554 2559 3011 2610 innegenom

793 2731 1249 2816 hebbende,
1293 2727 1398 2774 d'
1445 2722 1648 2771 rijs
1697 2714 1998 2766 voorts
2037 2707 2248 2758 naer
2297 2690 2847 2751 palliacatta

877 2873 1028 2929 soo
1074 2861 1271 2915 drae
1319 2852 1758 2905 mogelijck
1807 2850 1905 2898 te
1952 2836 2448 2893 Bevorderen

736 3118 1114 3195 Louijs
1174 3095 1555 3160 junius
1613 3084 1807 3138 van
1862 3067 2185 3126 delft
2248 3065 2375 3114 in
2437 3051 2754 3106 jndia

860 3241 1192 3307 gecomt
1243 3227 1409 3283 met
1463 3218 1737 3272 schip
1791 3200 2284 3262 shertogen
2332 3180 2612 3245 Bosch
2663 3168 2777 3223 in

876 3373 1391 3435 qualiteijt
1439 3368 1597 3419 van
1646 3352 2112 3412 adsistent
2156 3348 2265 3400 Ao
2305 3336 2523 3392 1641
2565 3319 2986 3374 hebbende

875 3508 1020 3557 een
1067 3490 1503 3551 geruijmen
1551 3488 1744 3535 tijt
1789 3483 1937 3533 des
1983 3479 2082 3529 E:
2130 3455 2661 3523 Compangnies
2709 3445 3000 3500 dienst

876 3639 1091 3694 inde
1143 3609 1728 3683 Bengaelsche
1781 3593 2312 3652 quartieren
2364 3590 2524 3638 tot
2545 3572 2842 3629 goedt

874 3757 1369 3836 genougen,
1421 3742 1639 3799 ende
1691 3726 2398 3785 contentenendt
2450 3719 2615 3770 van
2668 3713 2904 3762 zijn

874 3894 1235 3957 meerder
1285 3872 1899 3938 waergenomen,
1950 3866 2155 3915 ende
2203 3858 2411 3909 sich
2461 3851 2923 3902 deurgaens

873 4033 1072 4086 well
1101 4003 1817 4075 gecomporteert,
1861 3999 2016 4048 als
2056 3994 2265 4043 oocq
2303 3986 2812 4038 redelijcke

867 4167 1293 4238 kennisse
1341 4150 1609 4210 jnden
1660 4136 1978 4193 handel
2029 4116 2506 4180 derwaerts
2557 4108 2980 4159 becomen,

856 4319 1072 4368 wert,
1113 4315 1245 4363 ten
1284 4305 1460 4358 dien
1501 4293 1804 4348 aensien
1846 4291 1978 4339 als
2019 4286 2107 4333 d'
2148 4276 2365 4329 goede
2407 4271 3029 4321 getuijgenissen

2619 4454 2855 4511 Die
