3642 4828
843 536 1263 595 february
1310 516 1526 579 1640

1311 687 1423 736 ende
1449 684 1807 731 wallagaphaija
1833 682 1944 729 mede
1970 680 2026 726 't
2053 677 2191 725 soeck
2218 677 2410 723 waeren,
2434 675 2493 722 of
2518 673 2602 721 sij
2629 673 2739 718 haer
2766 671 2986 718 achterd'
3013 672 3151 719 handt
3177 674 3375 726 houden—

1301 793 1360 842 of
1385 789 1498 837 niet
1525 787 1691 833 morgen
1718 781 1885 832 moeten
1912 778 1968 825 Wy
1993 772 2106 822 haer
2133 768 2355 816 beginnen
2382 766 2604 813 gevangen
2630 764 2687 810 te
2714 764 2883 812 setten

2907 757 2923 802 -

1271 936 1445 995 onsen
1476 920 1753 980 resident
1786 916 1856 963 in
1887 907 2095 959 Velour
2129 903 2438 951 schrijfft
2471 896 2644 947 Hoed.
2675 893 2712 940 s
2745 883 2986 936 mMaijs.
3019 878 3157 927 noch
3190 878 3297 927 een

1292 1025 1786 1096 Nareijnepavertrocq
1814 1023 1896 1070 hem
1922 1019 1978 1067 te
2003 1014 2114 1062 hove
2142 1013 2279 1059 riep,
2304 1005 2525 1058 seggende
2551 1003 2634 1050 den
2658 992 3017 1048 goerondaetsch
3044 990 3099 1037 en
3124 988 3239 1038 moo„

1297 1145 1436 1196 onder
1461 1141 1544 1188 den
1569 1130 1815 1186 Cercheijl
1842 1126 1951 1174 sich
1977 1117 2250 1170 aenstellen
2276 1115 2385 1161 omme
2412 1115 2467 1160 in
2493 1111 2576 1159 ons
2601 1105 2739 1155 landt
2765 1101 3010 1149 tevallen,
3034 1092 3172 1144 hebbe
3198 1089 3362 1136 moeten

1293 1249 1478 1299 letten,
1501 1243 1610 1294 omme
1635 1235 1874 1287 ondegiere
1899 1232 1953 1279 te
1978 1220 2323 1276 verseeckeren,
2348 1216 2454 1264 dies
2480 1210 2718 1260 dinckende
2744 1207 2824 1254 dat
2850 1205 2930 1252 aen
2955 1199 3115 1250 eenige
3139 1196 3301 1244 mijner

1289 1356 1465 1411 Heeren
1491 1347 1610 1400 omme
1637 1345 1696 1391 te
1724 1330 2014 1389 beschermen
2042 1328 2101 1374 te
2128 1323 2304 1371 geven,
2331 1319 2390 1366 Is
2417 1313 2650 1363 Chinanna
2678 1312 2766 1357 bij
2795 1309 2882 1356 mij
2910 1308 3113 1355 gecomen
3140 1304 3360 1352 beloven

1300 1467 1379 1514 die
1403 1460 1562 1511 plaets
1588 1453 1851 1504 seerstercq
1875 1450 1930 1497 te
1953 1441 2166 1494 beseten,
2190 1436 2296 1485 ende
2320 1427 2637 1481 maunteneren,
2662 1423 2768 1472 mede
2794 1418 3083 1469 presenteren
3109 1418 3135 1463 (
3159 1411 3345 1463 gelijck

1301 1576 1410 1626 oock
1436 1568 1626 1620 gegeven
1650 1562 1814 1612 heeft)
1839 1558 1895 1605 in
1920 1554 2030 1602 dese
2056 1551 2191 1598 mijne
2218 1539 2758 1596 noodsaeckelijckheijt
2783 1535 2839 1583 10
2864 1532 2893 1578 O
2917 1521 3162 1576 pardauws,
3186 1516 3243 1565 en
3268 1508 3377 1559 oock

1284 1688 1440 1746 heeft
1467 1678 1622 1730 mijne
1650 1668 1895 1721 dienaers
1922 1662 2076 1711 alsoo
2106 1653 2532 1707 gecontenteert,
2562 1650 2654 1697 dat
2682 1641 2866 1694 sijnen
2895 1631 3078 1683 halven
3106 1623 3199 1674 mij

1296 1790 1678 1865 aengesproocken
1703 1781 1893 1834 hebben,
1918 1777 2001 1826 met
2028 1773 2136 1821 ende
2162 1771 2217 1818 op
2242 1769 2351 1815 dese
2375 1757 2702 1814 voorbiedinge
2728 1753 2809 1801 als
2835 1749 2971 1797 goedt
2997 1738 3268 1793 vertrouwen

1291 1912 1422 1967 hebbe
1445 1907 1524 1956 hem
1547 1900 1651 1951 dese
1674 1893 1829 1944 plaets
1852 1885 2058 1937 gegeven,
2084 1883 2160 1930 sij
2184 1873 2441 1927 daergegaen
2464 1868 2645 1917 sijnde,
2670 1866 2798 1914 wilde
2822 1864 2925 1910 sijn
2950 1854 3206 1908 aengeboren
3229 1848 3411 1898 Natuijr

1302 2017 1414 2067 niet
1439 2005 1664 2061 toelaten
1690 1997 1886 2048 luijden
1911 1993 1997 2042 van
2022 1986 2303 2038 Verstandt,
2331 1985 2442 2031 ende
2468 1971 2943 2030 Cloecqmoedicheijt
2970 1969 3055 2016 aen
3080 1965 3138 2012 te
3164 1959 3335 2008 nemen,

1309 2127 1429 2180 maer
1456 2117 1603 2171 goede
1631 2108 1866 2161 soldaten
1893 2104 1982 2152 die
2010 2099 2128 2148 oocq
2156 2093 2419 2143 eerlijcke
2448 2081 2799 2138 maendtgelden
2827 2072 3032 2124 genoten
3059 2069 3119 2116 sn
3147 2066 3207 2113 ts
3233 2061 3352 2110 haer

1309 2231 1533 2292 maerhalf
1559 2226 1644 2275 soo
1669 2218 1782 2269 veel
1807 2211 1892 2261 als
1917 2207 1975 2255 te
2001 2202 2168 2250 vooren
2195 2199 2362 2247 gehadt
2388 2196 2555 2246 hadden
2581 2184 2914 2240 presenteren,
2942 2181 3053 2229 doen
3080 2167 3357 2224 verloopen,

1299 2351 1414 2407 ende
1439 2336 1690 2395 Inplaetse
1715 2331 1800 2379 van
1825 2325 1938 2375 dien
1965 2317 2242 2368 onnoobele,
2268 2312 2519 2362 onwesende
2546 2309 2713 2357 sleght
2738 2305 2879 2353 Volcq
2905 2301 2989 2349 van
3016 2297 3128 2344 faum
3152 2291 3210 2340 10
3235 2286 3326 2334 ser

1277 2457 1449 2517 maendt
1478 2446 1786 2502 aengenomen,
1813 2444 1870 2490 en
1897 2438 2038 2487 alsoo
2066 2435 2179 2482 door
2204 2431 2347 2479 sijne
2374 2422 2655 2475 geerichcht
2682 2420 2739 2466 d'
2767 2415 2936 2464 plaets
2962 2411 3020 2459 in
3047 2404 3302 2455 perijckel

1302 2568 1554 2624 gesteldt,
1580 2561 1778 2612 gelijck
1804 2552 2086 2606 gebleecken
2112 2549 2198 2597 &s,
2224 2546 2282 2594 d'
2309 2541 2478 2590 Mooren
2506 2537 2758 2586 aencomen,
2785 2532 2926 2581 heeft
2953 2531 3010 2577 d'
3037 2523 3234 2575 plaetse
3260 2521 3346 2568 met

1289 2693 1369 2740 soo
1392 2684 1527 2737 veele
1551 2673 1765 2727 goederen
1790 2672 1844 2718 en
1869 2664 2188 2716 maintementor
2212 2659 2400 2708 versien
2426 2655 2612 2704 sijnde,
2636 2646 2929 2699 sonderslagh
2954 2644 3061 2690 ofte
3087 2640 3246 2688 stoodt

1297 2792 1593 2848 overgegeven,
1617 2790 1667 2837 te
1690 2786 1839 2834 vooren
1862 2781 1987 2831 hebbe
2010 2776 2208 2826 ouderuhe
2233 2776 2356 2821 eijns
2380 2770 2602 2820 verloren,
2626 2768 2725 2814 ende
2750 2765 2947 2813 daerover
2970 2750 3267 2809 seerbedroeft

1308 2907 1536 2963 geweest,
1563 2902 1678 2952 maer
1705 2896 1877 2946 mijnen
1904 2893 1991 2940 god
2018 2892 2076 2938 in
2103 2884 2332 2936 trixesij
2359 2879 2502 2929 heeft
2530 2877 2615 2923 mij
2644 2877 2729 2922 dat
2757 2873 2956 2922 Wederom
2984 2869 3098 2917 doen
3124 2857 3329 2914 hebben,

1301 3010 1540 3066 blijvende
1565 3006 1699 3054 alsoo
1725 3003 1884 3050 meende
1910 2997 2202 3048 verseeckert
2228 2994 2335 3041 Voor
2361 2993 2521 3039 altijt
2546 2991 2627 3037 van
2652 2989 2733 3036 die
2759 2982 2945 3033 plaets,
2970 2977 3078 3026 maer
3102 2974 3157 3021 nu
3182 2963 3318 3018 heeft

1299 3126 1382 3177 hij
1406 3119 1488 3168 mij
1514 3114 1594 3162 dat
1620 3110 1727 3158 doen
1752 3102 2047 3155 ontvrenden,
2072 3097 2181 3147 dese
2207 3092 2501 3141 Verraderije
2527 3091 2608 3137 die
2633 3090 2794 3136 Chirij
2821 3089 2901 3135 mij
2925 3083 3088 3133 gedaen
3112 3075 3275 3126 heeft,

1310 3230 1396 3277 wat
1422 3221 1622 3273 straffe
1648 3214 1792 3264 Isber
1818 3210 1905 3259 aen
1932 3206 2018 3254 hem
2045 3203 2103 3250 te
2130 3199 2273 3248 doen,
2300 3197 2414 3243 daer
2443 3195 2528 3242 mij
2555 3194 2669 3240 mede
2698 3188 3010 3240 Vergenougen
3035 3186 3151 3232 kan,

1305 3335 1363 3382 nu
1389 3332 1447 3379 't
1474 3326 1701 3377 gouverne
1726 3323 1814 3371 van
1841 3316 2180 3367 madrespatam,
2206 3310 2321 3360 ende
2348 3309 2406 3355 d'
2431 3296 2969 3356 daerondersorterende
2997 3292 3169 3340 dorpen

1303 3443 1577 3501 mitsgaders
1602 3439 1712 3487 alle
1738 3435 1847 3483 syne
1874 3430 2090 3478 goederen
2117 3425 2252 3474 doocr
2278 3421 2415 3470 synde
2440 3417 2577 3465 hebbe
2603 3416 2658 3461 en
2684 3413 2955 3462 rammeraije
2982 3410 3117 3457 ordre
3142 3406 3198 3454 eh
3225 3403 3334 3451 even

1304 3560 1390 3606 aen
1416 3556 1475 3603 te
1502 3550 1674 3600 slaen,
1701 3548 1759 3594 en
1787 3545 1901 3592 oock
1930 3542 2072 3590 Isall
2099 3536 2385 3586 crammeraje
2412 3535 2499 3581 met
2527 3536 2641 3581 syne
2669 3533 2869 3581 brieven
2896 3526 3040 3577 biden
3067 3516 3352 3569 gouverneur

1281 3686 1369 3733 van
1396 3671 1717 3729 palliacatta
1744 3665 1920 3714 Comen;
1948 3663 2007 3710 en
2035 3661 2094 3708 de
2123 3658 2269 3706 ghijl
2297 3653 2414 3701 nmet
2442 3652 2559 3698 oocq
2588 3649 2850 3698 schrijven
2877 3644 2966 3692 hem
2992 3639 3053 3687 te
3081 3636 3261 3685 willen

1308 3802 1582 3860 ontfangen,
1608 3795 1773 3846 daerop
1799 3789 1937 3839 onsen
1962 3780 2291 3834 voorschreven
2318 3775 2565 3825 residenet
2591 3768 2919 3819 respondeerde
2946 3762 3083 3812 siden
3109 3752 3303 3806 eersten

1305 3916 1535 3974 oorloogh
1562 3912 1678 3960 doen
1705 3909 1763 3956 d'
1791 3903 1964 3953 mooren
1990 3891 2307 3946 subraecken,
2334 3885 2507 3935 hebben
2535 3883 2621 3929 die
2650 3881 2736 3928 ss:
2764 3881 2822 3926 re
2849 3875 3166 3925 palliacatta
3193 3872 3280 3922 ter

1278 4032 1445 4089 teeren
1468 4026 1526 4075 8'
1553 4019 1689 4070 mags.
1715 4017 1771 4063 t.
1797 4012 1961 4062 (alsoo
1987 4011 2043 4057 d'
2069 4005 2288 4055 krooulje
2314 4004 2425 4050 niet
2448 4003 2642 4050 altijt,
2668 4002 2778 4048 maer
2804 4001 2859 4047 d'
2886 4001 2996 4047 eere
3022 3998 3214 4046 altoost
3239 3998 3268 4044 —

1302 4140 1491 4191 duert)
1520 4136 1616 4183 met
1647 4123 2086 4181 groodsperyckel
2116 4112 2525 4168 gedefendeert,
2555 4112 2808 4159 daernaer
2839 4107 2996 4157 heeft
3027 4105 3090 4151 d'
3120 4099 3280 4150 mago.
