3451 5203
887 495 1125 542 wetende
1159 496 1261 542 een
1295 497 1534 549 yverich
1566 505 1703 553 ende
1737 506 1976 552 getrouw
2008 503 2248 552 dienaer
2282 508 2420 558 noyt
2451 515 2521 563 uE
2554 520 2623 566 d:
2655 522 2860 570 taveur
2893 523 3030 571 ende

894 636 1476 687 muld-dadicheijt
1515 634 1979 681 gemancqueert
2017 634 2250 683 heeft,
2289 638 2407 686 soo
2444 643 2600 692 veel
2637 649 2754 696 mij
2792 646 2986 696 immer

890 757 1199 811 mogeli.jk
1232 756 1301 802 op
1335 757 1403 802 te
1436 752 1505 800 of

2034 755 2249 808 seren,
2284 761 2357 807 te
2392 762 2535 810 meer
2570 766 2642 813 nu
2677 769 2821 820 omme
2853 766 3070 820 sComp.
3104 764 3141 812 s

891 874 1162 930 Negotie,
1196 866 1633 919 Jnsonderheijt
1665 864 1734 911 in
1766 863 1836 909 d'
1869 864 2104 910 Zuijder
2138 865 2508 915 quartieren,
2541 869 2845 919 gedurende
2877 872 3013 920 mijn

906 997 1163 1047 aenwesen
1194 992 1419 1042 alhier,
1451 988 1548 1037 wat
1578 984 1803 1032 meerder
1835 983 1899 1029 te
1928 982 2220 1029 vestigen,
2251 985 2380 1033 ende
2410 988 2475 1034 in
2507 988 2603 1035 een
2634 989 2859 1039 beteren
2891 992 3149 1043 toestant

1284 1101 1400 1154 God
1436 1111 1512 1157 d'
1550 1111 1853 1158 voorste)
1891 1112 1967 1158 te
2003 1112 2271 1158 brengen
2307 1114 2764 1165 voorgestelde
2800 1122 3184 1177 Qualiteyjt

916 1242 1059 1292 ende
1094 1237 1446 1286 tractement
1481 1235 1552 1282 by
1586 1231 1763 1278 desen
1797 1230 1975 1276 hebbe
2010 1230 2222 1277 willen
2256 1232 2680 1284 amplecteren,
2714 1241 2820 1289 met
2855 1245 3208 1301 eerbiedich

857 1370 1173 1425 Versoeck,
1207 1367 1312 1414 mij
1346 1365 1417 1411 te
1450 1363 1660 1411 syjner
1693 1361 1798 1408 tyt
1833 1361 1972 1406 daer
2007 1359 2111 1406 van
2145 1358 2495 1411 behoorlijk
2527 1368 2668 1417 acte
2701 1373 2841 1422 mach
2875 1377 3188 1434 gewerden,

782 1721 908 1780 Den
945 1716 1428 1767 oppercoopman
1468 1720 1549 1765 S.
1588 1719 1871 1771 Laurens
1907 1722 2070 1770 pit,
2109 1727 2431 1780 welckers
2469 1736 2631 1782 vijf
2669 1736 2911 1787 sarige
2950 1741 3231 1796 verbant

880 1847 1036 1905 27e.
1075 1859 1269 1907 Maert
1303 1857 1540 1905 pass=o
1578 1859 1656 1905 is
1694 1860 1889 1912 Comen
1927 1868 2006 1914 t'
2043 1870 2433 1930 Expireren,
2470 1887 2625 1932 ende
2663 1887 2820 1935 sich
2856 1891 3130 1944 genegen

900 1985 1131 2035 tonende
1163 1989 1229 2035 d'
1261 1987 1328 2033 E:
1360 1988 1525 2034 comp.
1556 1986 1591 2033 e
1623 1985 1789 2031 onder
1820 1988 1919 2033 een
1951 1989 2181 2039 eerlijk
2214 1994 2542 2048 beloninge,
2575 2003 2707 2050 noch
2739 2006 2969 2057 eenigen
3002 2010 3134 2058 tijt

895 2115 961 2160 te
993 2111 1224 2159 dienen,
1255 2110 1323 2157 Js
1354 2109 1421 2156 in
1454 2109 1585 2155 rade
1618 2110 1750 2157 goet
1781 2110 2078 2157 gevonden,
2110 2111 2211 2157 ten
2243 2112 2475 2162 aensien
2505 2119 2770 2169 desselfs
2801 2125 3098 2177 bequaems.
3130 2130 3165 2178 t

904 2247 1042 2298 ende
1076 2245 1354 2293 behoorl.
1382 2246 1456 2294 j.
1491 2244 1802 2292 Diensten,
1836 2247 1940 2293 toe
1974 2248 2044 2294 te
2078 2248 2285 2296 vougen
2319 2250 2425 2299 een
2458 2255 2808 2309 tractement
2835 2269 2942 2320 van
3044 2278 3182 2325 120

909 2387 983 2435 p.
1015 2388 1055 2436 r
1090 2386 1272 2433 maent
1309 2387 1491 2433 onder
1527 2385 1783 2432 verbant
1818 2387 1928 2433 van
1964 2386 2110 2433 noch
2145 2387 2291 2435 drie
2327 2390 2947 2443 achtereenvolgende
2980 2398 3200 2457 jaren,

896 2517 1012 2564 met
1049 2513 1433 2561 vertrouwen
1471 2514 1510 2560 u
1547 2516 1663 2566 Ed:
1698 2514 1892 2562 sulcx
1929 2518 2351 2573 approberen,
2387 2526 2543 2572 ende
2579 2528 2696 2575 wel
2731 2530 3041 2580 gevallen
3077 2536 3172 2586 ,

899 2650 1030 2700 als
1072 2644 1377 2694 wanneer
1420 2643 1594 2690 oock
1636 2644 1811 2692 niet
1855 2646 1942 2693 en
1985 2645 2333 2696 twyffele
2376 2644 2862 2698 meergem=ten
2894 2658 3027 2708 s.r
3070 2660 3207 2713 Die

897 2784 1039 2834 dees
1074 2777 1500 2829 verbeteringe
1533 2775 1641 2820 tot
1676 2775 1818 2820 uEd:
1853 2774 1996 2820 ende
2027 2774 2137 2821 ons
2172 2775 2457 2824 volcomen
2491 2781 2918 2832 contentement
2952 2788 3099 2845 sich

903 2910 1222 2963 Waerdich
1261 2905 1540 2955 maecken
1579 2907 1739 2953 sal,
1776 2907 1898 2955 den
1936 2909 2336 2957 Luijtenant
2374 2913 2615 2961 Pieter
2652 2918 3131 2970 Huijbrechts.

904 3046 1141 3101 sullen
1178 3036 1453 3089 volgens
1491 3035 1531 3080 u
1569 3033 1687 3081 Ed:
1725 3033 2233 3083 aucthorisatie
2271 3037 2466 3086 (waer
2505 3041 2662 3087 over
2700 3039 2820 3089 mij
2855 3043 3013 3092 Eere

920 3170 1273 3239 Geschiet,
1309 3161 1469 3212 Ende
1507 3160 1547 3207 u
1586 3161 1704 3207 Ed:
1742 3161 1899 3209 oock
1938 3162 2291 3211 danckbaer
2328 3160 2604 3210 blijve,
2643 3161 2761 3208 tot
2800 3162 3074 3211 eerste

916 3303 1316 3364 luijtenant,
1351 3297 1534 3347 alsoo
1570 3295 1644 3341 't
1678 3294 1898 3341 sedert
1933 3294 2080 3340 geen
2116 3295 2371 3341 redenen
2407 3296 2517 3341 ter
2552 3297 2880 3347 Contrarie
2916 3300 3209 3358 gegeven,

914 3434 1079 3483 maer
1120 3430 1285 3479 sich
1325 3427 1493 3475 naer
1528 3424 1821 3476 behoren
1862 3424 2399 3475 gecomporteert
2439 3429 2687 3478 heeft,
2729 3432 3188 3493 promoveren,

917 3559 1195 3615 desselfs
1229 3555 1508 3604 presente
1543 3550 1787 3600 plaets,
1820 3551 1925 3597 met
1960 3551 2064 3596 den
2099 3551 2378 3600 vendrich
2412 3556 2518 3608 Jan
2551 3564 2759 3612 Corn:s
2791 3565 3004 3614 vand=r
3037 3570 3248 3627 tocht,

919 3689 1066 3738 ende
1102 3686 1214 3733 soo
1250 3679 1472 3730 voorts
1507 3674 1655 3722 naer
1692 3674 1987 3720 advenant
2023 3675 2097 3721 de
2134 3675 2392 3721 verdere
2428 3675 2649 3722 plaets
2684 3672 2760 3720 bi
2796 3665 3091 3717 vereiste

921 3801 1310 3860 Successie
1352 3801 1482 3848 met
1523 3789 1784 3845 andere
1825 3786 2128 3835 bequame
2171 3786 2516 3833 personen
2558 3785 2818 3832 alhier
2858 3787 3254 3846 suppleren

855 4074 1002 4121 Een
1046 4069 1540 4120 trompetter
1587 4058 2225 4117 Bonnesijpels,
2273 4052 2469 4103 omd'
2518 4049 2959 4096 Betalinge
3007 4048 3158 4102 van

2563 4137 2638 4183 en

923 4184 1263 4237 welckers
1304 4175 1816 4229 overgesonden
1858 4174 2157 4230 reeck=n
2198 4178 2241 4224 u
2283 4176 2411 4224 Ed:
2453 4175 2667 4226 aend'
2708 4172 2836 4221 H=r
2878 4165 3177 4223 Majores

907 4296 1126 4356 Hebben
1159 4286 1448 4340 gelieven
1480 4283 1555 4331 te
1589 4278 1949 4328 schrijven,
1984 4274 2165 4323 soude
2200 4273 2415 4320 alhier
2451 4268 2845 4318 d'versochte
2880 4268 3096 4318 Cautie

0 4343 181 4391 ebbe,
