3703 4828
1316 753 1469 799 Van
1517 756 1770 805 Mocha
1819 761 1971 810 Bij
2021 765 2425 814 ventingh
2474 770 3030 819 dercleeden.

1349 846 1442 895 en
1487 844 1759 892 goeden
1803 846 2076 897 Basaer
2119 852 2483 903 verwacht
2525 857 2618 903 m.
2662 856 2708 902 r
2753 854 3025 902 mind=r
3065 842 3251 898 als,
3284 830 3431 884 150
3475 827 3522 874 O

2185 934 2384 986 de

1305 987 1522 1042 vande
1564 998 2170 1051 Coopmanschapp.
2213 1007 2343 1054 die
2384 1006 2515 1054 Bij
2558 1008 2775 1054 mijne
2818 1010 3079 1058 Jongst

1339 1110 1605 1160 hebben
1648 1110 1780 1157 sal
1823 1102 2174 1155 (:Except
2216 1100 2349 1147 die
2392 1096 2568 1144 daer
2612 1096 2787 1142 uijt
2830 1095 3011 1145 voor

1333 1194 1537 1244 mocha
1577 1190 2102 1241 geprojecteert
2140 1187 2302 1236 sijn
2341 1184 2423 1232 :)
2463 1180 2625 1228 naer
2664 1170 2987 1224 gissinge

1363 1288 1821 1335 procederen,
1862 1282 2112 1332 jndien
2153 1279 2320 1326 alle
2361 1278 2694 1325 becomen,
2734 1273 3027 1323 conform

1372 1377 1823 1425 notie
1903 1377 2092 1429 te
2179 1354 2539 1408 N„oa
2628 1350 2899 1400 22:
2983 1338 3078 1394 „
3163 1322 3439 1384 609

2113 1514 2635 1567 Somma
2736 1504 2845 1557 ƒ
2942 1500 3362 1552 1079

1335 1661 1518 1709 Waer
1563 1665 1701 1713 van
1745 1669 1883 1717 sal
1927 1672 2251 1724 affgaen

2836 1780 2904 1827 use

1299 1831 1450 1880 Voor
1485 1831 1562 1880 do
1597 1836 1671 1882 30
1708 1836 1894 1889 Old=e
1928 1843 2152 1892 Indigo
2188 1848 2486 1901 Sirchers
2520 1857 2670 1904 aent
2706 1860 2891 1912 pres¬

1351 1917 1561 1969 jaers
1602 1919 1851 1966 retoer
1892 1922 2471 1974 mancquerende..
2510 1926 2555 1974 -

2865 1951 2959 1999 20
3001 1949 3053 1996 l

2757 1953 2825 1998 ƒ

1268 2021 1403 2069 voor
1435 2018 1602 2066 tgene
1634 2019 1802 2070 ued=s
1833 2025 2033 2073 eijsch
2065 2030 2165 2075 der
2197 2030 2464 2078 Cheeden,
2496 2034 2831 2081 Indigoch„t

1360 2102 1511 2151 voor
1547 2104 1624 2149 d'
1661 2103 1850 2153 suijt
1886 2109 2039 2155 ende
2074 2111 2301 2157 patria
2338 2112 2490 2160 voor
2526 2115 2604 2164 Ao
2638 2121 2793 2173 1647

1348 2188 1595 2242 gedaen
1634 2190 1715 2236 (:
1755 2188 1916 2236 uijt
1955 2190 2316 2237 gesondert
2357 2192 2437 2237 de
2477 2192 2718 2240 smalle
2758 2193 2842 2242 en

1284 2280 1591 2328 breede
1642 2280 2000 2328 Balltas
2049 2281 2203 2328 sal
2253 2277 2713 2325 monteeren
2764 2278 2816 2324 ƒ
2866 2269 3071 2321 2906

1259 2398 1447 2451 Voor
1494 2392 2060 2442 d'aenstaende
2107 2387 2579 2437 Besendinge
2625 2387 2814 2433 naer

1301 2494 1530 2546 mocha
1574 2478 2164 2539 geprojecteert
2209 2475 2346 2523 aen
2389 2469 2754 2522 cleeden.
2797 2465 2844 2512 „
2888 2457 3074 2508 1000

1250 2629 1368 2681 Den
1405 2620 1633 2673 Eijsch
1669 2614 1785 2665 die
1820 2606 1974 2657 door
2010 2602 2088 2650 d'
2125 2598 2201 2645 E:
2237 2593 2618 2642 geleijnsen
2654 2588 2807 2638 voor

1335 2710 1631 2767 Gamron
1667 2705 1778 2753 en
1823 2702 2173 2750 Bassora
2221 2688 2616 2745 apparent
2662 2680 2815 2731 sal

3023 2775 3110 2829 ƒ
3186 2771 3436 2831 510

1334 2797 1658 2852 gedaen
1711 2786 2036 2840 werden

2079 2776 2246 2836 ƒ
2406 2733 3067 2816 1006

1314 2946 1575 2996 sulcks
1619 2945 1750 2991 tot
1792 2944 1880 2989 d'
1923 2943 2317 2990 generaele
2359 2947 2751 2995 oncosten,
2794 2938 2970 2994 ende

1348 3030 1569 3086 tgene
1613 3029 1832 3075 ued=s
1873 3015 2271 3075 naderhant
2314 3016 2445 3061 van
2489 3013 2665 3061 hier
2708 3003 2974 3057 mochte

1320 3103 1673 3157 vorderen
1716 3089 2159 3146 mitsgaders
2203 3089 2335 3134 tot
2379 3082 2778 3136 d'procure
2820 3080 2997 3131 voor

3069 3125 3443 3190 569l

2599 3155 2938 3211 ƒ

1346 3190 1548 3241 anno
1597 3185 1799 3234 1648
1849 3170 2250 3230 resteren
2299 3167 2451 3214 sal

1233 3309 1511 3361 Ominden
1551 3315 1789 3361 heeren
1829 3315 1908 3360 en
1947 3313 2226 3360 ledigen
2262 3313 2424 3360 Tijt
2462 3313 2543 3359 (:
2582 3312 2860 3359 wanneer
2899 3311 3416 3359 tarbeijtsloon

1336 3415 1553 3471 beste
1596 3410 1767 3459 Coop
1807 3405 1980 3455 ende
2022 3402 2238 3450 roode
2278 3404 2578 3452 Couleur
2620 3392 3261 3449 tschoonstevalt)
3302 3385 3390 3435 de

1360 3506 1606 3560 Chijts
1646 3503 1727 3550 en
1765 3496 1849 3547 d'
1888 3481 2333 3538 tapechindes
2373 3479 2454 3525 te
2494 3476 2737 3524 laaten
2777 3471 3061 3521 verwen,
3100 3472 3303 3519 hebbe
3344 3473 3465 3519 van

1354 3589 1439 3635 nn
1480 3585 1651 3632 ass.
1690 3582 1737 3629 e
1779 3576 1907 3625 tat
1946 3570 2033 3618 d'
2075 3558 2373 3615 procure
2414 3552 2542 3602 der
2581 3547 2797 3597 rouwe
2839 3545 3222 3594 lijwaeten

1343 3667 1516 3720 daer
1558 3664 1687 3712 toe
1729 3660 1858 3709 als
1899 3654 2070 3703 mede
2113 3654 2241 3700 tot
2281 3644 2539 3699 andere
2578 3634 3008 3688 sorteringe
3050 3627 3435 3677 dienstich

1339 3747 1562 3806 ordre
1604 3737 1955 3791 gegeven,
1997 3735 2129 3783 soo
2170 3731 2304 3779 ben
2347 3728 2522 3774 oocq
2564 3726 2740 3773 voor
2783 3724 3046 3770 nemens
3090 3719 3265 3769 jnde

1322 3821 1848 3888 bequaemsten
1895 3820 2086 3867 tijt
2133 3813 2467 3866 partije
2514 3808 2753 3857 dotij
2799 3803 3134 3852 dolcqua
3181 3803 3229 3849 —

1323 3916 1876 3977 kannekijns,
1925 3909 2126 3960 ende
2167 3899 2475 3952 andere
2516 3890 2924 3942 Courante
2970 3889 3275 3938 soorte
3299 3892 3472 3938 van

1339 4003 1685 4062 cleeden
1733 3994 1930 4047 voor
1979 3986 2225 4038 mocha
2271 3981 2372 4030 te
2420 3973 2912 4025 negotieren
2960 3972 3261 4019 laaten

1335 4084 1822 4153 aengesienn
1871 4081 1968 4129 d'
2014 4066 2454 4123 penningen
2502 4060 2793 4107 ledich
2841 4053 3133 4104 hebbel

1331 4190 1602 4249 leggen
1644 4177 1826 4233 ende
1867 4164 2094 4218 alles
2137 4158 2228 4206 nu
2272 4148 2764 4202 Beetercoop,
2809 4144 2943 4193 dan
2987 4140 3302 4189 wanneer
3345 4139 3435 4187 de

1325 4270 1676 4335 schepen
1724 4263 1875 4313 van
1923 4258 2173 4306 mocha
2222 4247 2869 4303 g'retourneert
2908 4241 3168 4291 sijn,
3216 4240 3317 4285 te

1330 4368 1749 4434 becomen
1809 4368 1930 4415 is

2917 639 3002 687 ƒ
3085 638 3423 689 3200
