3614 4780
2034 246 2377 313 April

2388 784 2560 834 816

403 3075 454 3123 op
477 3070 600 3120 17:en
620 3062 793 3112 Jan:rij

581 487 711 550 Aen
752 487 836 534 d'
876 477 1084 534 Ed=le
1120 476 1247 525 h=r
1288 480 1496 537 Raden
1536 493 1619 540 en
1660 495 1915 550 direc„

493 609 724 659 „teurs,
755 605 921 652 wegen
951 605 1050 652 den
1082 604 1543 659 Nederlantschen
1570 613 1738 660 staet
1770 614 1836 660 in

817 949 977 996 Cleden
1002 947 1189 993 bevalt,
1216 947 1403 995 voorden
1427 949 1614 995 eersten
1641 949 1827 995 Incoop,
1853 946 1960 994 mits
1986 945 2040 991 t'
2066 945 2279 991 sorteren
2305 945 2465 990 aldaer
2492 944 2732 993 ongewoon„

822 1031 932 1078 ende
958 1028 1095 1075 onder
1122 1028 1204 1073 den
1230 1027 1421 1073 anderen
1448 1025 1721 1073 aengenomen
1747 1025 1884 1071 sijn,
1911 1025 1993 1070 wat
2020 1025 2237 1072 duerder,
2265 1026 2347 1072 als
2373 1027 2456 1073 wel
2482 1025 2735 1074 ordinarie

821 1116 902 1162 van
928 1114 1063 1161 hier,
1089 1112 1197 1159 daer
1222 1110 1278 1157 op
1305 1109 1385 1155 soo
1412 1109 1519 1154 nauw
1544 1106 1681 1154 niet,
1707 1106 1788 1151 ome
1815 1105 2164 1152 d'portugesen,
2191 1107 2299 1154 ende
2325 1109 2487 1155 andere
2513 1101 2756 1155 diversche

823 1200 968 1247 coopl
996 1197 1113 1245 daer
1141 1195 1345 1242 ontrent
1374 1195 1432 1241 In
1460 1192 1751 1240 aenstaende
1779 1190 1867 1237 tot
1896 1190 2099 1237 progres
2128 1190 2245 1235 vant
2273 1190 2418 1236 wercq
2446 1189 2563 1236 meer
2591 1186 2708 1234 ende

820 1286 935 1332 meer
963 1279 1279 1330 t'amimeren,
1306 1276 1566 1323 Ronswaert
1592 1275 1651 1322 In
1679 1273 1880 1320 devotie
1909 1274 1967 1320 te
1993 1274 2196 1323 houden,
2224 1278 2339 1325 ende
2367 1280 2712 1334 d'Engelschen

814 1371 870 1418 In
898 1371 1010 1418 haer
1037 1367 1177 1416 tegen
1204 1362 1401 1411 woelen,
1428 1362 1541 1409 (soo
1568 1361 1680 1407 veel
1708 1361 1848 1407 mogel
1876 1362 1932 1407 te
1959 1363 2184 1411 stutten,
2211 1367 2379 1414 hebben
2407 1369 2574 1417 willen
2602 1371 2743 1418 sien,

817 1464 905 1514 dat
932 1457 1191 1507 vertrouwe
1219 1455 1277 1501 u.
1304 1454 1391 1499 Ed:
1418 1450 1534 1498 voor
1562 1447 1648 1494 wel
1676 1446 1848 1492 gedaen
1876 1445 2050 1492 sullen
2077 1448 2307 1499 gelieven
2334 1454 2450 1502 opte
2477 1457 2649 1503 nemen,
2677 1456 2736 1503 in

823 1556 880 1603 14
904 1552 935 1598 a
961 1547 1019 1595 15
1046 1539 1213 1589 daghen
1240 1537 1380 1583 werdt
1407 1535 1491 1581 ons
1519 1530 1825 1580 toesegginge
1851 1529 2020 1575 gedaen
2047 1530 2159 1577 noch
2186 1532 2381 1583 partije
2408 1539 2575 1586 Cleden
2603 1541 2743 1587 vaer„

792 1638 951 1695 „digh
979 1628 1136 1681 sijn,
1164 1620 1413 1672 daeromme
1443 1614 1721 1665 andermael
1752 1612 1999 1659 gemelten
2029 1613 2152 1662 Thol
2183 1617 2461 1667 derwaerts
2491 1623 2738 1669 ordonne„

801 1729 920 1782 „ren
945 1714 1151 1771 sullen,
1179 1709 1266 1757 den
1294 1701 1641 1753 ondercoopman
1669 1698 1843 1746 willem
1872 1698 2017 1743 pauw,
2046 1698 2220 1747 sijnde
2248 1703 2364 1751 door
2392 1707 2451 1753 t'
2479 1709 2623 1757 volcq
2652 1711 2739 1757 van

808 1816 1048 1877 Chinanna
1076 1802 1373 1859 uijthanden
1401 1797 1491 1846 van
1520 1789 1905 1841 d'Engelschen,
1933 1788 2288 1837 ontwijffel=k
2318 1792 2378 1839 op
2406 1795 2496 1843 hun
2524 1795 2762 1846 Jnductie

819 1916 962 1966 weder
986 1900 1271 1959 gevordert,
1297 1893 1412 1943 ende
1438 1887 1665 1937 t'sedert
1691 1883 1807 1932 geen
1834 1881 2004 1928 middel
2032 1880 2117 1926 van
2145 1880 2457 1929 uijtcomste,
2483 1886 2597 1932 noch
2624 1887 2743 1937 door

817 1997 1080 2050 practijcq,
1104 1991 1210 2040 noch
1234 1985 1445 2036 geweldt,
1470 1979 1706 2029 alhoeweel
1732 1978 1811 2024 tot
1837 1973 2151 2023 verscheijden
2176 1971 2308 2019 malen
2333 1974 2438 2019 doch
2464 1974 2673 2022 telckens

821 2085 1146 2141 vruchteloos,
1170 2079 1280 2128 daer
1305 2076 1360 2123 op
1385 2070 1683 2121 toegeleijt,
1709 2069 1792 2114 ten
1818 2070 1899 2116 sij
1925 2070 2033 2116 2000
2059 2070 2168 2115 pag:
2193 2068 2276 2115 tot
2302 2062 2518 2112 rantsoen
2545 2059 2689 2106 wilde

823 2177 1065 2234 betalen,
1094 2172 1185 2220 dat
1213 2165 1335 2215 voor
1364 2161 1456 2209 hem
1485 2157 1606 2205 niet
1636 2157 1726 2202 wel
1756 2156 2027 2202 raedsaem,
2057 2156 2117 2201 Jn
2147 2156 2298 2201 allen
2327 2151 2569 2200 gevallen
2597 2147 2719 2195 voor

818 2266 983 2319 andere
1009 2261 1065 2309 s'
1090 2254 1280 2305 compj=s
1306 2248 1496 2298 dien=rs
1522 2247 1577 2293 t'
1604 2244 1793 2291 eeniger
1821 2243 1956 2289 tijdt
1983 2243 2091 2289 oocq
2118 2244 2172 2290 Jn
2199 2235 2633 2291 ongelegentheijt—

815 2349 1140 2407 geraeckende,
1165 2344 1249 2393 van
1275 2342 1330 2389 te
1355 2337 1628 2386 schadelijk
1653 2332 1872 2380 gevolgh)
1899 2332 2035 2378 soude
2061 2330 2197 2376 sijn,
2223 2328 2333 2375 voor
2360 2326 2523 2373 handen
2548 2317 2713 2370 gesien

819 2439 1083 2503 hebbende,
1108 2435 1169 2482 Is
1194 2428 1285 2479 tot
1313 2424 1430 2472 noch
1459 2420 1547 2468 met
1575 2416 1721 2464 sober
1749 2412 2041 2460 tractement
2070 2408 2389 2457 gedetineert
2418 2402 2680 2453 gebleven;

821 2537 990 2590 echter
1015 2522 1299 2579 vertrouwen
1325 2516 1439 2566 geen
1466 2507 1635 2560 minder
1662 2501 1860 2551 succes,
1887 2499 1945 2546 in
1972 2496 2113 2543 dese,
2140 2495 2225 2541 als
2253 2494 2309 2539 d'
2336 2490 2534 2539 verdere
2562 2487 2766 2543 saecken

790 2630 932 2684 ,ende
956 2618 1099 2673 sulcx
1124 2613 1182 2661 te
1207 2604 1405 2657 gelijck
1431 2602 1488 2647 t'
1514 2597 1627 2647 uijt
1654 2592 1823 2642 eijnde
1850 2591 1906 2637 in
1932 2586 2101 2635 corten
2128 2582 2352 2630 erlangen
2378 2577 2575 2625 sullen,

793 2799 887 2853 Ons
914 2793 1094 2842 gedane
1121 2787 1331 2837 project
1359 2782 1449 2831 tot
1478 2775 1716 2826 vervolgh
1745 2772 1923 2821 vanden
1953 2772 2368 2820 gerequireerden
2397 2773 2575 2821 handel
2604 2770 2724 2817 naer

816 2873 1075 2925 diversche
1102 2862 1389 2917 quartieren
1416 2859 1475 2906 is
1503 2858 1561 2904 v:
1588 2854 1704 2903 E:d:
1731 2851 1818 2899 bij
1846 2849 2019 2895 mijnen
2047 2851 2305 2899 Jonghsten
2332 2853 2505 2900 bekent
2533 2850 2764 2898 gemaeckt

819 2954 1034 3008 t'sedert
1059 2948 1168 2998 sijn
1193 2944 1275 2992 van
1300 2938 1515 2988 pijpelij
1542 2934 1756 2983 behouden
1782 2934 1863 2980 God
1889 2934 1970 2980 sij
1996 2932 2131 2978 loff,
2157 2933 2505 2981 geretourneert
2530 2932 2772 2981 namentljk

808 3064 868 3111 't
896 3060 1046 3107 schip
1075 3057 1135 3103 N:
1163 3047 1430 3100 amsterdam
1458 3043 1548 3091 ter
1577 3041 1696 3088 rede
1724 3037 1844 3086 voor
1873 3034 2140 3082 maculipat

822 3137 910 3183 met
937 3134 1026 3182 een
1055 3124 1434 3178 cargasoentge,
1463 3117 1726 3168 bestaende
1754 3114 1872 3161 uijt
1900 3113 2077 3159 229525
2104 3114 2166 3163 lb

820 3212 1014 3265 poeijer
1040 3203 1345 3256 suijckeren,
1371 3200 1483 3247 ende
1510 3198 1675 3246 72634¼
1703 3197 1758 3243 lb
1785 3195 1896 3242 lacq
1923 3192 2007 3239 ter
2033 3188 2144 3235 som:
2169 3183 2255 3232 van
2281 3181 2309 3227 f
2337 3175 2640 3226 23882//16/4

787 3315 969 3366 fluijt
997 3313 1147 3362 schip
1176 3305 1445 3357 heemstede
1473 3302 1564 3349 ter
1593 3300 1713 3346 rede
1742 3299 1862 3344 voor
1891 3300 2163 3349 paliacatt

822 3397 905 3447 met
931 3396 1067 3442 14833
1091 3396 1146 3442 lb
1172 3392 1334 3440 boter,
1360 3387 1494 3436 18942
1521 3385 1602 3432 lb.
1627 3380 1977 3429 sjengelijsaet
2003 3377 2111 3427 olij

815 3475 989 3523 490705
1017 3475 1075 3521 lb
1102 3470 1248 3518 rijs,
1276 3466 1449 3515 26375½
1477 3465 1536 3511 lb
1564 3463 1766 3510 tarruw,
1795 3461 1910 3508 4139
1935 3459 1996 3507 lb
2025 3459 2141 3505 was,

796 3656 992 3713 T'Jacht
1018 3654 1100 3700 lis
1125 3650 1236 3698 over
1261 3642 1588 3695 masulipatnam
1615 3641 1697 3687 met
1724 3640 1859 3686 13121
1887 3640 1941 3685 lb
1968 3640 2185 3688 poeijer,

809 3737 1101 3787 suijckeren,
1125 3733 1233 3782 2757
1259 3732 1313 3777 lb
1338 3728 1445 3776 was,
1471 3727 1577 3773 1612
1603 3726 1656 3771 lb
1682 3723 1842 3771 boter,
1866 3720 1974 3768 1400
2000 3720 2053 3765 lb
2076 3717 2107 3765 -

802 3817 1043 3871 sjengelij
1069 3814 1175 3860 saet
1200 3810 1333 3858 olij,
1360 3810 1386 3855 9
1411 3804 1598 3855 leggers
1623 3802 1703 3848 met
1729 3800 1888 3847 aracq,
1914 3799 2020 3845 ende
2045 3797 2206 3843 228018

807 3901 883 3949 lb
918 3891 1105 3943 rijs.
1141 3889 1179 3935 .
1216 3888 1253 3933 .
1290 3887 1328 3933 .
1364 3885 1402 3931 .
1439 3884 1476 3930 .
1513 3884 1550 3929 .
1586 3884 1625 3932 .
1661 3885 1699 3931 .
1734 3882 1774 3929 .
1810 3878 1848 3924 .
1882 3878 1921 3925 .
1958 3877 1996 3923 .
2032 3876 2070 3922 .
2107 3876 2144 3921 .
2180 3875 2219 3921 „
2255 3873 2441 3921 3497„
2477 3871 2665 3918 19„10

804 3978 1074 4031 d'Chaloup
1103 3973 1253 4022 cleen
1282 3968 1523 4018 pijpelij
1553 3965 1733 4013 eenl=k
1763 3965 1854 4012 met
1882 3967 2033 4013 19016
2063 3967 2123 4013 lb
2151 3966 2303 4015 rijs.
2332 3968 2363 4013 „
2392 3964 2513 4012 111„
2542 3963 2603 4009 1„
2632 3965 2670 4012 8

783 4099 1065 4165 T'samen
1099 4086 1384 4144 Incoops
1423 4080 1868 4137 bedragende.

2062 4093 2119 4139 ƒ
2172 4089 2682 4143 33345„7„2

1872 4088 1914 4136 .
1951 4085 1993 4133 .

807 4196 894 4246 soo
921 4192 979 4239 is
1004 4186 1120 4235 oocq
1147 4183 1205 4230 op
1232 4181 1289 4227 22
1316 4176 1402 4225 der
1430 4170 1600 4220 selver
1626 4163 1798 4214 maendt
1825 4162 1938 4209 uijt
1967 4164 2193 4210 tauoijan
2221 4165 2335 4211 over
2361 4163 2588 4211 mallacca
2617 4163 2758 4209 salvo

815 3556 975 3610 ende
1013 3548 1289 3600 weynige
1327 3537 1681 3592 provisie.
1720 3536 1760 3582 .
1798 3535 1838 3581 .
1877 3536 1917 3581 .
1956 3536 1996 3582 .
2034 3539 2074 3586 .
2112 3540 2152 3587 .
2190 3537 2230 3583 „
2270 3531 2466 3582 5853„
2504 3530 2662 3576 9„12

2597 4268 2745 4323 verte

0 1053 243 1105 Jegen¬

0 1143 240 1190 maer

0 1230 90 1277 nde
119 1230 239 1275 sijt

0 1327 251 1373 vertrouw

0 1423 246 1472 Mierhunne

0 1519 111 1564 ken,
136 1520 248 1569 ende

0 1611 219 1660 anna

0 1703 233 1754 enck=r

0 1893 213 1941 bleeff

0 2079 177 2134 uijme

0 2185 38 2232 de

0 2274 69 2321 ten
91 2272 230 2318 besten

0 2373 31 2419 25

0 2469 25 2515 p

115 2373 214 2420 ughen

109 2178 232 2232 vele

127 1991 225 2038 ente

0 2747 238 2798 quartieren

0 2846 73 2894 se

0 2926 242 2982 poetig

0 3019 131 3065 den
174 3017 221 3064 —

115 3110 241 3157 moed

117 3214 206 3263 de

137 3413 223 3461 gh

91 3600 231 3647 ugesen

115 3700 237 3747 van

0 3801 237 3851 geschil„

0 3903 205 3955 coop=m

116 4006 189 4053 niij

73 4106 225 4153 selver

0 4217 199 4266 leden

0 3700 74 3747 eijt

0 3597 37 3644 rt

476 3673 568 3719 21„
594 3666 695 3717 d=o

489 3983 556 4029 29
586 3978 688 4025 do.

599 3334 695 3382 d:o

91 2839 238 2888 enten
