3451 4937
942 243 1095 291 Jnno
1132 245 1246 292 a„o
1283 246 1438 298 1646

1121 442 1289 488 souden
1316 443 1455 490 onnen
1483 445 1513 491 2
1538 447 1567 493 â
1594 446 1623 492 3
1650 447 1789 493 dagen
1816 449 1984 496 alhimn
2011 452 2400 510 overschietende
2427 465 2539 512 goet
2566 463 2622 509 te
2649 463 2900 516 vercoopen
2926 471 3066 522 alsoo
3093 477 3207 527 haer

1138 569 1232 616 met
1264 570 1358 616 den
1389 568 1610 615 eersten
1640 566 1799 612 wilde
1829 568 1956 614 doen
1987 568 2303 615 vertrecken

843 686 1043 734 adij15:
1070 685 1157 733 d„o
1185 677 1471 729 warennogeh
1499 677 1671 723 desigh
1699 678 1785 724 met
1813 679 2099 729 voorhaelde
2127 683 2270 730 syjde
2298 683 2355 729 te
2384 684 2556 733 packen
2583 690 2670 738 end
2697 692 2783 738 fte
2812 691 3013 738 Schepen
3040 694 3324 752 beneffens

1097 792 1326 841 partije
1358 795 1587 842 Zittouw
1618 797 1716 842 int
1749 796 1911 842 Fluyt
1944 797 2107 844 Schip
2139 799 2432 846 Hillegers
2464 798 2662 848 bengh/

938 929 1054 976 adij
1082 925 1199 973 14:'
1226 920 1315 968 d:o
1344 920 1489 966 wierd
1517 921 1605 966 ter
1633 918 1807 965 voorde
1836 918 2039 968 waerhey
2068 923 2097 968 t
2125 922 2329 968 geseijt
2357 922 2445 968 dat
2473 923 2561 968 den
2589 924 2792 973 Coningh
2821 928 2939 976 syne
2966 930 3285 977 Schenckagie

1107 1033 1404 1083 (bestaende
1434 1033 1494 1078 in
1523 1033 1761 1080 voorgem:
1790 1034 1999 1081 geweer)
2029 1036 2178 1082 sonde
2207 1037 2326 1084 inde
2356 1039 2595 1087 Joncqnen
2624 1044 2745 1091 doen
2772 1048 3040 1096 overgeven
3067 1048 3250 1096 hebben

1120 1162 1253 1214 omme
1285 1160 1383 1207 aen
1416 1159 1579 1205 Jquan
1611 1158 1709 1204 uyt
1741 1158 1905 1204 synen
1936 1157 2067 1204 name
2098 1156 2165 1202 te
2198 1156 2491 1204 bestellen
2523 1159 2719 1208 laten,
2751 1163 2850 1209 als
2881 1165 3142 1211 blyvende

1108 1286 1371 1335 vastelijk
1398 1288 1745 1336 geresolveert
1774 1287 1976 1334 deselve
2005 1287 2092 1332 den
2121 1287 2236 1333 12:e
2264 1285 2410 1333 deser
2438 1284 2554 1331 mane
2583 1286 2727 1332 synde
2756 1286 2901 1332 heden
2929 1287 3017 1332 den
3044 1288 3161 1337 2:e)
3189 1291 3247 1337 te

1115 1413 1267 1459 doen
1304 1411 1757 1459 vertrecken/.

1075 1529 1144 1578 Op
1174 1526 1304 1576 dato
1335 1524 1562 1571 wierden
1594 1524 1724 1571 door
1755 1526 1853 1572 des
1884 1522 2144 1572 Coninghs
2175 1518 2241 1566 en
2273 1518 2436 1564 andre
2466 1521 2758 1570 meenighte
2787 1516 3049 1566 Soldaten
3080 1519 3274 1567 voorde

1108 1640 1313 1690 doelen,
1341 1638 1459 1684 ende
1488 1636 1547 1682 't
1576 1634 1694 1681 hoff
1722 1633 1958 1679 driemael
1985 1633 2104 1680 miet
2132 1633 2368 1679 misquets
2396 1635 2777 1681 gechergieert,
2806 1635 2894 1681 tot
2923 1633 3246 1683 inluijdinge

1112 1752 1208 1801 der
1236 1752 1398 1801 Feest
1426 1750 1524 1798 die
1554 1747 1808 1794 ophanden
1839 1747 1902 1792 is
1934 1747 2060 1793 ende
2091 1748 2250 1796 eerst
2281 1751 2471 1798 daeghs
2503 1753 2882 1800 gerelebreert
2913 1755 3104 1802 werden
3134 1755 3231 1802 sal

928 1870 1047 1917 adij
1074 1873 1192 1919 15:e
1217 1867 1307 1916 d:o
1335 1866 1452 1912 sond
1481 1866 1570 1913 ons
1597 1868 1686 1915 den
1714 1871 1889 1918 Capado
1918 1872 2122 1920 ongaton
2150 1874 2239 1920 tot
2267 1875 2558 1922 vereeringe
2587 1877 2675 1924 toe
2703 1879 2791 1925 een
2820 1881 3083 1931 koebeest,
3110 1887 3198 1933 een

1082 1980 1193 2026 pot
1229 1982 1450 2027 arracq
1486 1983 1633 2029 ende
1670 1984 1928 2031 partije
1964 1987 2478 2038 waterlimwenen:
2514 1993 2662 2041 omme
2698 1996 2848 2047 mede
2882 2004 3066 2054 Feest
3100 2007 3176 2054 te

1104 2102 1435 2158 houden

881 2243 1193 2305 Hedenhiet
1226 2241 1295 2287 de
1329 2241 1432 2286 May
1464 2240 1535 2286 t.
1567 2238 1705 2287 syne
1739 2237 2356 2294 vandereschenckagie
2388 2250 2492 2298 aen
2525 2255 2970 2315 Jananwvoorden
3003 2270 3248 2319 Coningh

1106 2361 1203 2411 van
1233 2362 1395 2411 China
1427 2360 1651 2407 Schepen
1683 2361 1748 2409 in
1779 2364 1908 2413 voor
1939 2367 2069 2413 gem:
2100 2369 2357 2420 Joncquen
2388 2376 2678 2430 bestaende
2708 2386 3157 2440 inweelderhande

1115 2491 1332 2540 geweer
1368 2491 1476 2537 van
1512 2491 1803 2540 misquets
1837 2497 2090 2546 houwers
2126 2501 2381 2551 Pieken,
2415 2507 2632 2555 lancen
2668 2510 3066 2560 nanganetten
3102 2507 3248 2560 ende

1055 2620 1419 2670 diergelijke,
1448 2626 1718 2673 'twelcked
1747 2625 1898 2672 onder
1927 2625 2138 2673 Coopl:k
2168 2628 2228 2673 S:
2257 2627 2469 2678 heycoop
2498 2634 2618 2680 ende
2648 2635 2918 2684 alexander
2948 2639 3039 2686 van
3068 2641 3248 2687 harten

1101 2735 1186 2786 met
1213 2741 1435 2787 licentie
1461 2739 1547 2786 van
1574 2740 1658 2786 S:r
1686 2740 1991 2787 broeckhorst
2019 2742 2214 2788 tepaers
2241 2743 2520 2793 uijtgegaen
2547 2749 2658 2797 ende
2686 2752 2799 2799 dien
2823 2753 2936 2800 hegh
2963 2754 3244 2806 passerende

1084 2861 1277 2912 hadden
1309 2860 1499 2906 gesien
1531 2859 1658 2905 ende
1690 2859 1912 2907 wederom
1943 2862 2357 2916 retournerende
2388 2872 2674 2924 deselfsde
2705 2879 2960 2928 passagie
2991 2876 3248 2929 verbijde

1051 2983 1313 3035 Joncquen
1345 2983 1474 3029 daer
1506 2982 1766 3029 weijnigh
1797 2985 1895 3032 van
1926 2987 2089 3036 verre
2120 2993 2541 3054 oplevenkijken
2572 3009 2702 3054 trad
2734 3006 3058 3056 voornoemde
3087 2999 3191 3049 S=l

1079 3103 1192 3150 heij
1221 3105 1335 3151 coop
1362 3106 1447 3152 van
1476 3107 1561 3153 syn
1588 3108 1730 3157 paert
1759 3112 1816 3158 om
1844 3113 2043 3163 'tselve
2070 3119 2128 3165 te
2155 3121 2496 3175 latenleijden
2523 3131 2638 3176 ende
2665 3132 3006 3183 alwandelende
3033 3139 3260 3186 loetjens

1102 3233 1163 3279 te
1194 3233 1315 3279 voet
1344 3235 1406 3281 te
1435 3237 1707 3285 passeren:
1737 3240 1858 3285 maer
1888 3240 1980 3288 was
2009 3243 2282 3296 nauwelijx
2311 3251 2674 3303 affgetreden,
2704 3259 2887 3308 datset
2914 3263 3066 3310 vaert
3096 3263 3188 3310 aen

1101 3365 1191 3412 den
1220 3365 1398 3412 Jongen
1427 3367 1723 3417 omteleyden
1752 3373 1900 3419 hadde
1929 3373 2285 3424 overgegeven,
2313 3380 2403 3427 off
2431 3383 2579 3432 wierd
2609 3387 2846 3437 datelijk
2874 3392 3171 3443 soodanigen

1062 3493 1235 3543 vande
1268 3499 1543 3547 Chinesen
1576 3501 1886 3549 omcingels
1919 3505 2160 3553 datsigh
2193 3509 2296 3556 met
2330 3511 2503 3564 conde
2535 3520 2775 3570 redden,
2809 3524 3049 3570 staende
3083 3524 3234 3572 ende

1105 3625 1378 3673 smijtende
1408 3629 1500 3675 met
1529 3630 1712 3678 honten
1741 3634 1863 3679 ende
1892 3633 2168 3683 bamboosen
2195 3640 2469 3693 denselven
2499 3649 2652 3698 sulcx
2678 3652 2742 3699 op
2771 3653 2953 3700 tlijff
2983 3655 3075 3702 dat
3105 3655 3196 3702 ter

1104 3761 1305 3809 aerden
1338 3760 1508 3807 neder
1539 3761 1774 3810 storten
1808 3765 2077 3813 voordoot
2109 3767 2346 3816 Jagende
2378 3772 2612 3821 partije
2646 3775 2747 3823 der
2778 3774 3049 3823 Chinesen

1104 3882 1334 3929 voorgem:
1362 3880 1450 3926 S:e
1477 3882 1737 3929 alerander
1765 3884 1881 3930 (die
1908 3883 2024 3929 nogh
2053 3884 2110 3931 op
2139 3886 2226 3932 syn
2254 3888 2398 3937 paert
2426 3892 2542 3942 (was
2570 3897 2772 3944 blijven
2800 3896 3002 3942 sitten)
3030 3896 3088 3943 in

2750 4045 3136 4097 meenighte
