3642 4828
1119 525 1260 573 mey
1301 522 1446 572 Ao.
1491 518 1682 567 1646

1364 682 1601 743 Barbarie
1629 672 1862 725 behaeven
1889 664 2183 717 ontallicke
2213 664 2388 711 andere
2417 666 2680 714 galeijen,
2709 666 2797 712 men
2826 666 2972 711 houdt
3001 665 3118 711 voor
3146 664 3352 714 seecker

1401 782 1482 830 dat
1506 778 1587 826 den
1611 770 1746 822 turck
1771 765 1930 814 overd'
1955 762 2036 810 40O
2062 761 2142 808 man
2167 760 2380 807 Verloren
2405 762 2564 810 heeft,
2590 763 2828 810 daeronder
2854 763 2987 809 haere
3013 754 3356 807 principaelste

1396 876 1506 927 ende
1531 869 1799 920 vailjanste
1825 865 2039 913 oversten
2063 861 2332 910 d'orsaecke
2358 860 2518 906 Waerom
2545 859 2625 905 den
2652 857 2839 904 grooten
2864 856 2972 903 Heer
2997 853 3105 900 dese
3131 851 3291 898 Armode
3318 851 3400 899 ter

1389 978 1468 1027 see
1492 973 1698 1022 geblaght
1723 969 1877 1017 hadde,
1901 967 1979 1014 was
2004 964 2209 1010 eerlijck
2235 962 2286 1009 om
2311 961 2414 1007 sich
2438 961 2491 1007 te
2515 958 2721 1007 wreecken
2745 955 2849 1002 over
2872 953 2925 999 d'
2950 949 3155 998 maetesen
3181 944 3259 994 die

1389 1076 1575 1127 eenigen
1601 1074 1680 1120 tyt
1706 1069 1891 1119 geleden
1916 1068 1996 1113 een
2022 1065 2181 1112 groodt
2207 1061 2392 1110 gagjoen
2417 1060 2497 1105 van
2523 1058 2603 1104 hem
2628 1056 2761 1102 hadde
2786 1053 2998 1100 genomen,
3023 1045 3288 1097 tenderende
3313 1044 3425 1096 naer

1380 1173 1512 1225 Mecca
1537 1172 1615 1218 met
1640 1171 1744 1217 eene
1769 1169 1924 1215 sijner
1950 1167 2131 1214 vrouwen
2155 1168 2259 1214 Come
2284 1165 2439 1212 aldaer
2465 1164 2517 1210 't
2541 1161 2671 1209 groef
2697 1160 2774 1206 van
2800 1159 2955 1205 heeren
2980 1156 3186 1205 propheet
3212 1152 3341 1201 mache
3367 1151 3447 1197 met

1389 1286 1447 1335 te
1471 1278 1746 1329 besoecken)
1771 1275 1854 1322 bij
1880 1271 1990 1318 haer
2017 1268 2099 1315 een
2126 1268 2262 1313 knnet
2289 1266 2372 1312 van
2398 1266 2616 1313 omtrendt
2642 1264 2670 1310 5
2697 1259 2888 1309 tJaeren
2913 1257 3105 1304 hebben,
3132 1252 3377 1301 d'welcque

1376 1385 1511 1439 sieck
1537 1381 1644 1429 ende
1668 1379 1723 1425 op
1748 1377 1855 1424 haer
1880 1374 2066 1422 sterven
2093 1373 2279 1419 leggen,
2302 1373 2437 1419 heeft
2463 1372 2728 1419 verclaerdt
2753 1371 2807 1416 't
2833 1368 2966 1416 selve
2991 1367 3124 1413 kindt
3150 1366 3230 1412 een
3255 1365 3283 1411 —

1386 1493 1584 1543 soontgen
1608 1489 1756 1537 vaneen
1780 1486 1929 1533 groten
1953 1485 2003 1531 H.
2026 1483 2052 1529 a
2075 1480 2126 1527 te
2148 1477 2274 1524 sijn,
2297 1477 2447 1523 twelcq
2471 1478 2545 1523 den
2570 1476 2743 1524 grooten
2765 1473 2939 1520 meester
2964 1472 3038 1519 van
3062 1466 3408 1517 Maltavverstren

1377 1602 1605 1657 hebbende,
1630 1599 1757 1647 heeft
1782 1599 1833 1644 't
1858 1595 1984 1644 selve
2008 1592 2162 1639 groote
2184 1591 2237 1638 H.
2261 1590 2287 1635 a
2312 1589 2489 1635 bewesen
2514 1589 2565 1634 om
2589 1588 2641 1634 't
2666 1587 2793 1633 selve
2817 1586 2944 1632 weder
2969 1586 3020 1632 te
3045 1581 3248 1631 becomen—

1386 1717 1489 1766 (alr
1512 1711 1667 1760 voores
1692 1710 1922 1757 geseght:)
1945 1705 2074 1755 soude
2099 1703 2201 1750 dese
2226 1701 2405 1747 aermade
2430 1699 2711 1747 uijtgeseten
2735 1693 2914 1743 hebben,

1242 1889 1348 1952 Bij
1377 1884 1509 1931 voor
1541 1877 1868 1929 aengetogen
1900 1877 2163 1924 weissuve
2194 1874 2391 1922 vanden
2423 1872 2489 1919 H.
2522 1872 2555 1917 r
2587 1870 2915 1917 Gouverneur
2947 1873 3077 1919 Joan
3109 1870 3372 1919 Chijssen

1364 1987 1608 2050 gedateert
1632 1984 1662 2031 p
1688 1982 1742 2028 mo
1767 1979 1876 2026 meij
1901 1977 2037 2024 werdt
2064 1975 2198 2022 onder
2224 1973 2440 2020 ainderen
2466 1972 2762 2019 g'adviseerd
2789 1972 2869 2018 hoe
2896 1972 2951 2018 't
2976 1974 3111 2020 schip
3137 1974 3218 2019 den
3244 1973 3356 2022 Haen

1366 2087 1522 2138 aldaer
1546 2083 1625 2131 ter
1650 2079 1779 2127 rhede
1805 2078 1857 2124 op
1881 2075 1960 2123 15.
1985 2074 2012 2120 '
2037 2073 2166 2119 april
2192 2073 2269 2119 met
2295 2074 2398 2119 sijn
2423 2073 2682 2119 Ingelaeden
2707 2072 2811 2117 hijs
2837 2072 2915 2118 als
2940 2072 3096 2118 ansere
3120 2072 3327 2119 provisie
3351 2068 3431 2117 wel

1380 2198 1591 2251 apropos
1618 2194 1681 2242 te
1710 2184 2011 2238 voorschijn
2040 2178 2252 2229 gecomen
2282 2176 2402 2223 doch
2432 2176 2523 2222 dat
2551 2176 2613 2222 op
2642 2176 2883 2223 gemelten
2913 2174 3034 2220 rijs
3063 2172 3124 2218 al
3154 2171 3310 2220 weder

1402 2308 1431 2354 7
1458 2301 1631 2354 lasten
1659 2300 1717 2346 op
1745 2299 1803 2344 d'
1831 2295 1975 2343 Heere
2002 2289 2204 2339 partije
2231 2286 2289 2333 te
2318 2284 2433 2331 cort
2460 2282 2661 2329 gecomen
2690 2280 2805 2327 Was,
2833 2279 2891 2325 en
2919 2278 3062 2324 werdt
3091 2277 3263 2323 Iegens
3291 2277 3320 2322 —

1366 2412 1555 2466 october
1581 2410 1689 2457 ende
1715 2407 1930 2455 Ianuarij
1957 2405 2064 2452 ende
2091 2401 2278 2450 staende
2305 2399 2386 2446 ten
2412 2395 2600 2443 behouwe
2626 2392 2708 2440 van
2733 2384 2976 2437 Guarnsoen
3001 2373 3244 2428 derwaerts
3268 2361 3405 2417 byden

1360 2521 1659 2579 gouverneur
1687 2516 1926 2566 voornomt
1955 2515 2015 2561 't
2045 2514 2401 2561 naervolgende
2430 2511 2727 2557 g'eijscht,
2756 2504 3083 2555 namentlijck

1367 2673 1469 2725 300
1500 2662 1700 2714 lasten
1733 2660 1866 2705 Eijs

1380 2761 1469 2809 400
1495 2754 1587 2804 p:s
1614 2749 1793 2798 guneer
1821 2744 2060 2792 lijnwaet

1366 2855 1458 2906 560
1487 2852 1607 2900 Pos.
1635 2848 1786 2897 Grove
1816 2845 2031 2893 gingams

1345 2954 1485 3007 1000
1517 2948 1589 2997 d.
1620 2942 1727 2992 os.
1759 2938 2003 2988 Hembden

2020 2940 2104 2988 -

1371 3048 1457 3097 500
1483 3043 1541 3092 p.
1567 3040 1625 3087 s.
1652 3032 2045 3084 golcondaetsche
2071 3027 2299 3076 deeckens

1359 3145 1494 3195 500:
1526 3140 1660 3189 paer
1690 3136 1859 3184 lijne
1893 3131 2126 3181 Coussep

1354 3263 1449 3312 200
1477 3253 1603 3305 pees
1630 3245 1757 3296 ofte
1788 3242 1974 3289 vellen
2004 3232 2347 3286 Custsooleen

1384 3373 1414 3419 5
1442 3372 1500 3418 0.
1527 3369 1586 3416 d.
1611 3363 1672 3411 os
1698 3352 2055 3406 trommevellen

1342 3492 1595 3553 30000
1615 3484 1792 3535 Ps.
1833 3474 2190 3527 Cnoppen

1317 3615 1571 3675 Partije
1605 3604 1967 3658 naeijgaren
2001 3604 2041 3652 —

1338 3743 1439 3789 den
1472 3741 1573 3788 22.
1605 3737 1673 3784 en
1706 3735 1874 3780 april
1908 3735 2042 3780 quam
2075 3736 2276 3783 aldaer
2310 3736 2579 3783 terrhede
2609 3736 2712 3784 van
2745 3733 3080 3781 Mallabaerd
3113 3733 3351 3781 schepen

1339 3852 1456 3902 Arem
1481 3845 1599 3894 ende
1627 3844 1685 3889 't
1713 3841 1887 3889 fluijt
1916 3840 2060 3886 schip
2089 3840 2147 3885 d'
2174 3839 2406 3885 oosterre
2434 3839 2809 3886 gesamentlijck
2837 3838 3068 3884 enhebben
3097 3838 3185 3885 306
3212 3839 3387 3887 lasten

1335 3952 1473 4002 peper
1499 3949 1581 3995 die
1606 3946 1662 3994 23
1689 3944 2043 3991 daeraenvolgen
2070 3943 2179 3989 naer
2205 3943 2397 3989 Batavia
2424 3944 2696 3990 vertrocken
2723 3942 2859 3989 sijn,
2886 3940 2941 3986 't
2967 3938 3131 3984 fluijt
3158 3936 3294 3983 schip
3321 3933 3351 3980 —

1332 4046 1573 4102 overthie
1602 4041 1784 4090 stondt
1813 4041 1934 4087 mede
1965 4042 2056 4088 met
2085 4044 2176 4091 135
2205 4046 2387 4093 lasten
2417 4047 2568 4093 peper
2597 4048 2718 4094 over
2748 4048 2839 4094 den
2868 4043 3050 4092 selven
3080 4039 3201 4088 Wegh
3229 4033 3293 4083 te

1306 4152 1536 4202 volgen

3009 4239 3192 4287 do
