3662 4773
1380 604 1469 651 doch
1491 606 1557 651 nie
1579 606 1624 651 't
1646 606 1757 652 onsen
1778 607 1912 654 laste,
1934 609 2022 655 door
2043 608 2111 655 een
2133 607 2334 656 adsiftent
2354 612 2444 660 doen
2465 615 2511 662 op
2531 618 2753 665 teijckenen
2775 618 2998 665 twijffelen
3018 621 3107 666 niet
3129 621 3218 667 ofte
3240 622 3307 668 sal
3329 623 3352 668 e
3373 624 3529 675 redel=k

1375 689 1575 739 pennicq
1603 694 1862 744 verdienen

1362 811 1463 859 drij
1487 810 1661 857 paerden
1686 812 1786 859 gaen
1810 815 1885 861 met
1910 816 2084 862 geseyde
2109 817 2333 864 scheepjen
2357 820 2606 866 derwaerts,
2631 820 2656 865 2
2681 820 2780 865 voor
2804 819 2880 864 een
2904 817 3029 863 moors
3054 817 3228 865 Coopman
3253 820 3352 865 ende
3377 820 3453 868 een
3476 824 3531 872 op

1373 907 1473 959 onse
1497 905 1595 951 naem
1618 903 1717 950 (dat
1740 901 1838 950 seer
1861 902 2057 949 ernstich
2080 902 2130 948 op
2154 902 2227 948 mij
2251 903 2446 953 versocht
2470 908 2616 954 heeft,
2640 909 2690 954 om
2713 910 2883 956 meerder
2908 911 3103 959 vrachten
3127 914 3175 959 te
3199 914 3395 960 becomen)
3418 916 3516 961 voor

1369 999 1443 1047 den
1465 993 1709 1043 maeckelaer
1733 992 1903 1038 ramwel,
1925 992 1999 1038 aen
2023 992 2241 1037 baggesie,
2265 992 2410 1041 twelck
2434 996 2508 1043 hij
2530 999 2603 1045 aen
2627 1000 2676 1046 ue
2700 1001 2797 1048 seer
2821 1003 3064 1052 vrundelijk
3086 1007 3304 1055 versoeckt
3328 1010 3379 1056 d'
3401 1013 3522 1061 hulp„

1358 1091 1488 1144 „same
1513 1089 1616 1136 hant
1639 1085 1819 1133 gelieve
1844 1084 1895 1129 te
1921 1084 2201 1129 gereijcken,
2226 1084 2303 1131 dat
2328 1086 2405 1133 den
2429 1088 2685 1141 maeckelaer
2709 1097 2914 1146 baggagie
2938 1102 3092 1149 tselve
3116 1104 3295 1151 becomen
3320 1106 3503 1158 machien

1362 1176 1510 1231 sonder
1533 1175 1582 1221 ue
1605 1171 1751 1219 favoir
1774 1170 1847 1216 als
1870 1169 1967 1215 naem
1991 1169 2039 1214 te
2063 1169 2353 1218 gebruijcken,
2375 1174 2473 1222 niet
2496 1178 2569 1226 wel
2592 1182 2666 1231 sal
2688 1187 2834 1237 connen
2856 1193 3121 1243 geschieden,
3145 1198 3218 1244 d=o
3241 1200 3410 1246 Nachoda
3434 1201 3530 1246 heef

1365 1276 1415 1323 ue
1438 1271 1537 1320 daer
1560 1266 1683 1315 niets
1707 1265 1756 1310 te
1778 1263 2024 1310 eijsschen,
2049 1263 2195 1308 nochte
2219 1263 2270 1309 ne
2292 1265 2367 1312 aen
2390 1268 2464 1315 hem
2487 1271 2660 1322 ijetwes
2682 1278 2734 1325 te
2755 1281 3002 1335 vergoeden,
3024 1291 3098 1339 soo
3121 1294 3245 1342 veele
3268 1298 3342 1343 ons
3365 1299 3414 1344 is
3438 1299 3464 1345 —

1354 1367 1598 1419 raeckende,
1619 1360 1841 1411 blijvende
1864 1359 2133 1405 d'conditien
2157 1360 2255 1406 door
2279 1362 2329 1408 uE
2351 1364 2426 1409 met
2449 1365 2548 1413 sijn
2571 1369 2620 1414 m.
2644 1370 2670 1416 r
2692 1372 2889 1422 gemaeckt
2911 1378 3010 1427 In't
3033 1383 3204 1433 geheel,
3227 1388 3301 1433 die
3325 1388 3400 1436 wij
3420 1388 3472 1437 In

1354 1464 1533 1519 geender
1555 1458 1758 1508 manieren
1782 1455 2108 1502 getouchieert,
2133 1454 2284 1500 nochte
2309 1455 2410 1502 daer
2434 1458 2586 1506 eenige
2609 1462 2911 1518 veranderinge
2934 1474 2986 1521 In
3010 1477 3161 1526 gedaen
3185 1482 3361 1530 hebben,
3386 1486 3511 1533 dier„

1356 1553 1504 1604 „wegen
1528 1551 1602 1597 als
1624 1547 1796 1596 vooren,
1819 1545 1893 1592 hem
1917 1544 1991 1590 met
2015 1544 2064 1589 te
2088 1544 2309 1592 eijsschen
2332 1548 2478 1596 nochte
2502 1552 2723 1603 vergoeden
2745 1559 2868 1608 hebt,
2891 1564 2989 1612 maer
3013 1567 3087 1615 als
3110 1570 3160 1616 de
3183 1572 3403 1620 conditien
3426 1575 3500 1622 met

1363 1643 1434 1691 hem
1454 1638 1549 1686 daer
1569 1631 1779 1682 gemaeckt,
1802 1630 1917 1676 ditto
1940 1630 2149 1678 assistent
2171 1633 2310 1680 hebben
2332 1635 2403 1683 wij
2424 1638 2518 1687 hier
2540 1643 2610 1689 met
2632 1644 2680 1691 40
2701 1647 2748 1693 lb
2771 1648 2864 1695 rijs
2886 1650 2933 1697 30
2955 1653 3002 1699 lb
3024 1654 3141 1701 meel,
3163 1656 3210 1702 12
3232 1657 3278 1702 lb
3301 1657 3441 1704 boter,
3463 1659 3486 1704 —

1363 1729 1520 1779 partije
1540 1721 1698 1772 ajuijn,
1720 1719 1810 1766 ende
1832 1719 2011 1765 gesonten
2034 1720 2168 1767 visch,
2190 1723 2258 1769 als
2279 1724 2370 1772 olij
2391 1728 2526 1775 asijn,
2548 1731 2639 1778 ende
2659 1734 2840 1785 weijnich
2860 1741 2996 1788 aracq,
3017 1744 3107 1789 voor
3129 1744 3174 1790 de
3196 1745 3331 1792 reijse
3352 1748 3509 1795 versien

1361 1825 1470 1876 ende
1494 1817 1603 1868 doet
1628 1814 1710 1861 ons
1734 1811 1790 1859 d'
1816 1808 2003 1856 nachoda
2030 1808 2272 1858 beleeffde
2297 1814 2566 1868 toesegging
2590 1825 2671 1872 hem
2697 1826 2751 1872 nu
2777 1826 2857 1872 soo
2884 1827 2965 1873 wel
2991 1829 3072 1876 als
3097 1832 3180 1880 Iut
3204 1837 3501 1888 herrewaerts

1362 1908 1503 1961 comen
1527 1903 1585 1951 te
1611 1898 1778 1947 willen
1803 1895 2085 1942 tracteren.

1361 2047 1413 2092 d2
1436 2043 1592 2091 prince
1617 2043 1797 2089 vlaggen
1822 2043 1925 2089 door
1950 2042 2028 2088 UE.
2053 2043 2259 2091 genoemde
2283 2047 2514 2097 scheepjen
2540 2052 2643 2098 mede
2668 2053 2847 2100 gegeven
2873 2055 2975 2100 gaen
3001 2055 3130 2101 weder
3155 2055 3386 2102 derwaerts
3410 2052 3488 2100 die

1354 2139 1429 2191 hem
1449 2131 1548 2181 naer
1572 2130 1644 2176 uE.
1667 2128 1859 2174 gelieven
1882 2127 1978 2172 cont
2002 2127 2218 2173 eysschen,
2241 2129 2338 2175 doen
2361 2130 2553 2181 betalen,
2576 2136 2673 2184 ofte
2695 2140 2919 2190 vereeren.

1282 2257 1410 2306 desen
1434 2253 1538 2301 Jare
1563 2251 1666 2297 sijn
1691 2250 1794 2296 hier
1819 2249 1896 2294 met
1922 2248 2024 2294 meer
2050 2247 2127 2293 als
2152 2247 2408 2293 sercheijls
2434 2248 2562 2294 schep
2587 2249 2664 2296 van
2690 2251 2972 2300 Masulipatam
2997 2255 3126 2302 (waer
3150 2257 3202 2302 op
3227 2256 3253 2301 b
3279 2256 3512 2304 nederland

1350 2348 1530 2402 buijten
1553 2344 1631 2392 den
1655 2340 1882 2388 stuijrman
1906 2338 2033 2385 sijn)
2057 2335 2159 2383 twee
2183 2334 2259 2379 van
2284 2333 2512 2380 suratten,
2536 2336 2637 2384 ende
2661 2339 2713 2386 8:
2737 2342 2764 2388 a
2787 2344 2813 2390 9
2838 2345 3089 2393 sergatten,
3115 2347 3190 2393 soo
3215 2347 3291 2393 van
3316 2346 3492 2393 d'abul.

1353 2439 1612 2492 ragiepour,
1637 2433 1871 2483 wingurla,
1897 2432 1949 2478 en
1974 2427 2208 2477 derwaerts
2232 2425 2414 2472 gelegen
2440 2427 2648 2474 plaetsen
2672 2430 2702 2477 (
2725 2434 2984 2485 mitsgaders
3009 2440 3088 2487 den
3113 2442 3243 2489 30=en
3268 2444 3399 2491 april

1348 2538 1431 2590 een
1456 2531 1617 2582 engels
1642 2526 1776 2575 schip
1801 2519 2016 2570 genaempt
2041 2518 2095 2563 d'
2121 2516 2228 2563 somi
2255 2516 2335 2562 van
2361 2517 2576 2565 coertens
2600 2521 2761 2567 Compj:
2787 2523 2893 2570 mede
2919 2525 3160 2578 brengende
3186 2534 3266 2581 soo
3292 2537 3346 2583 op
3371 2538 3505 2584 vrach

1348 2631 1428 2679 als
1450 2624 1558 2675 haer
1582 2615 1740 2667 Compt:
1766 2614 1871 2660 doch
1896 2610 2027 2658 meest
2053 2608 2367 2655 particuliere
2393 2610 2733 2663 toebehoorende
2758 2618 2915 2666 partij
2941 2622 3099 2671 peper,
3124 2627 3282 2675 drooge
3306 2631 3489 2679 genber„

1343 2715 1553 2776 curcuma,
1577 2710 1708 2759 olij,
1733 2705 1889 2754 boter,
1914 2704 1966 2750 en
1991 2703 2302 2749 diergelijcke
2328 2704 2587 2751 vettewarij
2612 2706 2769 2757 waren,
2793 2713 2899 2761 waer
2923 2717 3001 2764 van
3026 2720 3105 2767 ons
3130 2723 3182 2769 de
3207 2724 3493 2777 quantiteijt

1347 2812 1426 2861 tot
1450 2807 1554 2856 noch
1579 2803 1657 2851 toe
1680 2797 1887 2847 onbewust
1912 2797 1989 2843 is,
2014 2797 2067 2843 In
2091 2798 2220 2843 somma
2245 2797 2451 2848 beschiet
2476 2804 2553 2851 met
2578 2807 2681 2853 haer
2706 2808 2886 2859 negotie
2911 2814 3015 2862 niet
3039 2818 3169 2867 veel,
3193 2823 3296 2869 sijn
3321 2824 3525 2874 verwond

1345 2906 1501 2954 t'noch
1527 2905 1605 2952 soo
1629 2899 1786 2949 gaende
1811 2896 1993 2944 houden,
2019 2896 2097 2941 off
2122 2896 2200 2941 het
2225 2895 2357 2941 langh
2381 2897 2537 2946 dueren
2562 2901 2667 2949 sal,
2692 2905 2823 2954 staet
2847 2910 2952 2959 haer
2976 2915 3081 2964 voor
3106 2920 3185 2967 ons
3209 2924 3263 2970 te
3287 2926 3496 2977 vernemen

1341 2990 1441 3037 waer
1467 2988 1592 3035 ditto
1617 2988 1743 3033 Schip
1766 2985 2044 3032 verwinteren
2069 2984 2170 3030 sal,
2195 2984 2346 3031 hebben
2370 2987 2446 3033 tot
2471 2988 2573 3035 dato
2596 2991 2698 3039 niet
2722 2995 2874 3044 connen
2897 3000 3125 3056 vernemen,
3148 3012 3276 3064 alsoo
3299 3021 3351 3067 t'
3374 3023 3515 3075 mosse

1343 3092 1398 3137 om
1422 3083 1533 3135 naer
1559 3081 1614 3127 d'
1640 3075 1858 3125 Indische
1884 3074 1994 3120 rust
2020 3076 2075 3121 te
2102 3076 2292 3124 keeren,
2318 3079 2455 3126 meest
2481 3082 2753 3132 verloopen,
2780 3088 2834 3133 en
2860 3088 2970 3137 naer
2996 3092 3270 3147 madagascar
3294 3104 3351 3152 te
3375 3109 3488 3161 gaen

1330 3177 1426 3232 Inde
1446 3171 1540 3220 wint
1560 3166 1630 3214 is,
1653 3164 1721 3210 soo
1743 3163 1812 3209 dat
1835 3163 1903 3209 het
1926 3163 1995 3209 wel
2017 3164 2131 3209 conde
2153 3164 2268 3212 sijn,
2290 3167 2359 3213 den
2381 3169 2519 3218 heeten
2540 3174 2633 3223 tijt
2654 3179 2746 3226 hier
2768 3182 2997 3235 overbleve,
3018 3191 3112 3240 ofte
3131 3197 3179 3244 In
3200 3200 3293 3248 zee,
3314 3204 3405 3251 naer
3428 3206 3498 3252 een

1327 3272 1476 3322 goeden
1496 3265 1625 3316 buijt
1649 3261 1871 3309 uijtsaage
1895 3261 1996 3308 daer
2019 3264 2094 3309 van
2118 3264 2193 3309 ons
2217 3265 2267 3311 d'
2291 3266 2590 3321 seeckerheijt
2612 3277 2713 3326 hier
2735 3282 2836 3332 naer
2859 3288 3008 3339 bekent
3032 3294 3181 3344 werde)
3205 3300 3478 3350 aengecomen,

1325 3368 1567 3422 hoedanige
1592 3361 1808 3413 coopmans
1834 3359 2023 3406 grosse,
2049 3358 2158 3404 naer
2184 3359 2265 3405 wij
2291 3360 2454 3411 connen
2478 3367 2696 3424 vernemen
2720 3381 2829 3429 mede
2854 3385 3070 3438 gebracht
3096 3393 3284 3441 hebben,
3311 3396 3392 3444 sal
3418 3399 3474 3447 uE

1331 3465 1434 3513 uijt
1457 3462 1510 3509 de
1533 3456 1738 3507 notitie,
1762 3455 1839 3500 der
1864 3454 1991 3500 desen
2016 3454 2143 3501 Jaere
2169 3456 2475 3510 aengebrachte
2498 3467 2702 3522 goederen
2726 3478 2880 3530 connen
2904 3486 3133 3537 vernemen,
3157 3493 3259 3541 waer
3284 3496 3361 3544 toe
3385 3498 3460 3544 uE

1317 3571 1401 3621 (om
1425 3567 1481 3613 In
1506 3560 1643 3610 desen
1668 3556 1777 3604 geen
1803 3553 1993 3600 verhael
2020 3553 2074 3599 te
2101 3554 2236 3599 doen)
2262 3555 2370 3600 zijn
2397 3555 2643 3604 wijsende,

1268 3700 1325 3748 de
1350 3695 1542 3744 becomen
1568 3694 1895 3741 porceleijnen
1921 3696 2004 3743 bij
2030 3698 2193 3745 tschip
2220 3699 2439 3748 schiedam
2464 3704 2575 3751 sijn
2600 3707 2682 3755 soo
2709 3711 2873 3763 snoode
2898 3719 3198 3768 Sorteringe,
3225 3722 3333 3768 ende
3360 3721 3469 3768 daer

1327 3795 1381 3843 en
1405 3790 1534 3839 boven
1560 3788 1663 3835 Inde
1689 3787 1843 3833 balijs
1868 3788 1946 3833 soo
1971 3789 2254 3836 vermeugelt,
2280 3791 2357 3837 dat
2382 3792 2460 3840 het
2485 3795 2589 3842 sich
2613 3798 2744 3848 selve
2767 3804 2975 3855 schaemt,
2999 3811 3077 3857 wij
3102 3812 3256 3859 connen
3281 3814 3495 3862 quaelijk

1326 3889 1406 3937 een
1430 3882 1561 3932 balij
1586 3878 1716 3925 nemen
1741 3877 1820 3923 die
1845 3877 1950 3922 naer
1975 3877 2028 3923 t'
2053 3878 2287 3924 opschrift
2312 3880 2469 3929 luijt,
2493 3885 2780 3939 gesorteert,
2805 3895 2883 3942 Is.
2908 3898 3014 3947 ende
3038 3903 3221 3955 geloove
3245 3911 3350 3959 meer
3375 3915 3456 3963 een

1323 3981 1511 4034 restant
1536 3977 1591 4024 om
1616 3976 1671 4021 de
1695 3972 1991 4021 packhuijsen
2018 3972 2071 4017 te
2096 3969 2339 4018 suijveren
2364 3974 2578 4026 geweest,
2604 3982 2686 4029 als
2711 3986 2899 4035 geleten
2925 3991 2979 4036 is
3004 3992 3059 4039 op
3085 3995 3139 4041 de
3165 3997 3445 4047 sorteringe

1327 4078 1433 4124 voor
1458 4076 1538 4122 dit
1564 4072 1802 4120 quartiers
1828 4070 2092 4116 gebruijck,
2117 4069 2250 4115 witte
2276 4069 2462 4117 Capjens
2487 4073 2594 4122 sijn
2619 4078 2805 4129 geweest
2829 4085 2858 4131 6
2882 4087 3095 4140 balijen,
3119 4096 3226 4143 doch
3251 4099 3331 4146 van
3357 4101 3444 4149 soo

1320 4171 1426 4221 veer
1450 4163 1633 4215 soorten
1659 4162 1945 4208 vermengelt,
1971 4162 2049 4207 dat
2075 4161 2282 4207 qualijck
2308 4162 2361 4208 op
2386 4163 2465 4210 een
2490 4165 2725 4219 seeckeren
2749 4175 2881 4225 prijs
2905 4181 3035 4231 hebbe
3061 4187 3217 4234 connen
3242 4189 3476 4238 vercoopen
