3642 4828
1027 525 1290 574 april
1341 523 1550 575 Anno
1601 519 1811 567 1646

1305 717 1432 778 Naer
1459 708 1553 758 dat
1580 701 1825 752 gemelten
1856 699 1947 746 d:o
1976 696 2159 742 vanden
2189 694 2372 740 meijde
2401 693 2494 740 den
2523 695 2676 741 12:en
2705 695 2979 742 februarij
3008 695 3071 741 op
3100 697 3161 742 't
3188 693 3467 746 versoecke

1346 804 1436 857 der
1463 796 1637 847 mooren
1664 793 1723 839 d'
1751 787 2011 837 duijckers
2039 785 2127 832 van
2155 786 2443 834 Caijepatam
2471 789 2616 835 hadde
2644 787 2933 835 toegestaen
2959 789 3048 835 met
3076 791 3134 836 10
3162 791 3364 837 Cleeren

1343 908 1541 967 Thomijs
1568 900 1738 952 aldaer
1765 897 1850 945 ter
1878 894 2019 942 rhede
2047 893 2075 938 8
2102 892 2188 938 ato
2216 892 2357 938 dagen
2385 892 2441 938 te
2469 892 2582 938 gaen
2610 893 2920 940 besightigen
2947 895 3060 941 omme
3088 895 3229 941 ofter
3257 893 3406 940 goede

1340 1019 1485 1071 perel
1512 1014 1740 1064 schulpen
1767 1010 1853 1059 tot
1880 1008 1938 1053 't
1965 1004 2193 1053 salagtum
2221 1004 2278 1050 te
2306 1000 2534 1049 visschen
2560 998 2760 1046 waeren,
2788 998 2930 1045 niets
2958 1000 3044 1046 dat
3071 1000 3326 1048 sijluiden
3350 999 3384 1048 —

1341 1131 1503 1184 voord'
1528 1122 1874 1175 gewoonelijcke
1901 1117 2246 1167 gerechticheit
2271 1116 2458 1163 daervan
2483 1115 2564 1161 een
2590 1113 2697 1160 dagh
2723 1110 2829 1158 voor
2856 1109 2935 1155 den
2962 1106 3148 1154 Neijck,
3173 1104 3280 1150 ende
3306 1103 3389 1152 een

1343 1238 1488 1285 „dagh
1515 1235 1692 1283 voord'
1719 1232 1779 1280 E.
1808 1227 2069 1275 Compagnie
2098 1227 2274 1274 souden
2302 1230 2564 1277 Visschen,
2592 1230 2709 1276 doch
2737 1226 2913 1275 Wierde
2941 1222 3087 1270 sulcx
3114 1218 3232 1267 door
3260 1217 3324 1266 de

1343 1353 1660 1409 portuijesen
1689 1352 1775 1398 met
1803 1348 2062 1397 Verstaen,
2089 1347 2205 1393 ende
2233 1346 2406 1391 Iegens
2433 1345 2606 1392 d'onse
2635 1344 2864 1392 daerover
2892 1343 2979 1388 ten
3007 1334 3268 1388 hoochsten

1340 1470 1690 1525 geprotesteert,
1715 1467 1965 1516 sustineren
1988 1463 2089 1511 ende
2114 1462 2264 1509 seggen
2289 1463 2364 1509 die
2388 1463 2513 1509 Custe
2537 1462 2688 1508 operd'
2711 1461 2763 1507 10
2787 1457 2962 1505 Joaeren
2986 1453 3112 1501 onder
3136 1451 3187 1497 't
3211 1447 3414 1496 gebieedt

1345 1589 1455 1639 ende
1480 1584 1830 1633 bescheerminge
1855 1582 2018 1630 vanden
2043 1580 2232 1626 Coninck
2259 1580 2339 1625 van
2366 1580 2634 1627 portugael,
2660 1578 2768 1626 ende
2794 1577 2902 1622 niet
2927 1574 3063 1621 onder
3090 1573 3144 1619 d'
3170 1569 3332 1618 Neijck

1339 1697 1530 1751 gestaen
1556 1694 1718 1742 heeft,
1743 1695 2065 1748 uijtwijsende
2091 1702 2118 1747 (
2145 1702 2225 1747 soo
2252 1702 2332 1747 sij
2358 1700 2546 1747 seggen)
2572 1698 2680 1744 haer
2705 1695 2921 1743 Contract
2946 1692 3054 1739 ende
3079 1686 3455 1735 onderhandeling

1312 1809 1402 1860 die
1429 1812 1521 1860 met
1549 1811 1609 1856 d'
1639 1810 1817 1857 vorige
1847 1809 1936 1855 als
1965 1807 2114 1854 desen
2143 1801 2559 1851 Iegenwoordigen
2588 1800 2767 1847 reijck
2796 1797 3182 1849 dienaengaende
3211 1794 3449 1842 gemaecke

1336 1918 1533 1967 hebben,
1561 1918 1700 1964 sulcx
1728 1919 1840 1964 niet
1868 1918 2092 1965 begeeren
2119 1915 2287 1962 nochte
2314 1914 2455 1960 liden
2482 1914 2678 1960 willen,
2705 1913 2790 1959 dat
2818 1913 2902 1959 wij
2929 1913 3015 1959 aen
3041 1913 3154 1959 onse
3182 1909 3434 1958 moradores

1339 2033 1394 2080 op
1420 2032 1502 2077 die
1528 2030 1637 2076 rede
1664 2028 1826 2075 sullen
1853 2027 2069 2075 toelaten
2096 2027 2286 2073 depergl
2312 2029 2610 2076 visscherije
2637 2031 2691 2076 te
2717 2028 2989 2075 ontdecken,
3014 2026 3231 2074 seggende
3257 2023 3367 2071 noch

1338 2138 1645 2191 daerenboven
1671 2136 1728 2182 de
1755 2137 1838 2183 see
1866 2138 1977 2183 voor
2004 2138 2282 2184 Caijlpatam
2309 2135 2420 2183 ende
2447 2132 2697 2180 daeronder
2724 2130 2947 2177 sorteren
2973 2131 3195 2177 plaetsen
3222 2128 3279 2175 's
3305 2119 3444 2171 haere

1330 2261 1391 2308 te
1419 2253 1598 2304 wesen,
1628 2251 1747 2298 tens
1776 2250 1895 2295 alle
1925 2250 1984 2295 't
2014 2250 2223 2298 welcque
2251 2253 2430 2299 voorsz
2459 2254 2787 2303 meergemelte
2816 2259 2876 2305 Ee
2903 2257 3083 2305 Dander
3112 2250 3291 2301 meijde

1339 2376 1457 2424 Inte
1484 2372 1632 2420 lange
1661 2371 1779 2417 ende
1806 2367 1955 2416 Brede
1983 2363 2394 2411 Contrarieerde,
2423 2362 2541 2409 ende
2570 2363 2951 2410 protesteerde,
2980 2362 3098 2408 hoet
3126 2360 3245 2406 noch
3272 2351 3451 2405 verder

1277 2484 1679 2539 afgesmogenlae
1708 2478 2017 2528 afgeloopen
2046 2475 2141 2523 sal
2171 2473 2388 2521 hebben,
2417 2470 2572 2517 staet
2603 2469 2695 2514 ons
2725 2467 2788 2513 te
2819 2459 3065 2512 vernemen

1321 2680 1441 2734 Bij
1476 2669 1634 2725 voor
1672 2666 2059 2714 aengetogen
2097 2666 2369 2718 missive
2407 2670 2639 2718 vanden
2678 2671 2949 2718 Coopman
2987 2671 3026 2716 V
3062 2666 3104 2714 r
3142 2660 3452 2709 Clockouw

1299 2793 1425 2841 wert
1454 2787 1829 2837 onderandchen
1861 2787 1954 2832 ons
1984 2785 2110 2831 mede
2141 2785 2360 2833 bekendt
2390 2788 2640 2836 gemaeckt
2670 2789 2858 2836 hoedat
2888 2789 3075 2835 aldaer
3107 2790 3200 2835 bij
3231 2789 3325 2835 den
3356 2788 3387 2833 —

1328 2897 1547 2948 anderen
1576 2898 1669 2945 300
1699 2896 1792 2943 stx
1822 2893 2007 2940 slaven
2037 2892 2100 2938 en
2129 2893 2191 2938 80
2222 2893 2252 2938 a
2283 2893 2376 2939 100
2406 2893 2591 2940 packen
2621 2893 2805 2940 Cleden
2835 2892 2928 2938 bij
2957 2891 3051 2937 den
3082 2891 3300 2938 anderen
3327 2892 3359 2941 —

1324 3005 1593 3060 versamert
1622 3002 1799 3050 hadde,
1828 3003 1947 3049 ende
1975 3004 2034 3049 't
2064 3004 2182 3051 maer
2211 3006 2300 3052 aen
2328 3005 2535 3052 scheeps
2564 3006 2771 3052 ruijmte
2799 3001 3124 3051 midtsgaders
3152 2993 3418 3046 Contanten

1331 3117 1430 3164 tot
1461 3115 1691 3163 Verdere
1723 3114 1952 3160 procure
1985 3115 2247 3163 ontbracq
2280 3118 2345 3165 op
2378 3117 2574 3165 tondij
2606 3116 2738 3162 ende
2770 3114 3065 3162 adrapatam
3095 3110 3327 3159 stonden

1324 3227 1463 3276 naer
1496 3225 1635 3272 alle
1669 3225 2014 3272 apparentie
2047 3226 2186 3272 mede
2219 3226 2393 3273 goede
2426 3229 2667 3276 partije
2701 3228 2909 3276 slaven
2942 3229 3356 3279 geprocureert

1335 3352 1420 3402 te
1460 3340 1754 3393 werden—

1119 3507 1201 3562 Ao
1230 3492 1312 3548 24
1344 3478 1462 3533 tot
1498 3472 1800 3521 ultimode
1837 3470 1989 3517 miet
2026 3472 2479 3521 remaercquaer
2515 3461 2894 3519 vogevallen

2054 3770 2522 3839 Meij
2631 3784 2990 3836 A:H

1301 4041 1335 4088 D
1360 4031 1428 4084 P.
1457 4026 1520 4073 ro
1550 4029 1614 4079 d.
1643 4036 1675 4081 o
1705 4030 2017 4080 resoumeert
2047 4024 2266 4074 allhier
2295 4022 2390 4068 ter
2420 4022 2577 4068 rhede
2606 4019 2763 4068 vande
2792 4014 2950 4062 suijt
2980 4013 3042 4058 't
3073 4012 3230 4058 Jacht

1359 4120 1742 4174 grijvekercke
1773 4117 2155 4165 smedebrengen
2187 4116 2283 4162 103
2314 4114 2442 4162 pack
2473 4112 2569 4158 sen
2600 4110 2919 4158 diveersche
2950 4101 3270 4155 sorteringe

2838 4194 3108 4244 witte
