3614 4780
2039 250 2382 315 April

2502 845 2715 898 820

638 488 764 542 Aen
803 488 884 534 d'
923 482 1128 534 Ed=le
1160 486 1284 537 h=r
1320 484 1523 540 Raden
1562 495 1643 543 en
1682 498 1926 552 direc„

494 611 699 663 teurs,
730 605 901 655 wegen
934 605 1036 650 den
1068 604 1542 660 Nederlantschen
1574 615 1744 664 staet
1777 620 1845 666 in

841 976 976 1023 „door
1002 976 1085 1022 den
1111 977 1437 1032 oppercoopman
1463 988 1654 1038 Adriaen
1679 995 1842 1044 vander
1869 1000 2005 1047 Meyde
2031 1003 2139 1050 uijt
2166 1005 2411 1060 Caijlpath
2436 1016 2519 1064 p=r
2544 1020 2599 1067 t'
2626 1022 2762 1071 Jacht

836 1066 1016 1112 limmen
1045 1066 1167 1114 naer
1195 1070 1315 1117 Gale
1345 1072 1616 1123 gesonden,
1644 1079 1826 1128 welcq,
1854 1084 1975 1133 ende
2003 1088 2274 1145 t'verdere
2303 1102 2484 1154 nodigh
2512 1110 2722 1162 g'acht„

844 1147 1025 1196 hebbe,
1055 1151 1176 1197 omme
1205 1153 1446 1201 erreuren
1475 1157 1655 1208 voorte
1685 1164 1867 1215 comen,
1894 1172 1956 1218 en
1984 1175 2167 1227 metten
2194 1184 2406 1236 anderen
2434 1193 2735 1244 d'accoorde

845 1238 908 1286 te
939 1238 1094 1284 gaen,
1123 1239 1248 1286 UEd:
1278 1242 1371 1287 bij
1401 1243 1556 1293 desen
1585 1250 1648 1297 te
1678 1253 2080 1316 communiceren,
2108 1273 2263 1324 sulcx
2293 1280 2418 1328 oocq
2447 1285 2509 1332 d'
2539 1288 2727 1341 nevens

841 1331 1120 1377 gevoughde
1150 1331 1307 1381 copie
1336 1337 1584 1391 advijsen
1614 1346 1709 1395 tot
1738 1351 1895 1403 nader
1923 1360 2142 1415 bericht
2170 1371 2296 1424 vant
2325 1380 2636 1432 passerende
2663 1384 2728 1432 In

836 1430 896 1479 t'
924 1433 1309 1481 visiapoursche
1337 1437 1426 1483 als
1454 1438 1722 1497 persische
1748 1452 1927 1503 rijcq,
1954 1459 2075 1510 door
2102 1467 2193 1514 den
2219 1471 2573 1532 oppercoopman
2601 1486 2695 1532 s=r

841 1529 1119 1576 Cornelisz
1150 1529 1243 1575 van
1273 1531 1429 1578 Sanen
1458 1535 1552 1584 aen
1581 1541 1675 1589 mij
1704 1546 2076 1608 gecharteert,
2105 1565 2200 1613 tot
2228 1570 2353 1621 alle
2382 1578 2662 1631 t'welcke,

845 1618 942 1666 ome
971 1618 1225 1668 redijten
1255 1623 1319 1668 In
1349 1624 1508 1674 desen
1538 1631 1885 1692 t'eviteren,
1915 1649 1980 1696 my
2009 1653 2137 1703 oocq
2166 1660 2421 1710 gedrage,

768 1791 934 1840 Ousen
966 1790 1199 1839 Jonghst
1230 1795 1462 1845 gedanen
1494 1801 1692 1850 eijsch
1724 1806 1823 1853 van
1856 1808 2384 1865 coopmanschappen,
2417 1820 2747 1870 provisien,

841 1877 941 1923 als
970 1877 1203 1925 anders,
1235 1881 1401 1929 nader
1432 1886 1827 1940 geresumeert,
1858 1897 2121 1950 bevinden
2153 1906 2285 1956 geen
2316 1912 2712 1963 veranderinge

842 1973 1090 2022 daerinne
1121 1973 1214 2020 als
1244 1976 1491 2025 eenlijk,
1521 1980 1615 2026 dat
1644 1981 1769 2031 noch
1798 1987 1922 2037 1000
1952 1992 2015 2039 lb
2045 1995 2200 2045 loot,
2229 2001 2292 2048 en
2321 2004 2385 2052 in
2414 2008 2630 2054 plaetse
2660 2009 2757 2057 van

839 2075 903 2120 2:
935 2074 1063 2120 vyff
1094 2073 1286 2119 cassen
1317 2072 1414 2118 met
1446 2072 1638 2120 londt,
1669 2074 1991 2130 mitsgaders
2021 2086 2214 2140 nevens
2244 2096 2596 2153 d'versochte
2628 2108 2725 2155 100

844 2168 969 2213 st=r
1000 2166 1158 2213 lange
1188 2166 1533 2215 londtroers,
1564 2170 1690 2218 noch
1720 2173 1784 2220 50
1814 2176 1909 2223 st=
1939 2179 2098 2232 goede
2126 2189 2441 2248 musquetten
2469 2203 2690 2250 (synde—

834 2256 989 2305 onder
1020 2255 1112 2301 die
1143 2255 1236 2300 van
1266 2256 1390 2302 hier
1421 2257 1545 2303 vele
1575 2259 1853 2312 schaloos,
1882 2268 2008 2320 ende
2036 2277 2499 2345 ontbruijckbaer)
2529 2301 2715 2352 nodigh

831 2351 1137 2403 vereijscht
1167 2349 1380 2396 werden,
1410 2348 1503 2394 soo
1532 2350 1654 2396 gaet
1684 2351 1747 2398 nu
1775 2355 1899 2405 oocq
1927 2361 2051 2413 mede
2079 2370 2173 2419 een
2201 2376 2415 2433 memorie
2443 2390 2567 2440 ofte
2595 2397 2778 2448 catha„

793 2452 998 2503 „logus
1031 2449 1134 2496 der
1166 2445 1576 2494 medicamenten
1610 2449 1782 2500 voort
1814 2457 2054 2514 Casteel
2086 2472 2360 2524 Geldria,
2392 2481 2769 2543 d'ondersor„

820 2551 1088 2602 „terende
1119 2546 1387 2595 compten,
1420 2548 1888 2607 d'vertreckende
1919 2563 2054 2612 ende
2086 2569 2321 2623 comende
2351 2579 2619 2629 schepen,
2652 2584 2752 2632 als

810 2647 1080 2700 Jachten,
1113 2644 1483 2692 hoochnodigh
1514 2647 1616 2694 met
1649 2650 1984 2706 eerbiedigh
2017 2662 2286 2715 versouck
2318 2671 2420 2719 aen
2452 2676 2487 2722 u
2519 2678 2587 2725 E:
2619 2681 2724 2728 d:,

842 2747 932 2796 wij
961 2744 1080 2791 daer
1107 2741 1198 2789 van
1227 2740 1316 2785 ten
1346 2740 1555 2789 vollen,
1582 2746 1703 2793 ende
1730 2750 1851 2798 niet
1878 2755 2086 2807 minder,
2115 2762 2501 2821 Insonderheijt
2529 2777 2620 2826 met
2648 2782 2767 2830 geen

845 2839 1115 2894 verlegen,
1142 2836 1262 2883 ende
1292 2836 1619 2887 crachteloos
1646 2844 1797 2896 goedt
1823 2853 2004 2904 (sulcx
2030 2862 2151 2912 voor
2178 2868 2327 2920 desen
2356 2875 2446 2924 wel
2474 2880 2775 2939 geschiedt)

847 2937 939 2984 van
969 2935 1062 2981 ten
1091 2933 1307 2979 aensien
1337 2935 1614 2990 s'Compi:s
1643 2946 1921 3002 ommeslagh
1949 2959 2134 3010 alhier
2163 2967 2226 3014 nu
2255 2970 2378 3020 vrij
2408 2975 2622 3025 meerder
2653 2980 2746 3026 is,

839 3031 933 3076 p=r
963 3028 1185 3076 eersten
1216 3027 1595 3080 geprovideert
1625 3036 1785 3089 mogen
1814 3046 2036 3098 werden,

779 3220 944 3268 Desen
976 3222 1075 3267 dus
1107 3222 1272 3270 verre
1304 3225 1631 3278 geschreven
1664 3233 1894 3282 sijnde,
1926 3238 2155 3289 becomen
2188 3244 2352 3294 nader
2384 3249 2581 3296 Advijs
2614 3250 2712 3296 van

815 3306 969 3355 onsen
1000 3310 1246 3357 resident
1275 3312 1338 3357 zn
1367 3313 1552 3361 velour
1582 3316 1705 3364 uijt
1735 3319 1982 3375 welckers
2011 3331 2287 3386 translaet
2317 3342 2409 3388 bij
2440 3343 2593 3388 desen
2624 3343 2783 3390 ond=r

835 3407 1037 3460 aparte
1070 3405 1236 3452 nomb:
1269 3405 1403 3452 mede
1435 3407 1735 3460 gevonght,
1767 3416 1802 3461 u
1833 3418 1967 3467 E:d:
1999 3422 2299 3475 t'gevolgh
2331 3431 2433 3479 van
2461 3433 2730 3481 saecken,

834 3506 906 3552 en
941 3502 1261 3550 oorloghen
1297 3501 1403 3547 tot
1438 3501 1688 3552 meerder
1722 3509 2149 3570 becommeringh
2184 3526 2292 3572 van
2325 3530 2787 3582 t'Carnatische

2253 3574 2422 3629 boor

829 3594 1019 3642 rijcq,
1050 3593 1177 3639 daer
1207 3591 1397 3638 tegens
1428 3592 1777 3646 d'resolutie
1806 3602 1903 3653 der
1932 3609 2185 3665 Neijcken
2216 3621 2311 3671 tot
2342 3626 2657 3679 maacominge
2688 3634 2794 3682 van

825 3696 1020 3746 verder
1053 3694 1379 3741 onheijlen,
1410 3693 1542 3739 ende
1574 3695 1933 3752 resistentie
1964 3709 2063 3757 der
2094 3714 2324 3768 Mooren,
2354 3724 2520 3776 onder
2549 3732 2802 3783 anderen

832 3800 903 3846 nu
937 3797 1080 3845 voor
1114 3796 1187 3842 t'
1222 3794 1613 3840 voornaemste
1648 3795 1755 3842 den
1790 3798 2040 3857 harden,
2073 3814 2217 3866 ende
2251 3823 2571 3882 ruineusen
2605 3837 2713 3884 val

817 3893 1009 3942 vanden
1039 3891 1357 3938 vervenden,
1387 3892 1514 3937 ende
1545 3892 1927 3949 boosaerdigen
1956 3906 2243 3963 Chinanna,
2272 3920 2337 3967 en
2366 3923 2652 3977 d'sijnen,

816 3986 1255 4040 d'verclaringe
1288 3984 1424 4032 ende
1457 3987 1863 4040 bekentenisse
1895 3996 1998 4046 des
2030 4003 2268 4056 Coninck
2300 4012 2468 4062 wegen
2502 4013 2637 4062 onse

808 4084 1108 4139 onschuldt,
1137 4081 1257 4128 ende
1287 4080 1525 4126 oprechte
1555 4081 1885 4131 handelinge,
1913 4087 2212 4143 mitsgaders
2240 4099 2361 4149 sijn
2390 4105 2689 4158 majestj=ts

818 4188 914 4239 wil
943 4181 1067 4231 ende
1094 4176 1404 4225 begheerte,
1435 4176 1529 4221 ome
1558 4178 1652 4226 d'E
1681 4182 1865 4229 Comp:e
1896 4184 2204 4236 restitutie
2234 4191 2358 4238 vant
2387 4194 2695 4243 gerooffde—

2546 4311 2706 4362 verte

589 505 634 552 E

0 1017 245 1067 ende

0 1111 68 1157 te
102 1110 275 1160 nemen

0 1282 119 1327 ives
148 1280 274 1328 vast

0 1375 88 1424 nu
130 1370 264 1418 van

0 1457 256 1509 d'selve

0 1539 231 1595 synde

0 1631 37 1676 t
73 1627 262 1676 geber

0 1718 242 1765 bleven.

0 1796 244 1851 tIn

0 1890 65 1937 rt
97 1886 270 1935 vande

0 1976 239 2023 desen

0 2136 71 2185 ine
93 2139 164 2186 pr.
186 2138 262 2186 lie

0 2218 233 2268 aertoe

0 2299 229 2348 erich,

0 2387 248 2438 eweest

0 2474 125 2521 del
166 2472 250 2518 op

0 2559 56 2605 te
83 2557 252 2603 voeren

0 2635 272 2684 woorm

0 2719 273 2770 verdubbe

0 2809 97 2855 van
128 2810 257 2856 hout

0 2895 251 2944 vaertuij

0 2984 244 3036 ruijcken

0 3080 125 3126 aen
166 3078 250 3125 my

0 3175 111 3222 del.
139 3174 251 3221 last

0 3262 170 3308 tiger

0 3358 90 3403 op
133 3352 226 3403 te

0 3453 143 3503 sal.

0 3644 158 3692 pman
197 3645 237 3693 „

0 3737 220 3786 eesch

0 3828 238 3875 gesonden

0 3904 276 3952 tuijt

0 3993 250 4041 eckende

0 4079 231 4126 anderen

10 4167 68 4213 ed

55 4264 190 4311 door

142 4167 189 4212 en
