3328 4828
354 1107 647 1157 blijckt./

2360 920 2553 970 1090

334 1260 1012 1318 d'geinterrogeerdens
1046 1257 1191 1305 vant
1225 1256 1440 1304 Fluijt
1475 1260 1654 1309 Schip
1687 1259 1939 1308 davidt,
1974 1263 2295 1313 verclaren
2331 1267 2446 1315 het

364 1356 663 1405 rantsoen
694 1349 999 1401 tydelyck
1035 1350 1110 1396 op
1134 1340 1184 1394 8
1219 1334 1554 1384 mutsgens,
1590 1339 1740 1386 daer
1777 1339 1927 1385 naer
1963 1341 2038 1386 op
2073 1338 2112 1385 6
2148 1337 2447 1389 mutsjens
2479 1337 2558 1389 de

1216 1386 1333 1435 ƒ

1394 1426 1547 1476 naer
1584 1432 1812 1479 teneur
1850 1435 1964 1481 van
2002 1436 2268 1486 d'resol
2304 1438 2457 1487 daer
2495 1441 2572 1488 op

309 1451 422 1498 man
458 1452 569 1498 des
605 1450 828 1497 daechs
865 1450 1235 1496 vermindert
1272 1451 1385 1498 is.

416 1542 786 1598 genomen.

1563 1865 1605 1912 t
1643 1865 1971 1919 bewesten
2012 1871 2094 1917 de
2134 1865 2297 1918 Cabo
2337 1861 2630 1913 sijnde,

281 1921 350 1968 de
385 1916 800 1969 gevraechders
834 1911 1146 1961 respord=t
1180 1910 1287 1956 dat

1441 1976 1587 2030 ende
1621 1973 1730 2020 hun
1763 1966 1910 2016 daer
1945 1960 2198 2010 omtrent
2234 1958 2631 2005 bevindende,

296 2007 558 2054 alsdoen
595 2006 633 2052 t
670 2005 857 2053 volck
892 1998 1043 2048 seer
1079 1989 1342 2044 begoste

1415 2075 1592 2127 veele
1621 2059 1871 2117 siecken
1905 2052 2117 2102 hebben
2150 2045 2397 2096 gehadt,
2432 2045 2539 2091 des

273 2087 342 2135 in
375 2087 442 2132 te
476 2087 711 2134 storten
743 2089 844 2136 van
877 2091 1346 2151 d'Scheurbuijck

1393 2171 1510 2219 hun
1545 2152 2013 2217 genootsaeckt
2050 2143 2284 2193 vonden
2322 2142 2593 2190 deselve

274 2188 316 2234 e
348 2176 557 2232 sulcx
597 2178 1041 2227 genootdruct
1081 2178 1326 2232 waeren

1423 2277 1529 2329 aen
1561 2273 1632 2320 te
1665 2266 1839 2316 doen,
1871 2258 2012 2309 ende
2041 2255 2321 2304 hoeveele
2355 2256 2603 2314 siecken

251 2278 344 2328 de
388 2276 569 2322 Cabo
614 2274 750 2320 aen
787 2270 886 2319 te
930 2265 1157 2314 doen/
1200 2263 1296 2314 om

278 2358 442 2406 water
473 2357 538 2402 te
571 2355 765 2402 halen,
796 2353 959 2401 alsoo
991 2354 1120 2399 geen
1153 2348 1315 2399 moedt

1395 2384 1531 2438 ende
1562 2372 1896 2427 impotenten
1927 2367 2029 2417 wel
2061 2363 2329 2410 ingetale
2359 2366 2593 2427 hadden,

300 2437 502 2483 hadden
535 2437 602 2483 om
634 2438 701 2483 de
735 2437 968 2484 reijse,
1001 2437 1102 2483 met
1134 2430 1336 2482 twater

298 2517 408 2563 dat
442 2515 768 2567 inhadden,
803 2517 876 2563 te
911 2516 1272 2564 volvoeren.

282 2672 389 2718 die
423 2673 528 2718 van
563 2673 669 2720 den
704 2666 914 2716 davidt
948 2663 1300 2711 antwoorden
1335 2651 1756 2709 gesamentlijk
1787 2643 1895 2694 dat
1929 2638 2281 2688 t'rantsoen
2315 2637 2422 2686 tot
2455 2642 2565 2691 ses

310 2769 599 2818 mutsgens
634 2762 886 2814 daechs,
920 2757 1065 2806 voor
1101 2753 1281 2802 ijder
1313 2746 1460 2798 man,
1491 2742 1604 2791 bij
1638 2739 1963 2787 resolutie
1998 2735 2107 2786 van
2142 2731 2579 2783 Scheepsraadt

338 2855 655 2913 beraemt
700 2850 881 2899 was,
925 2845 1105 2894 ende
1148 2840 1331 2890 haer
1375 2839 1601 2886 reyse
1646 2835 1871 2885 recht
1916 2830 2096 2880 door
2140 2820 2277 2873 Zee
2320 2813 2507 2863 naer

356 2948 660 3007 Batavia
701 2945 788 2991 te
830 2942 1259 2989 spoedigen,
1292 2938 1429 2988 end
1466 2932 1559 2983 de
1590 2935 1770 2982 Cabo
1812 2934 1984 2981 niet
2025 2932 2155 2978 aen
2195 2930 2283 2977 te
2325 2929 2539 2980 doen,

295 3046 685 3096 mijtsgrs.
728 3046 815 3092 t'
857 3045 1073 3093 Schip
1110 3038 1330 3092 delff
1373 3038 1460 3084 te
1502 3030 1891 3081 verlaten/

1400 3374 1511 3432 Off
1541 3361 1689 3414 haer
1723 3354 2009 3404 affaires
2044 3353 2153 3399 aen
2187 3355 2330 3403 Cabo
2366 3355 2548 3408 bona,

1006 3365 1143 3412 ders

1283 3380 1356 3433 -

267 3396 667 3458 Antwoorden
702 3395 786 3443 de
825 3393 1030 3441 gevr:

1239 3388 1255 3433 -

258 3484 482 3537 vanden
518 3468 815 3528 Oliphant
851 3459 1297 3512 gesamentlijk
1328 3440 1668 3505 Esperance
1701 3431 1852 3482 niet
1889 3429 1964 3476 in
1999 3426 2224 3472 minder
2259 3426 2371 3472 tyt
2409 3425 2523 3472 als

1395 3536 1465 3583 17
1496 3522 1671 3578 dagen
1703 3514 1809 3564 die
1840 3503 2050 3556 aldaer
2084 3501 2326 3548 gelegen
2361 3500 2603 3552 hebben,

250 3567 394 3618 niet
426 3562 535 3611 wel
570 3555 781 3607 eerder
815 3550 922 3598 van
955 3545 1098 3594 daer
1130 3538 1344 3589 conden

240 3645 651 3708 vertrecken,
684 3637 798 3687 soo
835 3631 1058 3681 wegens
1093 3627 1169 3675 t'
1206 3624 1428 3674 water,
1462 3612 1688 3667 hadden
1723 3606 1835 3656 ten
1870 3596 2132 3650 dienste
2168 3593 2280 3641 van
2316 3591 2579 3639 Ecomp=e

269 3739 533 3796 groente
566 3733 681 3781 als
717 3733 792 3779 de
829 3724 1276 3778 Boechspriet,
1308 3700 1645 3765 volbracht
1681 3695 1905 3744 connen
1938 3692 2203 3744 werden,

234 3828 358 3875 die
398 3818 728 3871 verwoelt
768 3815 974 3862 moste
1015 3808 1305 3861 worden.

253 3909 362 3955 als
397 3911 541 3957 mede
576 3911 685 3958 dat
720 3910 900 3957 thard
934 3908 1116 3955 weder
1152 3902 1296 3954 haer
1330 3896 1511 3946 sulcx
1546 3889 1799 3939 belette
1833 3884 1872 3933 /

216 4067 585 4133 Responderen
616 4062 717 4111 syl
749 4056 849 4105 van
882 4053 949 4100 't
979 4043 1214 4097 Filuijt
1246 4041 1412 4090 Schip
1443 4041 1610 4089 david
1639 4033 1974 4085 gesamentl,
2007 4033 2074 4080 op
2106 4032 2175 4079 't
2205 4036 2538 4090 gevraechde

367 4145 498 4198 van
536 4155 663 4202 Ja.
700 4145 874 4200 ende
914 4142 1042 4188 dat
1084 4141 1169 4186 sy
1209 4136 1380 4183 haer
1421 4133 1633 4179 water
1674 4132 1717 4178 8
1758 4130 1802 4177 a
1843 4128 1886 4174 9
1927 4127 2140 4174 dagen
2181 4128 2351 4180 naer
2391 4135 2562 4188 haer

290 4239 485 4290 arrive
517 4239 581 4284 al
613 4237 774 4284 daer,
805 4236 870 4282 in
901 4233 1095 4281 gehadt
1126 4234 1351 4283 hebben,

1974 1703 2124 1760 10

362 1024 505 1072 man,
541 1026 901 1073 vermindert
933 1019 1187 1073 hebben,
1222 1015 1473 1066 gelijck
1508 1014 1619 1060 bij
1652 1016 1976 1068 resolutie
2011 1023 2190 1077 vande
2224 1030 2628 1107 Scheepsraat

1919 3229 2087 3279 11„

2756 3567 2814 3627 E
