3587 4883
1362 1038 1738 1094 Belangende
1775 1040 2299 1095 d''ordonneerde
2335 1052 2484 1099 130.
2521 1054 2671 1100 ofte
2708 1053 3156 1104 waertmeerder
3194 1048 3343 1105 p=ls

1522 1155 1663 1201 sijde
1690 1154 1859 1201 gelijk
1886 1155 2278 1205 d'ondercoopl:k
2305 1161 2417 1206 daer
2445 1161 2698 1213 verbleven
2724 1169 3060 1220 g'ordonneert
3087 1175 3144 1222 is
3171 1178 3228 1224 op
3254 1175 3312 1223 te

1541 1263 1724 1313 Coopen
1753 1265 2087 1312 voorholland
2117 1267 2300 1315 dunckt
2329 1271 2481 1317 onses
2510 1272 2784 1323 gevoelens
2813 1278 2905 1325 met
2934 1281 2996 1328 uE
3025 1284 3147 1332 d:le
3177 1288 3328 1339 beter

1539 1377 1607 1424 is
1640 1379 2081 1426 intaenstaende
2113 1382 2385 1435 Saijloen
2418 1391 2656 1441 deselve
2689 1397 2723 1442 i
2756 1397 3163 1449 Japangevoert
3196 1404 3366 1452 werdt

1527 1500 1840 1549 tenaensien
1871 1504 1933 1549 nu
1965 1504 2089 1550 twee
2120 1505 2276 1555 Jaren
2308 1510 2495 1557 hebben
2526 1513 2775 1562 vermerct
2806 1517 2870 1565 de
2899 1520 3306 1578 verhinderinge

1523 1639 1613 1687 van
1643 1640 1793 1687 Jquan
1822 1641 1912 1688 die
1941 1642 2001 1688 de
2031 1642 2210 1688 Comp:e
2239 1643 2389 1690 indat
2418 1646 2597 1691 gewest
2627 1646 2717 1692 soo
2747 1647 2836 1693 wel
2865 1647 2955 1693 als
2984 1647 3045 1693 in
3075 1648 3316 1700 Taijouan

1526 1775 1791 1823 indenwegh
1820 1775 1995 1821 soeckt
2024 1775 2083 1821 te
2112 1776 2258 1822 wesen
2287 1776 2434 1822 synde
2462 1777 2580 1824 voor
2608 1780 2842 1827 beginsel
2871 1783 2931 1828 al
2958 1784 3304 1832 eenighsints

1527 1893 1766 1943 oorsaeck
1795 1898 1856 1944 de
1885 1899 2063 1945 maij:t
2093 1899 2271 1945 nevens
2300 1900 2450 1948 andre
2479 1904 2688 1958 grooten
2717 1914 2956 1963 hundebet
2985 1918 3105 1964 niet
3133 1919 3313 1969 hebben

1528 2025 1712 2074 cunnen
1743 2026 1954 2074 voldoen
1984 2029 2075 2075 dat
2105 2030 2469 2080 intoekomende
2498 2034 2711 2083 alweder
2740 2038 2801 2085 om
2831 2038 2893 2084 te
2922 2038 3195 2086 beduchten
3225 2042 3377 2089 staet

1530 2144 1616 2191 soo
1645 2146 1761 2193 niet
1788 2149 1931 2195 erger
1960 2150 2276 2202 uijtenvaldt
2304 2157 2420 2205 daer
2447 2160 2534 2208 den
2562 2164 2763 2211 almogen
2791 2165 2850 2211 de
2878 2164 3050 2211 Comp:e
3079 2164 3193 2209 voor
3222 2163 3308 2209 wil

1512 2266 1777 2314 behoeden,
1805 2270 1894 2316 byj
1922 2272 2185 2321 aldienden
2214 2276 2449 2323 gemelten
2477 2277 2625 2325 Jquan
2653 2281 2742 2327 syn
2770 2282 3034 2331 voornemen
3062 2287 3387 2340 volbrenght/

1515 2388 1681 2437 gelijk
1707 2388 1763 2434 de
1789 2388 2035 2434 Chijnesen
2061 2390 2362 2441 voorgegeven
2388 2396 2579 2445 hebben,
2606 2400 2661 2445 in
2688 2400 2744 2447 't
2769 2403 2988 2453 aenstaen
3015 2407 3099 2454 met
3122 2410 3151 2455 3
3177 2408 3397 2455 Joncques

1514 2507 1571 2552 te
1599 2504 1945 2551 verschijnen,
1971 2506 2058 2552 soo
2086 2508 2174 2554 ist
2200 2509 2316 2555 niet
2344 2511 2430 2557 wel
2458 2513 2688 2561 mogelijk
2716 2517 2802 2564 soo
2830 2519 2918 2568 een
2944 2524 3088 2573 groot
3116 2527 3374 2573 Cappitael

1524 2621 1605 2670 van
1630 2625 1709 2670 150
1735 2624 1893 2670 kisten
1920 2625 2025 2672 gelt
2051 2627 2210 2673 sonder
2235 2629 2393 2676 tegens
2419 2631 2525 2676 haer
2551 2631 2604 2677 te
2630 2632 2841 2680 cladden/
2866 2636 2919 2681 in
2945 2636 3025 2683 soo
3050 2638 3209 2684 corten
3234 2639 3341 2687 tijt

1526 2755 1643 2803 voor
1670 2756 1813 2801 goede
1842 2756 1985 2803 waren
2013 2758 2213 2804 besteet
2241 2757 2414 2803 worden
2441 2758 2556 2804 can,
2584 2759 2699 2806 daer
2726 2759 2786 2804 en
2812 2760 2956 2807 boven
2984 2762 3041 2809 de
3070 2763 3356 2811 portugesen

1487 2876 1608 2927 (die
1637 2876 1785 2922 desen
1814 2876 1933 2921 Jare
1962 2876 2022 2922 op
2051 2877 2199 2923 Ainam
2229 2877 2525 2926 gesneuvelt
2554 2881 2673 2927 syn)
2702 2881 2791 2926 byj
2821 2881 3058 2930 behouden
3087 2886 3236 2935 varen
3264 2890 3354 2937 med

1521 3008 1667 3056 staen
1695 3006 1755 3053 te
1783 3004 2104 3050 verschijnen
2130 3005 2190 3051 de
2218 3004 2393 3051 welcke
2422 3006 2683 3055 oocgsijde
2712 3009 2886 3057 gelijk
2916 3012 3235 3061 annopassado
3264 3014 3322 3061 is

1517 3136 1765 3182 geschiet
1796 3136 1888 3181 aen
1919 3136 1981 3182 d'
2012 3134 2291 3182 Engelsche
2322 3133 2415 3179 met
2443 3133 2508 3180 35
2600 3133 2663 3179 40
2692 3131 2848 3180 pC=to
2877 3126 3158 3176 vercoopen
3188 3127 3377 3173 echter

1507 3269 1708 3321 gelijk
1741 3267 1907 3314 uEd:e
1940 3266 2238 3314 schrijve,
2271 3266 2403 3311 waer
2436 3266 2535 3312 het
2568 3267 2701 3314 dogh
2733 3269 2834 3316 wel
2866 3272 3098 3321 noodigh
3129 3271 3197 3318 om
3228 3267 3296 3316 de

1515 3401 1838 3447 Taijouanse
1870 3400 2095 3446 negotie
2127 3401 2192 3447 te
2223 3399 2513 3446 suppleren
2544 3401 2641 3447 als
2673 3402 2802 3448 maer
2834 3403 2931 3449 van
2962 3403 3093 3449 onse
3123 3405 3349 3457 vyanden

1508 3532 1607 3581 die
1638 3533 2061 3580 durvenseggen,
2094 3535 2290 3582 neempt
2321 3538 2388 3584 de
2418 3541 2614 3591 Comp:e
2646 3546 2712 3592 de
2744 3547 2906 3595 sijde
2939 3550 3167 3597 aenvoor
3199 3553 3377 3603 tbwij

1517 3656 1705 3702 sullen
1735 3658 1797 3704 15
1826 3656 1984 3703 geven
2014 3659 2232 3709 (gelijk
2262 3665 2542 3718 sedeselve
2572 3674 2697 3722 oocq
2727 3677 2913 3725 vanden
2944 3680 3162 3726 Coningh
3191 3681 3317 3729 ende

1516 3793 1742 3841 burgers
1770 3793 1939 3838 hebben
1967 3793 2249 3843 aengenomen
2276 3798 2390 3845 niet
2417 3801 2699 3851 verhindert
2726 3806 2923 3855 wierden
2951 3810 3064 3856 hier
3091 3811 3176 3857 bij
3204 3810 3345 3856 compt

1503 3920 1726 3967 dannogh
1757 3923 1820 3969 de
1852 3923 2043 3971 duerte
2073 3926 2170 3974 der
2199 3931 2454 3981 Cassjens
2483 3937 2612 3987 daer
2643 3943 2706 3989 de
2738 3944 2960 3993 Coninck
2991 3949 3212 3999 inwerck
3243 3952 3310 3998 't

2156 492 2472 547 Transport
2507 502 2613 549 van
2647 506 3174 563 Coopmanschappen
3207 520 3312 570 als

2200 562 2371 612 anders
2399 568 2512 615 door
2540 570 2599 618 d'
2625 574 2654 619 E
2682 575 2852 624 Pieter
2880 580 3107 632 antonisz
3134 588 3250 638 over
3275 594 3417 647 twate

2190 640 2351 687 aend'
2381 644 2415 691 S
2444 648 2699 697 Reijnier
2729 653 2888 701 van't
2919 657 3014 706 hum
3046 660 3237 711 gedaen
3267 667 3400 722 dato

2193 717 2291 768 29.
2322 723 2583 777 November
2614 731 2680 779 Ao
2711 735 2874 790 1645.
