3573 4958
2725 283 2956 351 720

491 329 816 423 Aprils
862 303 1086 368 anno
1137 289 1361 344 1646

2181 4057 2354 4104 adij
2395 4047 2788 4102 ultimod:o

939 469 1086 520 soude
1113 467 1231 514 uijt
1258 468 1494 517 gevallen
1521 473 1640 524 ende
1666 481 1928 527 Poutchijn
1957 482 2336 536 algeturbeert:
2364 492 2655 544 mitsgaders
2684 499 2976 550 g'ccupeert

946 580 1104 628 wesen
1134 581 1228 627 met
1258 582 1414 629 desen
1444 583 1694 632 Coninghs
1724 588 1848 634 rijs
1879 588 2066 635 landen
2097 590 2471 647 teverderven,
2500 603 2688 656 alwaer
2717 611 2811 658 den
2842 613 3028 659 Capado

933 697 1150 744 Ougatun
1180 696 1273 742 met
1303 696 1428 744 veel
1458 699 1705 747 soldaten
1735 703 1798 748 op
1827 704 1889 749 de
1919 703 2075 750 wacht
2104 705 2290 756 leggen
2320 712 2599 766 alvandaen
2628 722 2691 767 na
2721 723 2876 770 renna
2905 723 3063 770 soude

934 818 1165 867 geweken
1197 817 1328 864 sijn
1361 819 1525 867 van't
1557 822 1754 869 welcke
1786 824 1884 869 den
1913 822 2309 874 Princesijnen
2342 829 2506 877 vader
2538 833 2670 881 naet
2702 836 2865 885 leger
2897 840 2998 887 ter

887 946 1023 997 Oost
1054 942 1323 991 tijdinge
1355 943 1521 990 hadde
1554 945 1854 996 gesonden,
1887 951 1988 998 dat
2016 952 2452 1006 (nadergericht
2485 962 2652 1008 werd)
2684 964 2784 1009 wel
2817 962 3017 1010 mochte

940 1070 1193 1119 couseren
1224 1070 1319 1116 met
1349 1069 1697 1119 aldesselffs
1727 1071 1918 1118 armade
1948 1071 2044 1117 uyt
2074 1073 2296 1123 Cabangh
2326 1079 2579 1128 opbrack:
2609 1083 2767 1131 omden
2798 1085 3082 1134 Guinamner

929 1201 985 1246 te
1012 1198 1235 1245 stutten,
1262 1198 1346 1244 off
1373 1198 1512 1244 staet
1539 1197 1623 1243 van
1650 1198 1734 1244 den
1761 1198 1929 1244 selven
1955 1198 2067 1245 groo
2094 1198 2151 1243 te
2177 1199 2345 1245 schade
2372 1201 2428 1247 te
2454 1201 2649 1248 lijden,
2677 1200 3011 1250 d'uytcomsten

944 1314 1111 1363 sullen
1139 1318 1306 1363 metten
1333 1319 1445 1364 tijt
1472 1318 1751 1365 haerselffs
1778 1314 2085 1363 openbaren/.

642 1460 770 1512 adij
800 1454 926 1504 23:e
956 1451 1051 1497 d:o
1082 1452 1301 1499 weijngh
1333 1451 1521 1497 anders
1552 1448 1928 1497 voorgevallen
1959 1446 2053 1491 dan
2084 1445 2179 1491 dat
2209 1445 2304 1491 des
2334 1444 2554 1491 morgens
2585 1446 2774 1493 vroegh
2804 1446 2901 1492 ons
2929 1449 3025 1498 den

886 1576 1034 1633 vadre
1062 1571 1263 1618 unoffre
1291 1567 1693 1616 quambegroeten,
1720 1566 1836 1612 ende
1864 1564 2123 1611 bedancken
2150 1562 2265 1608 over
2294 1563 2351 1608 de
2380 1560 2638 1608 comoditen
2665 1559 2724 1605 't
2752 1559 2838 1605 hem
2867 1560 3041 1608 gedaen

941 1688 1026 1734 met
1054 1687 1251 1733 tpapier
1278 1685 1364 1731 dat
1391 1684 1476 1730 hem
1504 1683 1589 1729 bij
1617 1683 1786 1729 gesett
1813 1680 1984 1728 hadde,
2012 1680 2125 1726 door
2152 1679 2378 1726 dienmits
2406 1678 2463 1724 't
2489 1676 2688 1722 verlies
2714 1673 2801 1720 der
2829 1670 3062 1718 Joncque

939 1802 1072 1851 vrij
1103 1803 1366 1851 verlegen
1398 1802 1662 1849 daeromme
1693 1800 1825 1848 ware
1857 1796 2122 1844 geweest,
2151 1798 2383 1846 nemende
2414 1798 2513 1845 met
2545 1795 2710 1842 eenen
2742 1789 3071 1842 affscheijt

938 1926 1124 1972 vanden
1154 1926 1403 1972 Capitain
1434 1926 1775 1973 Broeckhorst
1805 1926 1961 1973 alsoo
1991 1924 2177 1970 binnen
2208 1924 2456 1970 weijnige
2487 1924 2642 1970 dagen
2673 1923 2766 1970 uyt
2796 1918 3060 1967 Catsiouw

944 2053 1112 2105 stonde
1139 2052 1194 2098 te
1221 2048 1524 2097 vertrecken,
1551 2050 1606 2096 na
1633 2051 1690 2098 de
1716 2054 2073 2103 benedendorpen
2100 2058 2183 2104 ten
2210 2059 2375 2107 eijnde
2402 2062 2567 2108 aldaer
2594 2061 2759 2107 syjnen
2787 2059 3068 2107 geesselijk

936 2173 1128 2222 dienst
1159 2174 1349 2219 alomme
1380 2173 1445 2219 te
1475 2176 1602 2221 doen
1634 2175 1952 2223 naweijnigh
1981 2180 2205 2227 onthael
2234 2183 2394 2231 gingh
2424 2187 2519 2233 met
2551 2188 2678 2234 goet
2709 2178 3058 2233 contentem:t

938 2295 1104 2341 weder
1138 2295 1337 2342 thuijs
1370 2294 1537 2341 warts
1570 2290 1638 2338 /.

681 2436 806 2485 adij
836 2430 960 2480 25:e
990 2427 1084 2474 d:o
1114 2423 1362 2471 smorgens
1392 2422 1578 2468 vroegh
1609 2423 1703 2470 int
1733 2426 1981 2475 aenkomen
2010 2431 2197 2478 vanden
2227 2433 2352 2479 dage
2382 2435 2444 2480 is
2475 2435 2568 2480 den
2598 2434 2817 2482 Coopman
2846 2436 3035 2486 Isaacq

929 2546 1108 2599 gobijn
1136 2544 1197 2591 na
1226 2543 1404 2589 eenige
1433 2540 1552 2588 tijt
1581 2540 1936 2586 sieckleggens
1966 2540 2262 2588 overleden,
2291 2543 2409 2589 ende
2438 2543 2527 2589 des
2557 2542 2853 2589 namiddaghs
2882 2540 3031 2589 nad'E

885 2666 1138 2725 presente
1168 2660 1513 2711 gelegenth:t
1544 2660 1700 2706 deser
1731 2659 1950 2705 plaetse
1980 2657 2168 2703 binnen
2199 2657 2262 2703 de
2293 2657 2480 2703 pagger
2510 2656 2606 2702 van
2636 2654 2824 2700 Comp:s
2855 2651 3012 2699 logie

940 2786 1030 2834 met
1058 2785 1355 2831 behoorlijk
1383 2782 1502 2829 Eere
1531 2781 1621 2827 ter
1650 2779 2064 2826 aerdengebracht
2091 2776 2329 2823 werdende
2357 2774 2624 2822 nadelogie
2654 2776 2773 2822 rond
2802 2775 3039 2822 gedraghn

906 2904 996 2952 end
1023 2906 1114 2952 int
1143 2902 1471 2950 graffgeseth
1500 2903 1620 2950 was)
1649 2906 1768 2952 over
1797 2906 1858 2951 de
1886 2900 2244 2950 begraeffenis
2271 2896 2393 2945 drie
2422 2894 2660 2939 Chergies
2690 2893 2779 2939 van
2808 2889 3077 2937 mutsquets

929 3023 1272 3073 hieraenland
1302 3024 1427 3070 ende
1457 3025 1613 3071 vijff
1643 3026 1799 3071 Canon
1830 3025 2078 3071 schooten
2108 3022 2263 3069 vande
2293 3019 2697 3067 Schepengedaen
2728 3019 2852 3065 ende
2882 3013 2977 3063 wes

934 3140 1055 3188 meer
1085 3143 1386 3191 behoorlijk
1415 3145 1686 3192 wesenende
1715 3144 1776 3189 de
1806 3143 2136 3189 gelegenth:t
2165 3141 2286 3187 mede
2315 3136 2527 3185 brengen
2556 3135 2737 3184 mochte
2766 3138 2827 3185 /.
2854 3134 2955 3182 god

931 3263 1018 3310 de
1055 3262 1484 3309 heerehebbe
1526 3262 1654 3309 syn
1696 3254 1909 3308 Siele

639 3410 766 3462 adij
796 3408 918 3456 29:e
948 3404 1040 3452 d:o
1071 3402 1224 3449 compt
1254 3403 1346 3449 den
1375 3400 1621 3448 Stuerman
1651 3400 1745 3447 van
1773 3403 2049 3452 hillegers
2079 3406 2233 3452 bergh
2263 3406 2355 3453 des
2385 3405 2600 3451 morgens
2630 3405 2753 3451 heel
2783 3406 2997 3453 vroegen

940 3517 1141 3563 aenland
1169 3517 1227 3562 de
1255 3517 1456 3563 tydinge
1483 3514 1685 3561 brengen
1714 3514 1800 3559 dat
1828 3514 1914 3559 den
1943 3514 2202 3560 vergangen
2229 3516 2373 3563 nacht
2401 3518 2488 3565 een
2514 3518 2688 3566 boss:r
2716 3516 2803 3562 van
2831 3512 3008 3561 voors.

942 3627 1161 3674 fluijte
1192 3627 1566 3673 overledenwat
1598 3628 1629 3673 '
1659 3627 1910 3673 genaempt
1940 3629 2190 3677 Cornelis
2221 3632 2502 3680 Roeloffsz
2533 3634 2627 3680 van
2657 3633 2783 3680 moos
2813 3633 3063 3680 dewelcke

927 3739 1080 3786 heden
1110 3740 1232 3786 mede
1260 3737 1688 3784 begravenwbierd
1716 3740 1808 3785 aen
1838 3740 1900 3786 d'
1929 3742 2172 3787 verlijde
2202 3742 2294 3788 der
2323 3744 2536 3792 keviere
2566 3748 2689 3793 daer
2717 3749 2778 3795 de
2809 3749 3023 3798 schepen

937 3852 1228 3901 leggen

185 696 201 741 er

2591 360 2639 409 5
