3771 4773
1340 828 1509 883 „81

1176 905 1536 960 Responderen
1569 903 1960 954 gelijckelijk
1991 894 2222 945 doncker

2315 927 2419 974 Met
2453 924 2557 971 wat
2592 922 2764 968 weder
2799 921 2938 967 ende
2972 923 3111 970 wint
3145 926 3250 974 het
3281 928 3457 976 Jacht

1196 998 1528 1047 liefflijck,
1558 1001 1739 1047 schoon
1768 1000 1920 1047 weder
1950 998 2071 1044 ende
2101 996 2286 1046 sleght

2335 1017 2534 1065 hebben
2563 1019 2896 1066 verseijlt,
2929 1020 2996 1065 te
3029 1020 3194 1066 weten
3227 1021 3326 1067 met
3359 1022 3493 1069 maer

1195 1092 1387 1143 Water
1424 1098 1654 1144 gehadt
1691 1099 1920 1145 hebben
1957 1098 2072 1145 met
2110 1098 2230 1149 een

2324 1108 2482 1157 licht
2513 1112 2640 1158 ofte
2670 1108 2953 1159 duijster.

1201 1195 1608 1247 Zuijtoosten
1645 1200 1793 1247 wint
1827 1195 2088 1247 wanneer
2124 1195 2236 1241 het

1213 1282 1407 1336 Jaccht
1436 1292 1754 1339 verseijlde
1786 1294 1913 1340 ende
1944 1289 2358 1340 verongelucte.

1213 1469 1538 1519 antwoorden
1570 1469 1669 1518 sij
1701 1474 2254 1530 gejnterrogeerdens
2286 1485 2384 1536 off
2416 1491 2742 1542 henluijden
2773 1497 2871 1546 met
2904 1501 3002 1547 het
3034 1502 3099 1548 op
3131 1502 3327 1549 setten
3359 1500 3526 1549 vande

1224 1565 1664 1615 gelijckelij.
1699 1571 1920 1620 Ercept
1955 1576 2175 1622 Harmen

2336 1596 2515 1646 wacht
2550 1601 2836 1650 daerinne
2870 1604 3049 1651 schip
3084 1603 3298 1650 breuck
3333 1601 3517 1650 leden

1224 1671 1525 1723 waeghman
1561 1671 1826 1724 soldaet
1862 1680 1976 1728 dat
2008 1680 2167 1731 haer

2331 1695 2435 1741 met
2469 1695 2573 1743 een
2605 1699 2914 1748 seeckeren
2948 1703 3085 1750 ende
3119 1704 3325 1752 vasten
3357 1705 3531 1752 cours

1225 1775 1531 1822 schipper
1568 1774 1837 1821 genaemt
1874 1777 2180 1827 hendrick

2323 1788 2555 1838 gestelt
2587 1793 2718 1842 sij,
2751 1796 2981 1842 waernae
3014 1797 3113 1843 hun
3145 1798 3245 1843 uit
3277 1799 3507 1844 seijlen

1234 1876 1480 1922 aertsz
1520 1878 1724 1925 glaes
1765 1879 2010 1925 vander
2050 1879 2216 1926 gouw

2322 1886 2531 1938 hadden
2564 1894 2635 1939 te
2668 1896 3013 1947 reguleren,
3048 1902 3186 1947 ende
3220 1901 3324 1947 wat
3358 1902 3532 1949 cours

1215 1974 1360 2021 naer
1396 1974 1469 2020 de
1504 1977 1685 2024 wacht
1720 1980 1792 2027 op
1828 1981 2044 2031 geseth
2080 1985 2232 2032 was—

2331 1997 2431 2047 het
2463 1996 2693 2043 geweest
2724 1992 2856 2044 zijn

1231 2078 1459 2129 tegens
1497 2084 1914 2137 aengehaelde
1952 2090 2256 2136 stuirman

1243 2183 1435 2232 belast
1465 2188 1624 2237 heeft
1655 2192 1751 2240 dat
1782 2195 2068 2241 noortwest
2099 2194 2195 2240 ten
2225 2185 2449 2238 noorden
2480 2184 2576 2230 wel
2607 2184 2703 2231 soo
2734 2187 3051 2243 noordelijk
3083 2195 3242 2243 soude
3273 2195 3528 2246 aenlopen

3575 2254 3592 2299 dec

1231 2283 1362 2330 ende
1394 2283 1526 2331 mede
1558 2287 1657 2334 het
1688 2290 1917 2340 Eijlant
1949 2295 2145 2342 voors.
2177 2295 2340 2342 maken
2372 2292 2537 2339 soude
2568 2293 2830 2344 intsicht
2859 2298 2928 2345 te
2959 2299 3188 2346 houden,
3220 2298 3417 2346 twelck
3444 2289 3515 2346 de

3569 2345 3610 2390 m

1253 2381 1517 2428 stuirman
1549 2384 1714 2430 heeft
1746 2386 2174 2438 geaccepteert,
2206 2394 2272 2439 op
2304 2395 2501 2440 welcke
2534 2395 2928 2442 accepptatie,
2961 2396 3059 2443 den
3092 2398 3355 2447 schipper
3387 2399 3521 2446 gaen

3583 2445 3619 2490 ge

1232 2476 1463 2523 slapen
1500 2479 1615 2525 is.

2326 2695 2421 2744 off
2451 2692 2578 2739 dien
2609 2694 2893 2744 gestelden
2925 2699 3082 2746 Cours
3114 2700 3524 2748 Continuelijck

1211 2698 1521 2746 deposeren
1553 2700 1657 2747 sij
1690 2703 2282 2754 gejnterrogeerdens

3566 2697 3633 2744 R

1227 2793 1683 2851 (uijtgesondert:
1713 2807 1744 2852 /
1774 2808 1866 2855 den
1895 2800 2229 2856 onderCoop=m

2326 2795 2527 2844 hebben
2559 2795 2860 2847 geseijlt,
2892 2801 3027 2847 ende
3058 2802 3360 2848 vervolght
3392 2801 3493 2849 dan

3593 2785 3624 2831 ge

2331 2892 2437 2941 wel
2471 2896 2612 2946 door
2646 2903 2960 2953 CCommando
2994 2908 3204 2957 vanden
3239 2912 3518 2959 schipper

1228 2904 1302 2950 en
1339 2904 1449 2950 den
1486 2905 1746 2954 oldaet)
1781 2910 2263 2962 gesamentlijck

2332 2995 2466 3042 ofte
2498 2996 2765 3048 stuirman
2797 3005 2965 3058 diens
2996 3015 3163 3061 wacht
3196 3016 3296 3062 het
3328 3007 3529 3061 mochte

1222 3004 1328 3050 dat
1362 3006 1469 3055 den
1502 3011 1714 3059 selven
1748 3015 1925 3061 cours
1959 3017 2065 3063 als
2099 3017 2275 3066 boven

2311 3105 2464 3157 sijn,
2491 3106 2702 3156 deselve
2730 3111 3000 3164 verandert
3029 3119 3119 3167 is,
3148 3122 3268 3168 ende
3297 3122 3538 3170 hoedanig

1231 3107 1548 3158 aengehaelt
1578 3114 1673 3163 tot
1704 3118 1799 3165 der
1830 3121 1956 3169 tijt
1987 3123 2082 3169 het
2113 3120 2271 3168 Jacht

2284 3209 2391 3258 als
2426 3209 2567 3257 watt
2600 3213 2741 3260 daer
2776 3214 2882 3260 van
2913 3213 3021 3261 zij

1225 3215 1291 3262 op
1323 3217 1390 3263 de
1422 3219 1685 3266 drooghte
1717 3222 1948 3272 geraect
1980 3228 2079 3274 is,
2111 3228 2244 3276 aen=

1211 3319 1456 3368 gegaen
1496 3323 1786 3373 hebben.

1178 3552 1266 3598 ƒ

1197 3632 1296 3683 soo
1327 3631 1519 3679 dragen
1550 3634 1680 3684 haer
1710 3640 2094 3692 gelijckelijk
2125 3647 2286 3697 Erept
2316 3653 2413 3702 off
2445 3650 2541 3701 het
2572 3646 2796 3694 Eijlant
2827 3647 3051 3693 galjoen
3082 3645 3211 3692 niet
3242 3644 3339 3689 int
3370 3641 3531 3692 sicht

1189 3731 1296 3783 den
1330 3739 1577 3789 soldaet
1611 3744 1717 3793 als
1752 3748 1893 3796 voor
1927 3752 2034 3800 het
2068 3756 2281 3806 vierde
2314 3758 2631 3808 behouden,
2666 3755 2807 3802 ende
2841 3754 2982 3800 daer
3016 3753 3123 3799 bij
3158 3754 3405 3800 langers
3437 3744 3510 3797 te

1202 3835 1633 3895 vraeghpoinct
1667 3849 1882 3897 staet.

2324 3859 2564 3908 seijlen
2597 3857 2803 3904 gelast
2837 3856 3043 3902 waren,
3076 3855 3180 3901 als
3213 3856 3317 3902 met
3350 3855 3457 3903 wat

2361 3954 2620 4008 Cours.
2662 3951 2705 3996 —

3581 1506 3617 1552 ver

2318 505 2525 553 Millimae
2549 504 2655 551 daor
2678 506 2756 552 den
2781 506 2860 553 Cr.
2883 505 3116 553 directeur

3214 515 3282 560 rent

1708 2583 1762 2632 5.
