3567 4883
1244 807 1663 865 Gelicht,
1713 800 2282 854 midtsgaders
2332 798 2540 850 noch
2587 800 2953 850 partije
3003 799 3214 845 thin

1249 927 1668 982 oliphanten
1709 927 1835 973 als
1877 926 2127 974 andere
2169 925 2796 980 Coopmanschappen
2837 921 2921 969 p.
2962 920 3047 968 r.
3086 925 3383 977 tfluijt

1186 1078 1487 1144 schip
1540 1048 2084 1118 Monslandt
2142 1048 2322 1095 van
2379 1050 2801 1098 Batavia
2860 1033 3279 1093 volgens

1218 1209 1404 1270 haer
1450 1204 1586 1254 Ed:
1630 1187 2130 1247 toesegginge
2174 1176 2583 1230 derwaerts
2628 1176 2719 1221 te
2757 1166 3265 1221 verschijnen

1250 1334 1439 1382 daer
1485 1330 1580 1378 op
1626 1326 1720 1373 jn
1765 1314 2049 1370 corten
2094 1308 2330 1359 staet
2373 1304 2471 1352 te
2517 1302 2800 1348 volgen
2833 1302 2987 1348 ter
3032 1298 3365 1347 monture

1218 1480 1364 1534 van
1411 1469 1941 1525 ƒ862336„3„4
1988 1449 2613 1511 geparreseert,
2653 1442 2854 1495 ende
2901 1439 3094 1486 daer
3141 1438 3343 1492 duer

1225 1604 1636 1675 machtich
1685 1593 2092 1651 geworden
2142 1587 2498 1637 sijnde,
2549 1587 2651 1635 d'
2700 1570 3211 1629 Comptoiren

1236 1741 1525 1797 alomme
1569 1732 1906 1785 Buijten
1952 1720 2573 1777 verochteringh
2616 1702 3049 1764 t'houden,
3095 1697 3383 1746 draegt

1234 1869 1380 1923 den
1427 1858 1904 1913 gouverneur
1950 1854 2094 1901 den
2141 1848 2380 1898 raedt
2426 1846 2618 1892 voor
2664 1841 2856 1891 ende
2900 1831 3142 1885 geeft
3188 1832 3382 1883 haer

1245 1999 1345 2052 E:
1386 1989 1491 2038 jn
1537 1975 1983 2033 bedencken
2029 1969 2229 2020 offf
2275 1965 2426 2013 men
2473 1961 2623 2010 dan
2672 1959 2870 2006 niet
2916 1959 3067 2005 soo
3115 1961 3312 2008 drae

1245 2107 1818 2175 mogelijck,
1873 2096 2560 2150 masulipatam,
2616 2087 3016 2141 Bengael
3070 2083 3189 2132 en

1241 2244 1444 2299 ende
1484 2236 1593 2284 d'
1641 2223 1993 2278 Luijder
2035 2219 2542 2267 quartieren
2569 2217 2741 2263 van
2766 2209 3189 2258 Bestandt

1235 2378 1601 2435 Capitael
1645 2372 1783 2422 tot
1827 2365 2103 2415 vigeur
2148 2357 2422 2411 vanden
2466 2347 2786 2401 handel,
2830 2341 3016 2390 ende
3056 2334 3380 2389 procure

1214 2522 1446 2579 vande
1490 2509 1999 2563 vereijschte
2044 2506 2461 2556 retouren,
2506 2503 2645 2551 als
2690 2499 2876 2547 oock
2922 2497 3060 2543 Sr.
3098 2490 3340 2543 Cruis

1248 2660 1345 2707 d'
1380 2656 1628 2708 gaele
1673 2649 1817 2699 ten
1864 2642 2196 2692 aensien
2243 2640 2527 2689 tjacht
2574 2635 2859 2686 lunmen
2906 2634 3048 2679 wel
3086 2632 3379 2680 buijte

1222 2800 1410 2847 onse
1452 2788 1787 2845 voorige
1832 2769 2303 2830 Calculatie
2349 2762 2632 2813 sonder
2679 2755 3008 2806 eenigen
3055 2753 3296 2801 rijs,

1242 2937 1491 2985 midts
1508 2912 2236 2979 d'schaersheijt
2285 2907 2485 2956 ende
2534 2901 2834 2953 duerte
2883 2892 3083 2943 maer
3132 2884 3282 2936 met

1221 3080 1513 3138 Goudt,
1555 3074 1853 3125 peper,
1897 3053 2337 3118 plancken,
2385 3046 2580 3097 ende
2627 3031 2920 3090 goenij
2958 3020 3260 3074 sacken

1225 3220 1386 3274 van
1436 3196 1962 3263 Caijlpatam
2011 3188 2224 3240 naer
2275 3182 2643 3232 Ceijlon
2695 3163 3377 3225 geretourneert

1223 3350 1367 3403 is,
1413 3340 1555 3392 met
1601 3328 1932 3384 partije
1978 3320 2167 3371 rijs
2207 3314 2356 3364 als
2402 3309 2686 3358 andere
2731 3293 3346 3352 noodwendiched

1215 3483 1519 3536 dienen
1566 3474 1670 3525 te
1720 3454 2274 3517 provideren,
2323 3443 2525 3494 jtem
2575 3438 2727 3487 wat
2777 3413 3332 3481 quantiteijt

1219 3617 1370 3667 van
1418 3610 1571 3661 dat
1619 3602 1872 3653 graen
1921 3595 2123 3646 omme
2172 3587 2324 3638 ons
2372 3576 2575 3631 daer
2624 3571 2776 3620 van
2825 3569 3027 3616 niet
3076 3567 3178 3614 al
3225 3559 3328 3611 te

1207 3761 1392 3810 seer
1438 3736 2039 3804 t'ontBlooten,
2083 3729 2223 3778 dat
2267 3721 2407 3771 men
2453 3710 2869 3765 derwaerts
2914 3703 3100 3754 sall
3142 3692 3378 3747 cunne

1230 3893 1722 3961 affsteecken
1767 3892 1812 3938 t
1857 3871 2394 3935 voorschreven
2437 3863 2574 3915 van
2618 3850 2797 3906 zijn
2841 3847 2932 3894 E:
2974 3839 3111 3889 met
3155 3831 3380 3883 goede

1230 4036 1618 4099 voordacht
1657 4010 2090 4079 overleijt,
2130 4002 2304 4052 ende
2347 3990 2734 4046 eensdeels
2776 3970 3379 4034 geconsidereert

1229 4164 1521 4233 sijnde
1563 4154 1712 4207 wij
1756 4143 1951 4197 mede
1998 4133 2189 4185 daer
2236 4131 2333 4177 om
2372 4127 2572 4175 seer
2618 4112 3049 4170 Benodicht
3095 4108 3336 4156 Lijn„

1241 4291 1439 4349 ende
1484 4269 1826 4332 naulicx
1874 4268 1973 4316 d'
2020 4268 2264 4319 helft
2310 4259 2506 4312 vant
2554 4248 2798 4303 gewas
2846 4247 3041 4293 door
3082 4245 3237 4292 den

2910 4471 3296 4528 loberen
