3423 4883
2371 934 2590 994 1060

1023 767 1496 821 Heeren

481 1046 665 1098 Inde
709 1046 1255 1101 achter:camer

657 1219 725 1267 4.
758 1223 959 1270 ledige
990 1226 1330 1282 tomtommen.

667 1348 726 1394 1.
753 1345 902 1392 cleyn
930 1348 1106 1395 Japans
1134 1350 1460 1405 comptoirken

672 1469 731 1517 1.
759 1471 993 1520 fluweele
1020 1476 1224 1524 bultsac
1252 1480 1339 1527 met
1368 1482 1427 1527 3.
1455 1482 1658 1528 kussens

623 1617 709 1663 21.
737 1612 851 1662 stve
878 1608 1111 1659 boecken.

610 1728 713 1780 22.
743 1720 1182 1772 wijn-roemers.

653 1833 723 1879 3.
758 1832 896 1878 paar
931 1828 1207 1879 schoenen
1242 1828 1518 1885 waarinne
1552 1839 1623 1889 3.
1656 1845 1796 1893 paar
1828 1848 2112 1905 striclen

645 1944 719 1993 3.
754 1943 897 1989 paar
931 1940 1147 1988 muylen

645 2043 716 2090 1.
748 2042 891 2091 paar
925 2044 1100 2092 witte
1135 2047 1381 2094 laeksen

659 2147 888 2195 Partij,
918 2150 1211 2198 Porcelein

668 2262 732 2309 2.
764 2261 986 2308 blaauwe
1016 2264 1239 2316 bastas.

660 2371 721 2420 1.
751 2370 1044 2416 spiegeltje
1073 2370 1162 2416 met
1190 2371 1279 2417 een
1306 2370 1630 2416 cam-borstel

654 2489 729 2539 1.
764 2487 874 2533 wit
909 2485 1235 2535 paveljoen

656 2599 721 2648 1.
750 2594 905 2642 roode
936 2593 1213 2640 Tanckinse
1244 2592 1490 2638 verlaete
1520 2593 1707 2640 caart-
1736 2596 1932 2648 koler„

619 2721 684 2769 „.
714 2718 779 2765 2.
810 2715 1033 2764 Engelsz
1063 2712 1286 2759 kelders
1317 2712 1414 2760 met
1445 2716 1667 2765 Engelsz
1696 2719 1952 2766 gebrande
1983 2718 2209 2767 vateren

639 2844 701 2890 1.
731 2842 793 2888 d.
823 2842 884 2887 o.
915 2842 1007 2889 met
1037 2844 1098 2890 4.
1128 2844 1282 2890 Tinne
1312 2845 1526 2893 flessen

648 2955 710 3001 1.
739 2951 894 2999 koker
924 2951 1016 2997 met
1047 2952 1324 2998 diversche
1353 2953 1696 3009 intrumenten

657 3072 720 3119 3.
751 3071 814 3117 p.
843 3068 876 3114 s
906 3065 1281 3112 konssebanden
1312 3066 1408 3115 met
1436 3072 1594 3120 Goude
1623 3077 1718 3125 end
1748 3082 1966 3130 silvere
1997 3085 2122 3131 lamt

557 3243 746 3293 1500.
780 3241 897 3288 lb.
934 3240 1161 3288 tarebe
1198 3242 1274 3287 in
1310 3240 1388 3287 ta
1423 3242 1652 3295 sacken

556 3386 716 3437 3000.
745 3379 873 3429 Rx.a
903 3375 999 3423 van
1030 3375 1218 3420 achten
1250 3373 1501 3420 bevonden
1532 3373 1816 3420 bestaande
1846 3376 1911 3423 in
1940 3379 2035 3426 15.
2065 3376 2290 3426 sarkens

761 3488 794 3533 a
828 3486 962 3533 200.
994 3485 1095 3531 Rx.
1129 3486 1162 3531 s
1195 3486 1331 3532 yder

592 3637 699 3688 Een
733 3640 1194 3688 Schepe-kennis
1229 3640 1583 3687 bedragende
1619 3639 1725 3685 ter
1760 3638 1937 3684 somma
1971 3635 2079 3683 van
2114 3629 2326 3678 twaalf
2361 3621 2609 3673 hondert

771 3751 868 3800 Rp.
898 3750 936 3799 a
962 3758 1059 3804 van
1091 3758 1155 3803 8.
1187 3758 1283 3803 ten
1314 3756 1476 3802 laste
1507 3757 1603 3802 van
1634 3756 1795 3802 Josua
1826 3754 2050 3802 Jacobsz
2082 3755 2274 3802 burger
2306 3753 2370 3799 op
2402 3751 2538 3798 Rame

609 3900 709 3950 Een
736 3904 805 3951 d.
838 3904 904 3950 o.
932 3903 1034 3950 ten
1065 3902 1230 3949 laste
1261 3899 1458 3946 vanden
1490 3898 1686 3946 Burger
1719 3901 1882 3946 Joost
1914 3899 2078 3945 Bovet
2110 3898 2437 3945 bedragende
2467 3895 2571 3943 ter

810 4008 986 4056 somma
1018 4008 1125 4055 van
1159 4008 1299 4055 800.
1334 4008 1405 4054 R.
1439 4010 1476 4056 s
1509 4012 1614 4057 van
1649 4002 1789 4057 8ten

623 4150 715 4197 Een
743 4145 868 4194 d.o.
898 4144 991 4189 ten
1021 4143 1175 4188 laste
1206 4141 1390 4188 vanden
1419 4140 1605 4190 Burger
1635 4142 1972 4190 Christoffel
2002 4141 2156 4187 huijs
2185 4139 2494 4186 bedragende
2524 4140 2617 4187 hen

822 4249 990 4297 somma
1023 4249 1126 4295 van
1158 4251 1292 4297 100.
1325 4251 1561 4298 gelycke
1595 4253 1662 4298 R.
1695 4253 1729 4300 a

573 4383 692 4429 Een
732 4383 811 4428 d.
851 4383 931 4429 o.
970 4385 1089 4432 ten
1128 4388 1327 4435 Laste
1366 4389 1605 4436 vanden
1643 4390 1882 4443 Burger
1922 4397 2199 4445 Gysbert
2239 4400 2359 4446 van
2397 4401 2597 4448 Benem

1995 4465 2087 4520 a

607 4512 882 4561 bedragen
915 4511 950 4556 r
982 4510 1086 4556 ten
1118 4510 1289 4557 somma
1323 4512 1425 4558 van
1459 4512 1596 4558 500.
1628 4515 1866 4564 gelycke
1900 4515 2003 4564 Rx.
2036 4512 2073 4558 a

2230 4605 2364 4655 een
2409 4605 2549 4653 d=o

2143 3086 2165 3131 -

0 4619 148 4670 ter
