3410 4985
461 397 705 444 augusti
739 398 810 445 ao
843 401 1052 450 1646/.

2435 454 2549 505 :In
2585 445 3072 498 Nangasachij/.

1069 675 1276 723 Rechten
1304 677 1452 724 haven
1481 679 1540 724 te
1569 679 1747 728 wijsen
1775 684 1893 730 ende
1922 683 1982 729 de
2011 684 2394 733 gelegentheijt
2423 688 2600 734 alhier
2628 685 2806 733 bekent
2834 683 2894 730 te
2923 682 3139 734 maacken

1057 788 1236 834 welcke
1266 788 1595 835 beleftheijt
1623 789 1684 835 om
1713 789 1833 836 geen
1863 790 2131 840 misnoegen
2161 794 2221 839 te
2250 795 2430 843 geven,
2459 798 2549 843 hoe
2577 797 2668 843 wel
2698 797 2818 844 niet
2845 793 3056 842 gemeent

1076 901 1249 949 hadden
1277 902 1535 951 derwaerts
1564 905 1621 951 te
1649 904 1851 952 senden,
1879 908 2137 957 aennamen,
2165 913 2223 959 op
2250 914 2337 959 dat
2365 915 2624 964 'tanderen
2651 920 2823 966 tijden
2851 920 2995 968 ijets
3023 920 3140 966 ver„

1056 1016 1320 1067 soeckende
1350 1019 1466 1065 niet
1495 1020 1786 1072 affgewesen
1815 1027 1991 1073 souden
2018 1029 2222 1078 werden,
2251 1034 2368 1080 doch
2396 1033 2600 1081 gelijck
2628 1036 2687 1082 op
2716 1037 2948 1083 gisteren
2976 1036 3152 1082 sonder

1056 1132 1146 1178 aen
1175 1132 1325 1182 boort
1354 1138 1415 1183 te
1443 1140 1622 1191 comen,
1652 1145 1802 1192 weder
1831 1146 2040 1192 gekeert

797 1282 925 1332 adij
956 1278 1114 1328 28:en
1143 1271 1333 1322 ditto,
1365 1271 1554 1320 hebben
1585 1276 1681 1322 den
1710 1278 2089 1332 ondercoopman
2118 1287 2215 1334 Jan
2245 1290 2309 1335 de
2339 1291 2497 1338 grood
2527 1292 2654 1338 voor
2685 1294 2748 1339 de
2779 1294 2937 1343 derde
2967 1298 3095 1349 maal

1059 1379 1397 1430 uijtgesonden
1423 1386 1507 1433 met
1535 1388 1675 1434 ordre
1701 1391 1980 1444 mogelijcke
2008 1398 2175 1447 sijnde
2202 1403 2398 1451 'tschip
2424 1405 2537 1451 sien
2564 1406 2649 1452 aen
2675 1407 2815 1455 boort
2843 1410 2898 1455 te
2926 1410 3095 1462 comen,

1055 1499 1202 1547 tegen
1230 1500 1317 1546 den
1346 1501 1550 1550 middach
1578 1506 1637 1552 de
1665 1507 1781 1553 wint
1809 1509 1926 1557 uijt
1953 1510 2157 1559 suijden
2185 1514 2303 1563 doch
2330 1519 2679 1571 slappecoelte
2707 1527 2852 1575 sagen
2880 1530 3084 1578 'tschip

1040 1608 1101 1654 de
1130 1610 1282 1657 hoeck
1311 1612 1462 1659 vande
1492 1614 1613 1661 baij
1643 1616 1704 1661 om
1733 1617 1914 1669 comen,
1943 1625 2246 1683 verstonden
2274 1639 2427 1689 corts
2455 1645 2577 1693 daer
2606 1650 2697 1698 aen
2726 1654 3122 1706 uijtgenoemden

1050 1717 1423 1770 ondercoopman
1454 1726 1516 1772 de
1547 1728 1702 1776 groot
1733 1732 1826 1780 dat
1856 1736 1952 1785 met
1978 1740 2229 1793 geseijde
2259 1748 2416 1800 schip
2445 1757 2662 1805 wesende
2693 1760 2943 1810 'tsluijt
2969 1765 3129 1815 schip

1045 1836 1147 1886 den
1176 1841 1311 1888 salm
1344 1844 1476 1890 uijt
1510 1845 1741 1892 Batovia
1774 1847 1908 1898 over
1940 1854 2206 1906 Taijouan
2238 1863 2536 1917 herwaerds
2569 1872 2735 1920 quaem
2766 1874 2967 1923 mijnen
2999 1878 3133 1926 ver„

1059 1953 1240 2002 losser
1268 1958 1358 2003 den
1387 1958 1448 2004 E:
1477 1959 1658 2007 willem
1687 1963 1986 2017 verstegen,
2015 1972 2136 2021 uijt
2165 1977 2495 2037 'tschrijven
2523 1994 2613 2042 van
2642 1998 2703 2044 de
2732 1999 2912 2048 heeken
2941 2004 3094 2052 raden

1051 2074 1137 2120 van
1165 2074 1308 2121 India
1335 2076 1392 2121 en
1421 2076 1507 2122 bij
1534 2078 1791 2130 gevoechde
1817 2087 2047 2140 papieren
2073 2096 2357 2151 verstonden
2385 2107 2697 2156 verscheijde
2725 2111 3096 2163 gelegentheden

1052 2186 1451 2240 insonderheijt
1480 2196 1727 2247 tijdinge
1756 2203 1849 2251 dat
1879 2207 1942 2254 de
1970 2211 2278 2265 portugesen
2307 2221 2522 2271 wederom
2552 2227 2858 2276 voornemens
2889 2231 3045 2280 waren

1051 2310 1342 2357 ambassade
1374 2311 1504 2360 uijt
1535 2316 1633 2363 goa
1664 2318 1761 2364 nae
1793 2319 1957 2369 Iapan
1986 2326 2052 2373 te
2083 2329 2245 2379 doen,
2277 2335 2343 2382 om
2373 2338 2472 2385 den
2502 2341 2696 2390 handel
2728 2345 2954 2394 wederom
2985 2348 3118 2394 voor

1047 2428 1169 2474 haer
1198 2428 1260 2474 te
1289 2426 1503 2476 openen,
1534 2431 1747 2480 'twelck
1776 2436 1991 2487 volgens
2020 2443 2173 2493 ordre
2202 2449 2295 2498 van
2324 2454 2537 2504 gemelte
2567 2459 2750 2510 heeken
2780 2465 2933 2513 raden
2962 2469 3069 2517 van

1041 2541 1193 2588 India
1222 2542 1284 2588 in
1312 2542 1558 2593 manieren
1585 2550 1678 2596 als
1706 2552 1769 2598 de
1798 2554 2012 2605 missive
2039 2562 2162 2613 dies
2191 2569 2464 2621 aengaande
2494 2577 2707 2628 diteckt
2736 2584 2829 2633 den
2857 2590 3164 2640 Gouvermhir

1052 2659 1171 2706 door
1200 2660 1259 2705 de
1289 2660 1495 2708 toecken
1524 2663 1702 2710 hebbet
1730 2666 1849 2715 doen
1877 2671 2231 2726 aencundigen,
2260 2681 2320 2728 't
2348 2684 2616 2736 Cargasoen
2642 2692 2879 2741 daermede
2908 2696 3120 2746 becomen

1052 2774 1250 2820 bestond
1277 2775 1362 2821 ten
1388 2777 1698 2831 principalen
1724 2787 1781 2833 in
1808 2789 2118 2840 verscheijde
2143 2796 2370 2849 lijwaten
2394 2806 2479 2854 van
2506 2809 2787 2862 Cormandel,
2814 2817 3178 2869 naritetijtesn

1052 2892 1169 2941 uijt
1197 2896 1373 2947 europa
1399 2904 1487 2952 tot
1515 2907 1804 2960 schenkagie
1833 2915 1891 2960 te
1919 2915 2267 2969 gebruijcken,
2294 2922 2528 2975 kennippe
2555 2931 2815 2985 lijwaden,
2844 2940 3075 2991 poeijik„

1057 3011 1296 3060 suijcker
1324 3017 1564 3069 weijnich
1589 3027 1916 3078 vartevellen
1945 3034 2065 3081 ende
2093 3037 2271 3087 andere
2300 3040 2715 3094 Cleijnicheeden
2744 3050 2863 3096 nijt
2892 3052 3159 3100 torijonan

1049 3125 1179 3172 eht,
1211 3125 1536 3177 bedragende
1566 3134 1794 3183 'tsamen
1824 3139 1890 3186 gl
1921 3141 2149 3192 120088:
2179 3148 2246 3195 9:
2276 3151 2341 3197 11
2373 3152 2438 3197 zo
2470 3152 2664 3203 wiekde
2695 3157 2794 3204 tot
2825 3160 2956 3207 dato
2986 3163 3052 3212 9:

1051 3241 1237 3292 stantj
1266 3240 1422 3289 inden
1449 3247 1634 3298 handel
1662 3254 1756 3302 van
1784 3258 1998 3306 chinese
2028 3261 2182 3310 waren
2211 3266 2395 3318 gansch
2424 3274 2547 3321 geen
2576 3276 2912 3328 Beterschap,
2942 3284 3064 3329 noch
3094 3276 3155 3328 te

1059 3357 1335 3407 opneetter
1365 3361 1580 3411 toevoer
1610 3367 1704 3416 als
1731 3373 1824 3422 bij
1854 3378 2161 3433 voorgaande
2188 3388 2436 3441 advijsen
2465 3397 2618 3443 gemen
2649 3398 2862 3444 twintkt
2893 3398 3022 3451 uijt

1064 3476 1229 3527 china
1261 3479 1362 3525 wal
1394 3481 1691 3535 derwaerts
1723 3491 1986 3537 vernomen

1045 3615 1216 3662 desen
1246 3620 1550 3674 dagecomen
1583 3630 1718 3677 hier
1751 3633 1886 3679 mede
1917 3633 2021 3680 ter
2053 3636 2222 3682 rhede
2255 3636 2323 3682 4:
2356 3635 2592 3685 chinese
2625 3639 2863 3692 Tomrjes
2893 3649 2995 3695 van

1054 3727 1173 3776 hock
1202 3731 1291 3778 ses
1319 3733 1408 3780 des
1437 3734 1586 3782 zelfs
1614 3738 1849 3788 ladinghe
1878 3743 2086 3793 bestond
2113 3750 2203 3797 ten
2231 3753 2556 3809 principalen
2584 3765 2644 3812 in
2671 3768 2790 3817 154:
2818 3771 2908 3817 p:s
2937 3769 3085 3818 witte

1039 3850 1186 3899 rouwe
1215 3848 1392 3895 sijde,
1420 3848 1539 3894 100:
1565 3848 1686 3895 p.:s
1713 3849 1922 3899 poeijer
1950 3855 2185 3908 suijker,
2213 3864 2304 3913 50:
2331 3869 2361 3914 t
2390 3869 2598 3921 pangies
2625 3878 2684 3924 43
2712 3878 2802 3927 p:s
2828 3876 3007 3924 Boglij

1052 3958 1141 4014 520
1167 3966 1403 4014 pelinghs
1431 3968 1548 4016 2900
1576 3971 1636 4017 ps
1664 3971 1899 4020 kennippe
1926 3976 2159 4028 lijwaten
2188 3983 2305 4031 200:
2334 3984 2451 4031 p„ls
2479 3984 2685 4031 alwijn,
2712 3985 2800 4032 60:
2829 3982 2916 4029 p:s
2945 3982 3121 4029 candij

1048 4074 1288 4124 suijcken
1317 4080 1407 4125 50:
1436 4079 1526 4126 p:s
1556 4079 1766 4136 kennip,
1794 4092 2006 4140 partije
2034 4096 2304 4146 medeijnen
2332 4102 2453 4148 ende
2482 4102 2692 4151 chinese
2720 4102 3021 4161 Cramerijen

2395 4343 2570 4391 adij
2613 4343 2700 4391 29
2744 4340 3064 4391 ditto/.

2282 3496 2308 3544 1

2049 3490 2253 3542 —
