3730 4876
2797 243 2978 293 711

612 245 926 308 decembr.
962 237 1082 288 ao.
1120 234 1278 284 1645

974 420 1080 468 uijt
1105 417 1317 465 tewinnen
1341 421 1395 466 de
1420 422 1579 474 tweede
1602 431 1708 481 kist
1734 436 1839 484 gelt
1865 439 1944 484 die
1969 440 2155 492 meerder
2178 449 2415 511 begeerden
2440 467 2494 513 op
2518 469 2781 521 leverantie
2806 477 2887 526 van
2910 482 3068 529 sijde—

965 537 1150 585 twelcke
1176 536 1544 585 alsoogeschiede
1569 541 1675 588 ende
1700 544 1753 591 de
1779 546 2068 599 schenckagie
2093 555 2199 604 door
2223 560 2462 624 denselven
2485 582 2540 629 by
2564 586 2722 635 sonder
2747 591 3038 643 danckbaers—

964 656 1310 707 g'accepteert
1337 662 1539 710 wierde,
1567 666 1797 716 seggende
1824 671 2084 725 claerlijk
2111 681 2370 740 bemercten
2397 696 2570 748 hemden
2597 704 2742 754 Cap:n
2769 710 3058 761 Broechorst

966 772 1219 823 beminden,
1245 779 1414 829 gelijk
1440 784 1554 832 sigh
1581 789 1832 839 denselven
1860 794 1974 841 oocq
2000 798 2168 847 moeste
2196 803 2476 860 versekeren
2503 816 2587 864 van
2615 820 2699 866 syn
2726 821 2867 872 kant,
2894 824 2979 872 dat

963 891 1197 947 voortaen
1225 902 1576 957 latenblijken
1603 914 1778 960 soude,
1807 915 1866 961 de
1894 917 1982 965 sij
2010 921 2128 967 twes
2156 923 2360 974 omtrent
2388 929 2447 974 de
2475 929 2651 981 Maij:t
2679 936 2976 991 teversoken

957 1022 1230 1072 hebbende,
1260 1028 1352 1075 hem
1381 1030 1502 1076 maer
1532 1031 1685 1083 aente
1714 1038 1926 1085 spreken
1957 1040 2138 1089 hadden
2168 1044 2321 1093 wilde
2350 1049 2441 1095 ons
2471 1050 2532 1096 in
2562 1051 2715 1097 alles
2744 1053 3047 1110 navermogen

938 1153 995 1202 te
1023 1156 1136 1202 rech
1163 1155 1220 1201 te
1249 1155 1446 1205 helpen.
1474 1160 1671 1211 latende
1698 1166 1896 1219 wijders
1923 1173 2009 1218 ons
2036 1174 2122 1220 met
2149 1175 2290 1222 eeten
2318 1177 2431 1224 ende
2458 1179 2687 1234 drincken
2711 1190 2770 1236 in
2796 1192 2909 1239 sijn

962 1283 1230 1330 binnenste
1260 1285 1410 1332 Camer
1439 1288 1559 1336 (dat
1587 1291 1649 1337 de
1677 1292 1916 1339 grootste
1946 1294 2065 1341 Cere
2095 1296 2155 1341 is
2184 1296 2544 1351 dieseijemand
2572 1307 2693 1355 hier
2721 1311 2930 1358 telande

967 1401 1145 1450 cunnen
1174 1405 1413 1455 aendoen)
1441 1411 1707 1460 onthalen:
1736 1415 2032 1463 mitsgaders
2062 1418 2328 1467 doorseker
2357 1423 2682 1472 boetsemaker
2712 1427 3037 1473 verscheijde

938 1518 1162 1570 cluchten
1189 1526 1470 1574 aenrechten
1496 1530 1580 1578 van
1607 1533 1887 1584 buijtelen,
1913 1538 2165 1586 springen,
2192 1541 2304 1588 ende
2331 1544 2611 1592 diergelijk
2638 1548 2833 1596 sooraer
2861 1550 2944 1596 als
2972 1550 3028 1595 te

951 1647 1068 1693 sien
1094 1650 1237 1697 wesen
1266 1652 1409 1700 magh,
1438 1654 1524 1700 tot
1552 1654 1639 1701 des
1667 1656 1840 1702 avonts
1866 1656 1954 1702 dat
1982 1658 2069 1703 den
2097 1659 2297 1706 doncker
2326 1660 2526 1706 begonde
2555 1660 2613 1706 te
2641 1661 2842 1710 vallen,
2870 1661 2956 1707 als

934 1764 1194 1816 wanneer
1232 1771 1530 1821 terlogie
1566 1769 1865 1823 keerden.

1253 1918 1749 2000 Jannuarij
1799 1912 1969 1963 a„o
2019 1894 2350 1952 1646—.

1093 1982 1227 2043 E

528 2165 634 2216 dij
667 2163 804 2209 p„mo
837 2164 940 2212 d:o
972 2161 1042 2208 's
1075 2157 1313 2205 morgens
1346 2156 1552 2202 vroegh
1585 2156 1823 2203 comende
1857 2155 2061 2204 vadres
2094 2154 2367 2200 supriore
2401 2154 2538 2201 ende
2570 2149 2809 2197 anuffre
2843 2145 2979 2193 ofte
3012 2144 3047 2189 —

953 2266 1194 2315 almaigne
1223 2267 1344 2316 inde
1373 2270 1523 2318 logie
1552 2271 1643 2316 ons
1672 2270 1853 2316 nieuwe
1882 2270 2003 2317 Jaer
2031 2272 2302 2323 wenschen,
2327 2275 2452 2323 Jtem
2480 2274 2572 2320 den
2601 2272 2841 2318 Japander
2871 2272 3021 2319 Rise„

950 2390 1232 2437 mondonne,
1264 2390 1358 2436 die
1389 2390 1515 2435 alle
1546 2390 1766 2436 tesamen
1797 2391 1892 2437 soo
1922 2392 2048 2437 veel
2079 2392 2393 2440 vermochten
2424 2395 2769 2445 tracteerden
2800 2399 2895 2445 tot
2925 2391 3021 2444 des

950 2509 1202 2560 middaghs
1234 2514 1360 2560 toe,
1390 2513 1485 2558 als
1517 2513 1738 2560 wanneer
1768 2515 1832 2562 't
1863 2517 2020 2564 thiap
2051 2517 2146 2563 tot
2176 2515 2334 2562 vrije
2366 2515 2586 2561 negotie
2617 2516 2775 2562 doors
2806 2507 3027 2561 Maij=ts

949 2634 1008 2681 op
1037 2634 1211 2682 perste
1238 2638 1527 2684 schrijvers
1556 2638 1729 2683 wierde
1758 2637 1989 2683 terlogie
2017 2638 2250 2686 gebracht
2277 2642 2451 2690 sonder
2479 2645 2652 2690 datter
2680 2643 2797 2689 eens
2825 2640 3028 2688 naerge„

919 2766 1166 2814 „vraecht
1195 2769 1412 2818 hadden,
1440 2769 1719 2818 deshalven
1749 2768 1842 2814 hun
1872 2768 1996 2814 nade
2026 2766 2242 2812 Jaerlre
2272 2764 2518 2810 gewoonte
2545 2762 2641 2809 met
2671 2763 3041 2814 behoorlijcke

947 2896 1665 2946 vereeringebegifftighden,
1694 2898 1784 2945 nae
1814 2898 1963 2943 allen
1993 2897 2053 2943 't
2083 2896 2262 2942 welcke
2291 2894 2382 2940 ons
2411 2892 2829 2939 besighhielden,
2857 2890 2948 2938 met
2978 2888 3038 2935 de

954 3027 1294 3076 vereeringe
1327 3024 1396 3072 te
1428 3022 1767 3073 prepareren
1800 3026 1935 3072 voor
1967 3024 2071 3072 den
2104 3021 2307 3069 Jongen
2340 3018 2544 3066 Prince
2577 3010 3029 3063 duckonghthoo—

937 3155 1053 3202 daer
1082 3156 1140 3202 op
1168 3157 1427 3204 desselffs
1454 3154 1772 3202 ontbiedingh
1801 3155 1973 3200 Jegens
2001 3153 2232 3200 denawond
2261 3149 2578 3198 heengingen,
2606 3147 2721 3193 ende
2750 3147 2865 3194 naer
2893 3149 3041 3204 over„

896 3279 1224 3331 „leveringe
1255 3287 1354 3333 der
1385 3289 1777 3335 schenckagie,
1809 3288 1940 3334 ende
1971 3286 2168 3333 gedane
2200 3283 2624 3331 costuymelijke
2657 3281 3016 3330 Reverentie—

934 3410 1056 3460 voor
1086 3416 1176 3461 het
1206 3416 1598 3462 vercregenland
1628 3416 1930 3463 hooghelijk
1960 3415 2262 3462 bedancten,
2291 3414 2352 3461 en
2381 3413 2503 3459 meer
2533 3414 2865 3462 dienstelijk
2894 3417 3052 3469 wesen

928 3541 1129 3591 mochte,
1156 3547 1415 3598 denselven
1442 3554 1786 3600 contentement
1814 3555 1871 3600 te
1899 3553 2071 3600 geven,
2100 3553 2216 3602 daer
2241 3557 2358 3605 heer
2385 3560 2643 3608 minnelijk
2671 3562 2729 3608 op
2757 3562 3048 3613 repliceren

922 3670 988 3716 de
1018 3672 1115 3718 de.
1146 3674 1244 3721 dat
1275 3677 1340 3723 op
1372 3679 1436 3725 de
1468 3680 1791 3729 vereeninge
1821 3684 2112 3733 (hoewelse
2142 3688 2239 3734 hem
2271 3689 2529 3738 nochtans
2560 3694 2851 3744 aengenaem
2881 3700 3012 3750 was)

916 3800 1018 3848 het
1051 3800 1185 3847 ooge
1218 3802 1352 3851 niet
1384 3806 1585 3857 vallen
1618 3813 1786 3861 liet:
1818 3817 1953 3867 maer
1984 3824 2051 3869 op
2084 3824 2185 3870 den
2218 3825 2418 3871 Capt:n
2451 3826 2851 3880 Broeckhorst,
2885 3833 3019 3881 over

2719 3950 2948 4002 wdiens

0 388 220 456 saeken

0 512 57 558 ing

0 614 36 659 me

133 626 257 683 drie

0 1501 250 1549 onga

0 1620 41 1665 beg

185 1631 256 1677 ten

179 1747 251 1793 ons

196 1881 260 1927 kn

105 2361 248 2411 potten

10 2362 41 2407 4p

0 2490 40 2535 e

126 2488 251 2536 weer

157 2609 255 2656 aer

194 2858 252 2905 ts

157 2985 237 3032 in

182 3236 208 3282 ten
