3553 4917
2763 336 2934 389 658

826 595 967 642 daer
999 596 1141 642 mede
1176 596 1315 642 niet
1350 597 1665 646 teenemael
1698 591 2154 644 gedesisteert,
2189 592 2329 638 maer
2363 592 2609 639 naerder
2643 594 2857 651 onder¬

835 683 1019 732 soeck
1054 684 1274 733 gedaen
1309 690 1420 736 sal
1455 693 1710 742 werden,
1746 695 1819 741 't
1855 695 1928 740 is
1964 695 2110 741 mede
2146 695 2255 743 een
2291 693 2874 744 voortreffelijcke

838 783 1081 830 saecke,
1115 785 1359 833 formosa
1392 789 1463 836 in
1496 792 1670 842 d'een
1704 797 1775 845 en
1807 801 2051 848 d'ander
2086 801 2537 849 gelegentheijt
2570 799 2885 851 soodanich

838 887 1143 936 toeneemt,
1176 892 1617 944 insonderheijt
1649 897 1752 944 ten
1786 897 2023 943 aensien
2056 898 2124 945 't
2158 900 2429 947 aentelen
2462 902 2565 948 van
2598 902 2940 960 suijckeren

831 992 940 1041 end
975 993 1011 1039 v
1046 994 1082 1040 E
1115 995 1435 1045 opineert,
1469 1000 1540 1046 op
1575 1000 1611 1046 s
1646 1001 1858 1048 Comp=s
1892 1002 2141 1048 gronden
2175 1002 2317 1048 meer
2352 1002 2741 1049 quantiteijt
2775 1003 2883 1051 als

829 1089 1043 1140 persia
1076 1091 1218 1139 ende
1251 1095 1567 1145 Nederlant
1601 1100 1811 1149 sullen
1846 1104 2056 1150 connen
2090 1102 2441 1150 vrswelgen,
2475 1101 2616 1147 waer
2651 1101 2756 1146 van
2791 1100 2862 1147 in

837 1189 1086 1237 sulcken
1121 1191 1405 1249 gevallen
1439 1205 1616 1256 Japan
1651 1207 2039 1256 insgelijcks
2075 1205 2287 1252 souden
2322 1206 2535 1253 connen
2566 1207 2887 1256 gerijven,

841 1278 943 1329 der
977 1284 1247 1339 Chinesen
1279 1296 1618 1354 suijckeren
1650 1310 1852 1357 metter
1886 1312 2021 1359 tijt
2053 1312 2393 1360 ontseggen,
2420 1314 2559 1361 ende
2592 1312 2694 1359 die
2728 1307 2830 1357 nae

847 1388 1034 1437 Japan
1070 1394 1145 1441 te
1181 1397 1442 1453 voeren,
1478 1409 1701 1455 vemits
1738 1410 1812 1455 de
1849 1406 2072 1455 sobere
2110 1406 2370 1452 winsten
2406 1407 2704 1454 apparent
2740 1403 2817 1451 de

840 1494 979 1542 lust
1012 1495 1149 1543 doen
1183 1499 1457 1551 benemen,
1489 1507 1627 1555 waer
1659 1505 1796 1555 uijt
1830 1502 2274 1550 nootsaeckeli.
2308 1505 2513 1551 volgen
2546 1507 2717 1553 moet,
2750 1506 2859 1553 bij

848 1596 923 1644 de
960 1597 1185 1644 Comp=e
1221 1599 1446 1646 almede
1482 1602 1632 1649 daer
1668 1604 1743 1649 op
1781 1604 1930 1651 geen
1966 1605 2116 1651 over
2153 1604 2377 1650 groote
2414 1605 2712 1656 winsten,
2749 1610 2825 1657 te

848 1694 1144 1742 behaelen
1179 1698 1402 1749 sullen
1439 1704 1623 1751 zijn,
1660 1705 1845 1750 sulcx
1882 1704 2288 1753 onaengesien
2325 1703 2510 1749 staet
2546 1704 2768 1754 echter

853 1802 1098 1852 formosa
1132 1803 1271 1852 ende
1306 1807 1583 1854 Taijouan
1617 1807 1687 1854 in
1722 1807 1965 1854 neringe
1999 1808 2138 1854 ende
2172 1806 2450 1853 welvaert
2485 1806 2624 1852 daer
2658 1808 2798 1856 door
2830 1810 2901 1857 te

794 1906 1205 1972 verbeteren,
1240 1909 1718 1963 ongetwijffelt
1754 1915 1864 1962 bij
1901 1915 1974 1962 v.
2010 1915 2085 1962 E.
2121 1915 2306 1961 lange
2341 1918 2635 1965 voorsien

780 2098 863 2150 Om
903 2094 1189 2145 redenen
1229 2093 1311 2138 in
1352 2092 1434 2138 VE
1474 2090 1761 2136 missive
1800 2090 2250 2136 aengeroert,
2291 2090 2496 2136 vneme
2536 2092 2658 2138 200
2699 2093 2945 2144 lasten

833 2193 976 2239 rijs
1012 2194 1335 2240 gevordert
1369 2195 1583 2243 werden
1618 2196 1798 2243 sulcx
1833 2190 2119 2240 getracht
2154 2190 2333 2237 hebbe
2368 2188 2442 2235 t'
2476 2185 2872 2236 effectueren

845 2302 979 2349 ende
1011 2303 1143 2348 voor
1175 2303 1242 2349 de
1275 2303 1473 2349 Comste
1505 2303 1605 2349 der
1637 2302 1902 2348 schepen,
1934 2301 2033 2349 off
2066 2299 2297 2346 eenigen
2329 2296 2462 2343 rijs
2494 2294 2593 2340 int
2625 2292 2956 2342 aenstaende

838 2401 1052 2448 meende
1087 2403 1158 2448 te
1194 2403 1408 2451 copen,
1443 2407 1622 2454 vande
1655 2408 1906 2454 tolcken
1940 2406 2475 2454 aengesproocken,
2508 2403 2618 2451 als
2653 2400 2904 2447 wesende

847 2498 1110 2546 doorden
1147 2501 1524 2552 Secretaris
1559 2508 1785 2556 vanden
1822 2510 2198 2557 Gouverneur
2235 2506 2723 2555 Gompatsdonne,
2760 2504 2873 2551 die

832 2596 962 2646 rijs
993 2601 1252 2651 overrich
1283 2606 1478 2656 hadde,
1509 2612 1639 2660 daer
1670 2616 1767 2663 toe
1798 2613 2089 2663 versocht,
2120 2609 2218 2656 die
2250 2608 2540 2654 ingevalle
2572 2609 2636 2654 de
2669 2607 2894 2654 schepen

807 2701 1211 2759 vschijnende,
1243 2708 1410 2758 ijets
1442 2714 1542 2760 van
1575 2714 1742 2761 noden
1774 2712 2074 2760 hebbende,
2107 2713 2473 2760 toesegginge
2505 2710 2672 2758 hebbe
2704 2708 2944 2763 gedaen,

838 2812 1058 2861 twelck
1094 2811 1205 2857 dan
1241 2812 1351 2858 int
1387 2813 1570 2859 werck
1607 2812 1972 2858 stellende,
2008 2813 2192 2860 heeft
2227 2814 2375 2860 niet
2411 2814 2594 2860 mogen
2630 2813 2887 2864 volgen,

845 2907 977 2953 maer
1009 2908 1273 2960 eenelijk
1304 2916 1632 2966 toegestaen
1665 2920 1763 2966 een
1795 2918 2091 2965 gedeelte,
2124 2919 2288 2965 alsoo
2319 2917 2452 2964 rijs
2485 2917 2551 2962 te
2583 2918 2883 2970 vervoeren

850 3009 954 3056 als
989 3010 1403 3064 Coopmanschap
1436 3020 1815 3070 ongeoorloft
1849 3023 1953 3069 is,
1987 3019 2401 3068 dienvolgende
2434 3018 2710 3066 nochtans
2745 3018 2919 3065 onder

852 3118 1056 3167 schijn
1090 3119 1192 3168 van
1224 3123 1496 3171 provisie
1529 3124 1732 3172 voorde
1766 3127 2037 3173 schepen,
2069 3125 2138 3172 in
2172 3124 2409 3170 plaetse
2442 3125 2545 3171 van
2577 3126 2612 3172 6
2645 3126 2679 3171 a
2713 3123 2883 3171 7000:

858 3235 1065 3281 baelen
1099 3235 1168 3281 16
1201 3234 1237 3279 a
1271 3234 1409 3282 1700
1442 3235 1891 3281 gelicentieert
1923 3230 2097 3280 zijn,
2131 3227 2269 3274 ende
2304 3225 2717 3272 genootsaeckt
2751 3226 2924 3274 vande

856 3341 1255 3391 Gouverneur
1289 3345 1731 3392 t'ontfangen
1770 3342 1851 3389 om
1890 3340 2249 3387 misnoegen
2288 3339 2368 3385 en
2405 3326 2686 3383 afgunst
2723 3319 2806 3371 te

858 3449 1190 3501 schouwen,
1225 3451 1446 3499 sonder
1481 3454 1592 3500 des
1625 3451 1957 3500 vertrouwe
1994 3449 2103 3496 van
2138 3445 2616 3494 particulieren
2652 3447 2912 3498 beteren

854 3552 1000 3599 rijs
1035 3555 1291 3606 becomen
1327 3561 1545 3608 souden
1580 3562 1836 3608 hebben,
1871 3561 1981 3607 die
2017 3561 2127 3607 hoe
2163 3559 2272 3605 wel
2309 3559 2345 3604 v
2380 3558 2418 3604 E
2454 3557 2931 3609 recommandeert

859 3661 937 3708 te
974 3662 1127 3709 doen
1165 3664 1432 3711 stampen
1469 3665 1851 3713 ongeraeden
1888 3668 2118 3715 geacht
2155 3669 2422 3716 hebben,
2460 3668 2575 3713 ten
2612 3667 2883 3718 aensien

866 3763 930 3810 't
962 3765 1124 3810 selve
1155 3766 1284 3813 niet
1315 3769 1413 3817 dan
1442 3772 1574 3820 door
1604 3777 1702 3823 den
1732 3777 1958 3825 ottena,
1990 3773 2118 3821 ofte
2150 3767 2439 3817 opsiender
2471 3767 2568 3813 van
2600 3768 2664 3813 't
2696 3768 2928 3818 eijlant

873 3871 1092 3918 connen
1127 3874 1489 3921 bestellen,
1525 3876 1670 3922 ende
1706 3877 2032 3927 bevinden,
2067 3881 2212 3928 seer
2247 3878 2574 3926 gesnooten
2610 3877 2867 3931 werden,

853 3971 1182 4026 weshalven
1218 3981 1364 4029 goet
1400 3983 1655 4030 gedacht
1691 3983 1764 4029 de
1800 3984 1946 4029 rijs
1982 3982 2310 4029 soodanich
2345 3978 2492 4025 die,
2528 3976 2856 4026 ontfangen

2396 4103 2469 4149 te
2504 4103 2830 4153 versenden
