3567 4801
2702 533 2881 592 921

731 536 1050 591 January
1094 530 1278 580 1646

926 745 1108 797 sinsier
1133 743 1417 790 vertrecken,
1441 742 1494 788 en
1519 734 1828 786 ondergeloove
1853 733 1956 779 ghij
1981 733 2008 779 u
2033 730 2240 777 getrouwe
2265 730 2419 776 tegens
2445 729 2522 776 mij
2546 724 2728 773 draegen
2753 721 2856 768 sult
2881 717 2988 766 geve

941 865 969 910 u
993 858 1054 910 nu
1078 843 1336 900 oudegiere
1363 840 1505 889 midts
1533 840 1618 886 mij
1645 839 1787 886 eerst
1813 833 2210 884 trouwesweeren,
2238 832 2352 877 ende
2379 828 2606 876 hiermede
2632 825 2775 872 kundt
2803 822 2916 870 ghij

933 966 1044 1019 sien
1068 958 1151 1009 Ick
1175 956 1204 1002 u
1230 951 1392 1000 soecke
1417 941 1741 995 teverhefsen,
1766 935 1875 985 nits
1900 931 2036 979 desen
2062 926 2331 975 Wierde(den
2356 924 2439 971 eet
2466 920 2654 969 genomen
2679 909 2869 964 sijnde)

934 1068 1144 1123 Chinanna
1167 1063 1248 1111 met
1271 1054 1560 1107 tasscrijven
1586 1047 1769 1098 gedeckt
1794 1035 2160 1091 Connerechittij
2185 1032 2290 1079 naer
2315 1026 2499 1076 suntier
2524 1023 2577 1070 en
2601 1016 2811 1067 Chinanna

936 1180 1047 1229 naer
1072 1173 1213 1224 ouden
1239 1168 1352 1218 iere
1377 1153 1713 1211 gedepecheert

770 1354 883 1410 Met
906 1314 1260 1390 diveersche
1293 1305 1503 1359 posten
1535 1298 1711 1347 werdt
1745 1295 1850 1343 van
1884 1285 2232 1340 Denegondij
2266 1279 2406 1329 ende
2439 1269 2649 1322 andere
2681 1255 2962 1313 plaetsen

935 1417 1224 1480 g'adviseert
1247 1412 1327 1460 het
1351 1402 1614 1457 overlijden
1638 1395 1796 1446 vanden
1821 1390 2004 1439 Coninck
2029 1389 2108 1434 van
2134 1381 2369 1433 visiapour
2395 1377 2499 1425 dies
2523 1373 2577 1420 d'
2602 1366 2760 1416 haeden

934 1518 1258 1581 Mustafschan
1285 1508 1464 1562 hebben
1492 1493 1875 1552 aengeschreven
1902 1488 2080 1537 moeste
2107 1484 2256 1532 comen
2285 1482 2403 1528 omme
2432 1480 2521 1526 een
2549 1472 2756 1523 anderen
2783 1468 2994 1517 Coninck

936 1641 991 1690 te
1013 1629 1194 1684 erwelen
1219 1623 1398 1673 gelijck
1422 1619 1500 1667 dan
1524 1603 1832 1663 secretelijck
1855 1594 2188 1647 sseerbedrouft
2211 1592 2265 1639 om
2290 1590 2367 1637 dat
2392 1587 2470 1635 sin
2493 1576 2725 1631 Voornemen
2748 1572 2826 1619 Van
2849 1562 2955 1615 Vele

923 1745 1114 1804 schadts
1137 1739 1194 1788 te
1219 1723 1518 1783 vergaederen
1542 1717 1653 1768 ende
1678 1706 1924 1761 Carnatica
1949 1703 2004 1750 te
2031 1694 2384 1748 Conquesteren)
2407 1686 2545 1737 sijne
2570 1681 2707 1730 bagie
2733 1674 2844 1726 voor

922 1863 1037 1916 wech
1062 1846 1293 1906 gesonden
1319 1841 1492 1889 hadde,
1518 1833 1634 1884 mede
1661 1823 1805 1876 hadde
1833 1817 2033 1866 gemelte
2060 1811 2232 1861 raden,
2259 1806 2346 1855 hem
2373 1801 2546 1850 gelast
2572 1792 2716 1844 Inden
2742 1784 2859 1836 Wegh

937 1976 996 2024 't
1020 1965 1166 2018 landt
1192 1960 1279 2009 van
1305 1952 1450 2004 Ykere
1478 1943 1735 1997 (gemerckt
1761 1933 1962 1987 'tselve
1989 1929 2076 1976 met
2101 1920 2275 1972 d'lane
2302 1908 2531 1963 tsheeren
2557 1899 2787 1952 oneenich
2812 1894 2901 1943 was
2926 1884 2986 1937 te

923 2079 1349 2147 bemachtigen.

932 2242 1052 2290 des
1087 2225 1366 2282 Conincx
1405 2207 1958 2268 vaderadviseert
1996 2203 2076 2250 d'
2114 2190 2431 2249 reijcken
2466 2179 2709 2233 hoedat
2745 2174 2905 2228 Chan

929 2354 1043 2404 Chan
1066 2342 1183 2396 naer
1207 2327 1463 2385 visiapour
1489 2315 1771 2370 vertrocken
1798 2309 1967 2358 sijnde
1992 2303 2163 2354 eenich
2189 2296 2332 2348 volcq
2357 2277 2696 2339 daergelaten,
2722 2273 2808 2320 ome
2834 2269 2920 2317 van

918 2452 1000 2501 hem
1024 2442 1212 2496 wederts
1235 2429 1476 2485 voorderen
1501 2425 1556 2473 't
1579 2418 1688 2468 gene
1712 2412 1793 2461 hem
1818 2404 2005 2456 tevoren
2029 2390 2323 2448 geschoncken
2347 2381 2508 2434 hadde,
2532 2374 2614 2424 dat
2639 2369 2746 2418 niet
2770 2362 2852 2412 van
2877 2353 3010 2404 sints

918 2549 1065 2606 alsoo
1091 2543 1178 2591 hem
1204 2538 1291 2587 een
1317 2521 1716 2581 onweerdelijcke
1742 2508 2056 2566 Costelijcke
2082 2502 2198 2553 perl
2224 2498 2283 2546 in
2309 2469 2793 2541 Contrageschoncken
2817 2453 2963 2511 hadde

920 2717 993 2770 d'
1024 2701 1231 2759 groote
1263 2683 1539 2744 geleerde
1571 2677 1641 2727 s'
1674 2672 1812 2721 Hove
1844 2663 2051 2715 seggen
2083 2641 2496 2706 eenpaerlijck
2528 2629 2700 2684 desen
2733 2617 2974 2671 Conincx

944 2797 1204 2854 regieringh
1227 2789 1359 2840 regel
1384 2782 1514 2833 recht
1539 2775 1696 2826 stridt
1720 2767 1877 2819 tegens
1902 2754 2265 2812 d'hjenriefsche
2289 2745 2446 2798 wetten
2470 2738 2576 2789 ende
2599 2730 2705 2782 oude
2728 2714 2967 2774 Coustumen

885 2916 975 2969 van
1002 2899 1262 2957 Carnatica
1289 2893 1377 2942 als
1404 2890 1463 2937 d'
1490 2885 1579 2934 wet
1605 2876 1809 2928 brenglf
1837 2869 1982 2920 mede,
2009 2868 2097 2915 dat
2124 2865 2183 2912 d'
2211 2857 2414 2910 Coninck
2440 2846 2586 2900 eerst
2614 2843 2672 2889 d'
2698 2827 2904 2886 pagoden

921 3016 1188 3076 daernaerd'
1212 3004 1425 3060 Bramines
1449 2997 1557 3047 moet
1581 2989 1741 3040 eeren,
1765 2986 1873 3033 ende
1897 2983 1952 3030 in
1976 2974 2163 3027 respect
2188 2966 2373 3018 houden,
2397 2958 2505 3010 Item
2529 2944 2716 3002 d'selve
2739 2929 3034 2987 onderhouden

923 3138 1007 3193 sae
1031 3134 1085 3181 al
1108 3123 1267 3177 waeren
1291 3120 1345 3167 sy
1370 3109 1607 3164 schuldich
1632 3102 1789 3153 eehter
1815 3097 1946 3147 Veele
1970 3086 2207 3141 vrijheyjt
2231 3078 2390 3130 geven,
2414 3065 2625 3121 daernaer
2649 3059 2729 3108 met
2753 3050 2860 3102 alle

911 3242 1126 3295 Menschen
1150 3234 1312 3285 naerd'
1337 3227 1472 3278 heden
1497 3220 1605 3271 ende
1630 3206 1952 3264 billickheijt
1976 3197 2218 3250 handelen,
2242 3193 2298 3240 nu
2324 3190 2378 3237 In
2402 3183 2565 3233 plaets
2589 3177 2724 3226 Vande
2749 3165 2938 3220 pagoden

910 3369 966 3417 te
987 3357 1123 3411 eeren
1146 3349 1254 3401 ende
1279 3341 1438 3392 dienen
1463 3334 1570 3385 oocq
1594 3331 1649 3378 te
1672 3318 1965 3374 beschencken
1989 3312 2123 3362 heeft
2147 3307 2228 3356 hij
2252 3302 2386 3351 veele
2410 3287 2702 3345 Costelijcke
2727 3281 2943 3331 Juweelen

902 3483 985 3532 van
1009 3463 1309 3525 voorgaenden
1334 3452 1553 3507 Coningen
1579 3447 1688 3495 ende
1712 3439 1877 3491 andere
1904 3432 2121 3483 menschen
2147 3428 2257 3476 over
2281 3415 2527 3471 honderden
2552 3407 2690 3459 haren
2715 3404 2771 3452 in
2796 3390 2988 3448 pagoden

912 3602 1002 3653 met
1029 3591 1177 3645 grote
1203 3575 1526 3635 eerbiedinge
1550 3561 1786 3617 gebraght
1813 3553 1961 3605 alles
1989 3551 2106 3597 naer
2131 3546 2222 3596 hem
2250 3536 2455 3590 genomen
2481 3532 2542 3580 sa
2568 3521 2746 3576 verder
2772 3512 2862 3563 van

919 3714 977 3763 't
1002 3703 1196 3757 Incomen
1222 3699 1306 3747 der
1331 3689 1525 3744 pagoden
1550 3683 1635 3732 een
1660 3675 1826 3727 portie
1854 3673 1909 3720 in
1935 3665 2101 3716 plaets
2127 3662 2211 3709 van
2236 3654 2402 3705 daerby
2428 3651 2484 3698 te
2512 3644 2622 3696 doen
2648 3631 2846 3687 gekocht

2890 3624 2920 3670 -

848 3865 1047 3919 vande
1083 3846 1405 3909 Bramines
1443 3831 1843 3889 haerlanden
1882 3827 2042 3875 ende
2079 3811 2441 3871 Incomsten
2479 3802 2639 3854 haer
2675 3792 2799 3846 Van

862 3967 1241 4031 Particuliere
1270 3960 1367 4011 Als
1395 3955 1523 4002 oude
1553 3946 1806 3998 Coningen
1836 3940 2057 3991 gegeven
2086 3932 2246 3984 heeft
2276 3930 2340 3977 d'
2371 3918 2591 3973 sommige
2620 3912 2716 3962 het
2747 3902 2936 3956 geheel

902 4084 1060 4140 eenige
1082 4078 1136 4127 d'
1160 4071 1289 4122 helft
1314 4066 1417 4115 ende
1441 4059 1596 4110 andere
1670 4051 1928 4101 afgenomen,
1952 4047 2005 4095 Ia
2029 4043 2132 4091 sijn
2155 4035 2311 4086 eijgen
2335 4024 2566 4079 leervader
2591 4021 2669 4068 die
2692 4016 2771 4064 hem
2794 4010 2899 4060 alle

902 4179 1165 4239 wasterien
1192 4172 1309 4222 sers
1336 4160 1655 4216 Ientuefsche
1684 4158 1771 4205 Wet
1798 4149 2146 4202 Ingescherpt,
2172 4141 2291 4194 ende
2318 4128 2608 4184 dienvolgen
2634 4119 2873 4171 gehouden

905 4285 1118 4339 beyligh
1148 4281 1209 4329 t'
1238 4271 1482 4325 erkennen
1511 4267 1633 4316 ende
1661 4259 1906 4312 begiften
1934 4254 2058 4303 was,
2086 4246 2239 4298 heeft
2268 4241 2360 4289 den
2390 4235 2573 4285 selven
2601 4224 2846 4279 dickwils

902 4389 988 4435 van
1015 4386 1102 4434 een
1129 4378 1359 4430 gedeelte
1386 4374 1473 4422 van
1500 4372 1558 4418 't
1585 4366 1729 4416 sijne
1757 4359 1986 4411 benomen,

0 747 32 794 des

121 750 202 795 selfs

108 948 209 995 sterene

87 1057 238 1104 lichten

0 1053 56 1101 tel

0 1250 42 1297 des

216 2175 231 2220 gier
