3587 4883
1593 1033 1814 1085 gewerct
1844 1041 2035 1092 cunnen
2064 1049 2254 1102 werden
2285 1058 2380 1106 dat
2410 1063 2570 1113 alles
2599 1070 2727 1121 daer
2756 1078 2822 1126 en
2850 1084 3010 1138 boven
3038 1095 3261 1153 naerder
3290 1110 3389 1166 aen

1578 1162 1764 1212 uEd:le
1793 1169 1947 1216 wijse
1977 1172 2192 1226 beleijt
2223 1181 2592 1240 gediffereert
2621 1196 2806 1246 blijft
2836 1201 2931 1250 die
2959 1207 3207 1263 daerinne
3235 1219 3359 1267 naer

1575 1277 1805 1328 gelieven
1832 1284 1947 1332 hebt
1974 1288 2033 1336 te
2059 1293 2345 1349 disponeren
2372 1305 2430 1352 p.
2458 1308 2486 1353 r
2515 1308 2716 1360 advijs:

1414 1425 1528 1475 Ten
1565 1422 1829 1469 aensien
1866 1422 2018 1471 voor
2054 1428 2133 1475 de
2167 1433 2393 1484 Comp:e
2431 1439 2658 1491 alhier
2694 1447 3033 1505 Jaerlijcx
3070 1461 3377 1516 commende

1547 1545 1669 1594 ende
1699 1547 2062 1596 verblijvende
2091 1550 2334 1599 dienaren
2363 1554 2667 1606 nootsakel:
2695 1562 2938 1613 wooninge
2966 1569 3119 1617 moste
3148 1571 3391 1620 gebouwdt

1569 1665 1754 1714 werden
1783 1671 1845 1717 om
1874 1673 1996 1720 inte
2026 1675 2270 1725 logieren
2299 1680 2482 1731 gelijk
2512 1685 2573 1731 uE
2603 1685 2664 1730 d:
2695 1685 2816 1731 anno
2845 1686 3060 1737 passado
3090 1692 3336 1740 tendeele

1569 1793 1751 1841 hebben
1781 1796 1995 1846 aenges:
2023 1800 2116 1847 soo
2145 1802 2207 1849 is
2237 1804 2328 1850 een
2358 1804 2511 1852 huijs
2540 1807 2662 1857 daer
2691 1812 2814 1858 alle
2843 1813 3026 1861 Comp:s
3056 1816 3361 1867 residenten

1563 1932 1653 1978 bij
1683 1932 1773 1978 den
1802 1934 2011 1985 anderen
2040 1941 2278 1988 inwoonen
2307 1944 2516 1990 gemaect
2545 1946 2843 1999 tenaensien
2872 1954 2992 2001 daer
3020 1955 3231 2003 bequame
3259 1959 3379 2008 erff

1560 2068 1654 2116 toe
1684 2067 1777 2113 was
1808 2068 2054 2115 welckers
2085 2070 2332 2119 bovenste
2362 2075 2732 2126 verdiepinghe
2763 2081 2887 2126 seer
2917 2081 3103 2128 subijt
3133 2083 3196 2129 is
3226 2083 3328 2130 aff

1554 2194 1818 2241 gebrandt
1849 2197 2177 2249 ontstaende
2209 2205 2340 2253 uijt
2373 2208 2570 2256 eenige
2602 2211 3094 2263 bamboesehuijsen
3125 2218 3257 2264 daer
3290 2215 3356 2264 te

1545 2326 1657 2372 wint
1684 2325 1823 2370 warts
1851 2325 1935 2371 aff
1962 2325 2159 2374 staend,
2185 2330 2269 2376 wij
2296 2331 2464 2379 sullen
2491 2335 2687 2382 'tselve
2714 2337 2798 2384 soo
2825 2339 2938 2385 veel
2965 2340 3189 2391 mogelijk
3214 2346 3417 2398 wederom

1538 2447 1667 2495 sien
1697 2450 1761 2497 te
1792 2451 1983 2498 bouwen
2013 2453 2140 2499 ende
2170 2454 2392 2503 bequaem
2422 2459 2517 2504 tot
2548 2459 2802 2510 wooninge
2832 2466 2991 2514 laten
3020 2468 3246 2515 versien

1349 2583 1566 2634 UEd:se
1600 2579 1888 2627 schrijve
1922 2580 2137 2630 nevens
2172 2585 2280 2633 een
2314 2588 2565 2640 memorie
2600 2596 2815 2646 wegens
2850 2602 3030 2652 enige
3064 2609 3352 2661 enreuren

1542 2697 1696 2747 inde
1734 2697 2114 2747 Toncquinse
2151 2703 2416 2752 negotie
2453 2706 2833 2758 boeckjens,
2870 2713 3136 2762 twelcke
3172 2716 3331 2774 geen

1540 2819 1717 2866 fouten
1747 2821 1836 2868 bij
1864 2824 1954 2872 ons
1983 2828 2102 2875 maer
2130 2831 2219 2877 bij
2248 2832 2338 2879 den
2366 2834 2663 2882 visitateur
2692 2838 3076 2885 gecommitteert
3105 2840 3253 2889 sijn,
3282 2844 3371 2889 die

1534 2950 1600 2997 de
1631 2951 1889 3001 reductie
1920 2957 2050 3004 niet
2080 2957 2403 3006 tenrechten
2435 2962 2596 3010 heeft
2628 2965 2853 3012 gemenct
2884 2965 3176 3015 denselven
3205 2970 3400 3019 rekent

1532 3069 1593 3116 de
1621 3069 1773 3115 masen
1802 3070 2105 3120 condrijnen
2133 3076 2254 3121 ende
2283 3075 2554 3127 penningen
2584 3082 2705 3130 vant
2734 3086 2856 3132 fijn
2885 3088 3065 3134 silver
3095 3089 3216 3135 niet
3246 3090 3369 3139 daer

1525 3194 1654 3241 door
1684 3197 1780 3243 soo
1812 3198 1940 3244 veel
1972 3199 2036 3245 gl
2067 3199 2163 3245 als
2195 3199 2355 3247 inder
2386 3202 2514 3248 daet
2545 3203 2675 3252 moet
2703 3207 2865 3256 wesen
2896 3211 3025 3258 niet
3055 3213 3249 3263 crygen
3279 3219 3376 3268 kan

1525 3322 1694 3373 alles
1727 3329 1794 3375 is
1828 3328 1963 3375 hier
1996 3327 2130 3373 naer
2163 3325 2466 3372 gereekent
2499 3326 2634 3373 ende
2667 3329 2937 3378 bevonden
2969 3335 3376 3393 t'accorderen

1515 3456 1615 3503 dit
1645 3457 1744 3503 syn
1777 3457 2267 3504 dangeenabuijsen
2298 3458 2397 3504 bij
2429 3459 2527 3506 ons
2560 3461 2984 3510 gecommitteert
3017 3465 3344 3519 dierhalven

1518 3584 1884 3632 onschuldigh,
1913 3587 2035 3633 ende
2064 3587 2186 3632 walt
2216 3587 2459 3633 moenlijk
2489 3587 2611 3633 daer
2640 3587 2763 3635 over
2790 3589 3156 3638 gecormigeert
3186 3592 3371 3645 werden

1508 3713 1806 3762 aengaende
1838 3717 1905 3763 de
1937 3718 2072 3765 4245
2168 3722 2368 3769 cattij
2401 3722 2566 3769 sijde
2599 3724 2666 3771 is
2698 3727 2898 3777 abuijs
2929 3732 3030 3779 int
3062 3735 3335 3796 Copieren

1488 3859 1623 3909 ende
1656 3856 1724 3902 de
1757 3854 1995 3901 geheele
2028 3855 2265 3904 Factuer
2298 3859 2468 3908 vande
2501 3863 2705 3912 gansch
2737 3868 2974 3915 gestelt
3008 3869 3144 3916 daer
3177 3872 3281 3922 des

1506 3985 1739 4036 Conincx
1770 3985 2034 4033 betaelde
2066 3985 2232 4032 sijde
2263 3985 2364 4031 met
2396 3986 2529 4033 meer
2560 3989 2660 4037 als
2692 3991 2857 4039 18700
2889 3990 3087 4036 catten
3119 3991 3418 4042 bedraecht

2147 491 2469 548 Transport
2503 504 2611 551 van
2645 508 3181 566 Coopmanschappen
3214 523 3327 576 als

2188 561 2357 614 anders
2384 570 2496 617 door
2523 573 2581 620 d'
2607 577 2635 622 E
2662 577 2831 626 Pieter
2858 581 3082 633 antonisz
3109 589 3221 638 over
3248 594 3415 648 twater

2182 642 2343 690 aend'
2374 646 2408 692 E
2437 649 2694 698 Reijnier
2725 654 2887 703 van't
2917 658 3013 706 hun
3045 661 3238 713 gedaen
3268 669 3410 728 dato

2882 4147 3208 4202 datmen

2187 721 2285 769 29.
2316 725 2578 779 November
2610 733 2676 780 Ao
2707 736 2871 790 1645.
