3567 4801
2734 499 2882 552 955

656 514 793 563 mey
835 503 1021 558 1846

919 653 1001 702 den
1025 648 1455 696 Coninckeoorraedt
1481 647 1562 693 van
1588 644 1776 693 Maleije
1802 643 1883 688 ons
1910 643 2044 690 groot
2070 645 2258 694 verlier
2284 649 2419 695 heeft
2445 650 2686 697 aengedaen
2712 648 2793 694 tot
2820 641 3008 693 ontrent

946 763 1007 811 50
1035 753 1302 806 Operdauws
1331 749 1450 797 ofte
1479 748 1568 793 300
1597 744 1834 793 pagoden,
1863 741 2099 789 daernaer
2129 740 2218 786 den
2246 735 2602 784 Coninckbeter
2630 726 2927 780 onderricht

929 863 1027 912 Ende
1049 854 1197 906 bewust
1219 851 1391 898 sijnde,
1414 849 1464 895 en
1488 848 1513 893 g
1536 846 1634 893 seen
1658 841 1829 890 remedie
1853 840 2023 886 wetende
2047 840 2096 885 om
2120 840 2218 886 onse
2242 839 2412 886 schaede
2436 838 2485 884 te
2510 831 2729 883 betaelen,
2752 822 2875 874 heeft

927 965 1009 1013 een
1033 955 1253 1010 seervast
1279 948 1497 999 contract
1522 945 1605 992 met
1631 943 1714 990 ons
1740 940 1984 987 gemaeckt,
2011 940 2120 985 ende
2146 938 2337 985 daervan
2362 934 2553 982 Brieven
2580 931 2824 980 Verleendt

923 1075 999 1125 dat
1020 1070 1071 1118 d'
1092 1061 1215 1113 stadt
1237 1055 1359 1104 onder
1381 1052 1454 1099 ons
1478 1048 1599 1097 soude
1623 1043 1815 1093 blijven,
1838 1042 1935 1088 ende
1958 1040 2008 1086 't
2031 1037 2200 1084 Incomen
2223 1033 2416 1081 trecken,
2440 1032 2512 1077 tot
2535 1031 2608 1077 dat
2631 1028 2729 1076 onse
2751 1017 2994 1072 betaelinge

922 1178 999 1229 ten
1022 1168 1172 1222 Vollen
1194 1161 1370 1212 hebben,
1392 1156 1568 1206 gelijck
1591 1155 1666 1201 dat
1690 1149 2013 1200 tegenwoordich
2036 1147 2136 1194 sijn
2159 1143 2285 1191 begin
2308 1141 2482 1187 alheeft
2506 1136 2705 1185 genomen,
2729 1135 2754 1180 u
2778 1129 2952 1180 echtter

909 1293 991 1341 syn
1016 1283 1231 1337 Hoocheyt
1255 1278 1365 1326 alle
1389 1271 1499 1321 dese
1525 1263 1792 1314 omliggende
1819 1259 1979 1308 landen
2006 1249 2381 1304 bemaechtigende
2406 1246 2488 1293 sal
2514 1245 2595 1291 aen
2621 1241 2728 1289 onse
2754 1227 3050 1285 Vrundtschap

928 1402 1037 1452 niet
1060 1385 1356 1444 mancqueren,
1380 1380 1490 1430 ende
1514 1370 1729 1423 hiernaer
1755 1368 1862 1414 onse
1887 1363 2102 1413 schulden
2128 1358 2315 1408 betaelt
2341 1353 2529 1403 sijnde,
2555 1351 2608 1397 en
2633 1347 2715 1395 sin
2741 1340 2901 1392 Hoocht

929 1504 1032 1553 noch
1054 1493 1359 1547 domminieren,
1383 1490 1460 1538 sal
1484 1487 1536 1534 d'
1559 1479 1788 1530 gouvernos
1813 1478 1889 1524 van
1913 1473 2041 1522 selfs
2066 1472 2167 1519 oven
2191 1469 2344 1517 staen,
2367 1465 2445 1513 eer
2468 1463 2546 1509 syn
2570 1457 2697 1507 Hooch
2721 1455 2748 1501 d
2770 1450 2824 1498 In

937 1606 1180 1664 Carmatica
1206 1600 1315 1650 quam
1341 1599 1396 1645 de
1422 1595 1530 1643 onse
1556 1589 1853 1640 vrundtschap
1879 1585 2015 1633 groot
2040 1580 2257 1630 geweest,
2283 1578 2338 1624 en
2362 1575 2419 1622 iu
2445 1573 2527 1620 soo
2552 1566 2688 1616 dicht
2711 1548 2984 1610 herwaerdts

923 1730 1060 1785 synde
1083 1723 1166 1773 sal
1191 1718 1273 1767 die
1298 1710 1459 1762 smmers
1483 1704 1566 1754 tot
1591 1701 1672 1748 syn
1698 1695 1939 1746 Hoocheyts
1965 1690 2126 1739 dienst
2151 1687 2259 1734 niet
2283 1677 2579 1732 Vermnderen,
2604 1672 2740 1721 alhoe
2763 1666 2845 1716 wel
2872 1659 2926 1711 de

933 1834 1153 1895 gouverno
1177 1818 1424 1876 behouden,
1450 1814 1559 1861 maer
1584 1800 1938 1858 vermeerderen,
1965 1795 2101 1844 snden
2127 1792 2210 1839 tyt
2235 1788 2318 1836 ick
2344 1785 2399 1832 in
2426 1779 2725 1830 masulipatam
2751 1776 2835 1824 was

936 1948 1074 2009 heeft
1098 1942 1181 1991 syn
1206 1931 1420 1985 Hoocheyt
1445 1926 1527 1975 ons
1552 1922 1607 1969 in
1631 1914 1767 1965 allen
1792 1903 2061 1958 behulpsaem
2085 1896 2274 1947 geweest
2300 1894 2380 1939 dat
2406 1891 2488 1939 tot
2514 1888 2621 1935 noch
2645 1883 2727 1932 toe
2751 1880 2861 1928 niet

933 2048 1158 2109 vergeten
1183 2038 1380 2091 blijft,
1403 2024 1685 2082 vertrouwen
1710 2019 1824 2068 oocq
1851 2018 1880 2063 u
1905 2009 2158 2063 Hoocheijt
2183 2004 2269 2053 Iut
2295 1999 2408 2048 gene
2434 1989 2686 2043 BijVanden
2712 1979 2908 2033 Coninck

947 2165 1101 2219 hebben
1124 2152 1278 2208 moeten
1300 2145 1380 2196 ons
1403 2134 1583 2187 verlies
1606 2128 1710 2178 niet
1733 2125 1786 2172 en
1810 2117 1989 2168 saeckt,
2013 2110 2167 2161 daerom
2191 2106 2269 2154 dit
2292 2101 2396 2150 niet
2418 2094 2573 2145 verder
2596 2080 2828 2138 aenroeren

886 2307 1194 2372 Aengaende
1224 2287 1632 2349 d'oliphanten
1663 2281 1801 2331 daer
1833 2275 1969 2325 sijn
2000 2264 2307 2320 Hoocheijt
2338 2257 2442 2307 Van
2473 2243 2745 2300 schrijft

959 2421 1072 2471 daer
1097 2414 1211 2465 sijn
1237 2407 1323 2458 van
1347 2389 1768 2450 mallaccagecomen
1794 2386 1823 2433 6
1849 2374 2129 2430 oliphanten
2156 2372 2185 2418 4
2213 2366 2463 2416 mannekens
2490 2364 2547 2410 en
2572 2361 2603 2407 2
2630 2354 2881 2404 wijffkens

957 2519 1188 2579 daeronder
1211 2512 1339 2563 eenen
1362 2501 1566 2556 schoonen
1589 2496 1692 2545 voor
1716 2492 1818 2540 sijn
1842 2486 2019 2536 Hoochts
2044 2484 2120 2531 tot
2144 2472 2423 2528 schenckagie
2446 2465 2599 2516 hadden
2623 2453 2977 2510 uijtgeteeckent

954 2632 1009 2680 Is
1032 2625 1139 2675 omme
1163 2619 1269 2669 over
1294 2604 1582 2662 masulipatam
1607 2594 1843 2648 beneffens
1867 2589 1974 2637 meer
1998 2582 2156 2633 andere
2181 2571 2469 2626 schenckagie
2494 2569 2600 2615 sijn
2623 2560 2783 2614 Hoocht

949 2730 1210 2791 toegesonden
1232 2726 1282 2774 te
1302 2716 1472 2770 werden,
1494 2712 1590 2760 doch
1613 2710 1662 2757 so
1682 2702 1852 2753 d'selve
1874 2696 1994 2746 Comen
2015 2693 2065 2741 te
2088 2687 2279 2737 sterven,
2302 2685 2351 2731 d'
2373 2681 2517 2729 andere
2541 2679 2588 2726 5.
2611 2671 2852 2723 oliphanten

943 2837 1109 2895 hebben
1134 2832 1190 2881 't
1216 2825 1353 2876 volcq
1379 2820 1462 2869 van
1487 2808 1788 2864 mistafschan
1814 2797 2140 2851 hierbedongen
2167 2795 2249 2841 tot
2274 2791 2384 2839 5000
2411 2784 2602 2834 pagtden
2627 2770 2962 2828 verwachtende

950 2938 1155 2997 dagelicx
1178 2936 1230 2982 't
1254 2929 1380 2980 geldt
1403 2922 1580 2973 gelijck
1605 2920 1681 2967 hij
1704 2913 1881 2965 belooft
1904 2908 2056 2957 heeft,
2080 2906 2132 2952 nu
2156 2903 2232 2950 soo
2256 2898 2382 2947 rasch
2404 2892 2507 2942 sijn
2530 2886 2733 2936 Hooch:ts
2755 2873 2933 2930 brieven

952 3045 1206 3106 ontfingen
1232 3035 1402 3088 hebben
1428 3031 1513 3079 aen
1539 3017 1848 3075 mustafschan
1874 3004 2155 3061 geschreven
2179 2998 2239 3047 d'
2265 2984 2546 3041 oliphanten
2572 2977 2741 3027 binnen
2769 2975 2797 3020 8
2822 2970 2966 3020 dagen

952 3155 1099 3209 moest
1125 3137 1416 3197 ontfangen,
1443 3130 1560 3180 ofte
1587 3122 1733 3174 soude
1760 3117 1848 3166 die
1877 3116 1964 3162 aen
1992 3115 2166 3163 andere
2193 3099 2455 3158 vercoopen
2480 3084 2685 3142 d'wijle
2712 3081 2800 3127 het

950 3260 1109 3318 dieren
1132 3243 1343 3302 waersen,
1366 3237 1472 3287 ende
1498 3229 1733 3281 midtsdien
1757 3219 2097 3273 sterffelijck,
2123 3217 2201 3264 soo
2225 3214 2305 3261 hij
2329 3210 2383 3258 in
2407 3205 2513 3254 dien
2539 3202 2644 3250 tyjt
2667 3191 2930 3245 geldthendt

945 3370 1051 3420 sall
1075 3363 1156 3414 hem
1179 3343 1470 3406 d'olphanten
1492 3334 1626 3386 laten
1651 3326 1836 3379 volgen,
1861 3324 1967 3370 ende
1992 3321 2045 3368 d'
2070 3310 2360 3365 schenckagie
2384 3306 2465 3354 van
2487 3299 2595 3348 sijn
2619 3290 2778 3342 Hoocht

2880 3289 2925 3337 -

963 3470 1143 3529 Alsdan
1170 3463 1261 3512 met
1286 3456 1379 3507 een
1407 3436 1794 3500 anderoliphait
1822 3431 1913 3480 die
1940 3421 2179 3475 apparent
2207 3418 2298 3465 met
2327 3417 2386 3462 d'
2414 3409 2594 3461 raeste
2622 3394 2831 3453 schepen
2859 3391 2925 3438 te

961 3581 1096 3637 comen
1119 3574 1252 3625 staet
1276 3564 1460 3617 voldaen
1486 3556 1669 3608 werden,
1694 3551 1799 3600 doch
1825 3549 1877 3595 't
1902 3545 2034 3594 geldt
2058 3539 2164 3589 niet
2189 3533 2347 3583 comren
2371 3530 2451 3577 sal
2476 3525 2608 3575 sulcx
2632 3519 2738 3568 sijn
2761 3512 2946 3562 Hooch=t

963 3685 1226 3750 adviseren,
1248 3675 1355 3727 ende
1379 3671 1458 3718 die
1481 3659 1742 3716 offereren,
1766 3654 1897 3703 nemen
1922 3646 2103 3698 daervan
2128 3644 2181 3690 in
2205 3634 2387 3687 sulcken
2411 3627 2542 3678 geval
2566 3620 2697 3671 eenen
2722 3618 2802 3665 tot

955 3785 1264 3853 schenckagie,
1287 3779 1366 3828 die
1390 3771 1520 3823 vande
1543 3763 1674 3815 prijs
1697 3756 1853 3807 sullen
1878 3749 2109 3800 aftrecken
2134 3749 2186 3796 /,
2210 3744 2314 3792 noch
2338 3738 2519 3788 syjnden
2543 3731 2647 3782 twee
2671 3721 2929 3775 oliphanten

963 3904 1057 3958 van
1083 3888 1324 3948 Mallacca
1352 3885 1413 3932 en
1442 3878 1562 3929 twee
1590 3871 1769 3922 andere
1797 3867 1888 3915 Van
1916 3858 2125 3911 arracan
2154 3857 2274 3903 voor
2301 3840 2660 3901 particuliere
2687 3831 2897 3884 gecomen

954 4020 1033 4072 soo
1052 4013 1157 4062 sijn
1179 4003 1407 4057 Hoocheyjt
1428 3989 1681 4047 diebegeert
1704 3986 1781 4033 Can
1805 3981 1956 4030 daerom
1980 3980 2081 4026 oocq
2104 3976 2231 4024 volcq
2254 3963 2481 4019 afshenden
2503 3959 2580 4006 sal
2605 3956 2656 4003 in
2678 3952 2731 4000 't
2754 3946 2930 3996 maecken

941 4129 1077 4183 vande
1101 4121 1238 4172 prijs
1262 4110 1506 4166 oordelen,
1531 4104 1640 4153 ende
1666 4098 1908 4148 behulpich
1932 4089 2096 4142 Wesen,

0 603 189 661 deselve

0 1575 101 1623 de

0 3246 81 3291 83
