3642 4828
1048 538 1296 598 meert
1334 529 1541 583 1646

1381 648 1494 698 haer
1520 646 1631 692 last
1658 646 1851 694 gegeven
1877 650 1959 695 dat
1987 650 2180 698 alsood'
2205 653 2371 703 mooren
2397 658 2507 704 noch
2534 658 2589 704 al
2617 658 2836 706 invielen
2863 660 2918 706 sy
2945 659 3055 705 haer
3082 657 3277 706 moesten

1364 753 1594 807 haesten,
1621 750 1737 798 ende
1766 748 1852 794 met
1880 748 1937 793 d'
1966 746 2168 793 sleyken
2195 749 2339 798 Volcq
2367 754 2597 803 afcomen,
2624 757 2682 803 al
2710 754 2854 802 soude
2882 754 2939 800 't
2967 754 3111 800 geldt
3140 754 3254 800 noch
3282 754 3369 800 wan

1361 854 1686 912 tarderen,

1339 958 1720 1016 Anmanteraije
1750 957 2005 1005 schrijft
2036 957 2131 1003 den
2163 957 2385 1003 Coninck
2416 957 2512 1004 dat
2543 959 2639 1004 wel
2670 959 2734 1006 in
2765 961 2892 1007 sijn
2924 960 3083 1006 landt
3114 960 3435 1011 aengecomen

1370 1055 1492 1103 was,
1521 1054 1643 1102 ende
1673 1053 1946 1101 gelijckd'
1974 1055 2127 1102 mags.
2156 1057 2187 1102 t
2217 1058 2398 1104 altijt
2428 1057 2520 1104 Van
2547 1058 2791 1105 Chinanna
2821 1058 3214 1105 gewaerschouwt
3243 1053 3395 1103 hadde

1359 1164 1445 1213 soo
1471 1161 1584 1208 wast
1610 1161 1722 1207 oocq
1749 1162 1806 1209 nu
1831 1163 2027 1210 gegaen,
2054 1164 2166 1210 vant
2193 1165 2555 1217 gelijckerwijs
2581 1172 2665 1217 men
2693 1171 2777 1217 een
2803 1170 2971 1217 groote
2998 1164 3305 1216 personagie—

1366 1275 1446 1322 van
1473 1275 1606 1321 Verre
1630 1275 1818 1322 comende
1843 1277 2108 1326 ontfanght,
2134 1280 2242 1327 ende
2266 1283 2558 1331 beschenckt,
2584 1286 2690 1332 even
2717 1285 2849 1332 alsoo
2875 1284 3009 1330 heeft
3033 1282 3247 1330 Chinanna

1364 1387 1419 1433 d'
1445 1384 1662 1431 sterckte
1689 1384 1932 1431 oudegiere
1959 1384 2040 1430 den
2067 1385 2311 1434 Tercheijl
2337 1389 2446 1436 maer
2472 1391 2715 1439 aencomen,
2742 1390 3067 1437 overgegeven,
3093 1388 3228 1434 alsoo
3255 1388 3343 1438 dan

1362 1496 1417 1543 d'
1440 1491 1605 1541 mooren
1631 1492 1767 1540 selfs
1793 1495 1955 1541 daerom
1982 1495 2171 1544 lachen,
2198 1499 2279 1545 den
2306 1500 2496 1547 Coninck
2522 1502 2684 1548 sulcke
2711 1503 3008 1548 ordonnantie
3035 1502 3143 1548 Inde
3169 1497 3387 1546 governos

1356 1608 1532 1654 houdt,
1561 1608 1650 1654 sij
1679 1608 1856 1654 hebben
1885 1608 2091 1656 douwoer
2120 1611 2414 1661 Ingenomen,
2443 1615 2561 1661 ende
2591 1616 2708 1662 sijn
2738 1616 2826 1662 reu
2855 1617 2944 1664 met
2972 1616 3355 1664 (alloerdoende

1322 1721 1435 1768 over
1463 1723 1519 1768 al
1547 1723 1773 1770 berooven
1801 1725 1999 1774 'tlandt
2025 1729 2196 1776 sonder
2223 1732 2308 1778 dat
2335 1733 2618 1781 Babalachan
2645 1734 2758 1780 daer
2786 1734 2900 1780 jets
2926 1734 3097 1780 tegens
3124 1736 3237 1782 doet

1353 1845 1412 1893 't
1437 1842 1523 1888 kan
1551 1841 1691 1887 wesen
1719 1842 1776 1887 do
1803 1843 2084 1892 Babalachan
2112 1846 2421 1894 heijmelijck
2449 1849 2533 1894 met
2561 1849 2673 1895 haer
2700 1849 3039 1900 versproocken
3065 1856 3150 1902 &s,
3178 1857 3292 1904 soo—

3300 1861 3325 1906 -

1341 1951 1609 2002 lichtelijck
1634 1957 1683 2003 en
1706 1958 1780 2006 sal
1804 1961 1877 2006 ick
1901 1961 2024 2009 mijne
2047 1964 2242 2012 plaetsen
2266 1967 2364 2012 niet
2387 1966 2631 2012 overgeven,
2655 1965 2971 2012 ondertusschen
2996 1966 3093 2011 moet
3117 1966 3166 2011 ue
3190 1962 3385 2010 Contract

1348 2068 1431 2120 met
1457 2068 1510 2113 d'
1536 2067 1774 2113 rleijcken
1800 2067 2011 2113 maecken,
2038 2066 2143 2112 ende
2169 2066 2249 2112 met
2275 2067 2407 2112 haere
2434 2067 2566 2112 macht
2592 2066 2672 2112 als
2697 2067 2750 2112 d'
2777 2066 2909 2112 uwed'
2935 2068 3253 2114 Visapourders
3276 2067 3361 2115 tot

1341 2171 1649 2222 vredebrengen,
1672 2173 1743 2218 als
1766 2173 1932 2220 wanneer
1955 2174 2003 2219 d'
2026 2175 2357 2222 golcondaetsche
2380 2177 2474 2223 seer
2498 2177 2616 2223 licht
2639 2178 2687 2224 te
2710 2177 2946 2225 verdrijven
2969 2179 3111 2225 sullen
3134 2178 3276 2225 wesen—

1264 2327 1388 2379 uijt
1416 2317 1599 2369 susich
1628 2317 1780 2363 werdt
1810 2317 1931 2363 door
1961 2318 2052 2363 een
2082 2318 2294 2364 Bramine
2324 2318 2416 2365 als
2445 2320 2688 2369 lottedoe
2718 2325 2809 2371 aen
2839 2326 2900 2373 E.
2928 2326 3052 2373 H.:r
3079 2326 3391 2376 gouverneur

1334 2437 1588 2493 geschreven
1612 2435 1688 2481 dat
1713 2434 1764 2480 't
1789 2433 1914 2479 landt
1939 2432 2015 2478 dat
2040 2432 2217 2478 t'voren
2241 2433 2317 2479 bij
2341 2433 2567 2479 Connerech
2593 2434 2669 2480 wij
2692 2434 2743 2480 so
2768 2433 2946 2482 beseten
2969 2438 3145 2485 geweest
3170 2438 3220 2483 nu
3246 2438 3296 2483 by
3320 2434 3372 2482 de

1334 2546 1564 2594 rleijcken
1589 2544 1666 2591 aen
1692 2541 2280 2589 Commarejaetchemarneijck
2303 2541 2433 2587 hadde
2458 2540 2663 2587 gegeven,
2688 2540 2868 2586 blijven
2892 2541 2944 2587 't
2969 2543 3148 2588 begeven
3174 2543 3329 2591 Vande—

1323 2666 1381 2719 en
1404 2659 1610 2710 eehavens
1635 2659 1738 2704 noch
1763 2658 1866 2704 open
1890 2657 1994 2703 onne
2019 2657 2096 2702 die
2122 2657 2198 2702 bij
2224 2655 2378 2702 accort
2402 2654 2608 2700 (gelijck
2633 2653 2711 2699 bij
2735 2649 3069 2700 kistapaneijcx
3093 2646 3273 2693 tijden)

1326 2775 1457 2821 aende
1481 2773 1743 2821 Hollanders
1768 2772 1821 2818 te
1846 2769 2003 2817 geven,
2029 2768 2185 2813 daerop
2211 2768 2290 2814 den
2315 2768 2576 2815 Gouverneur
2600 2767 2732 2814 Heeft
2758 2767 3071 2813 g'andtwoort,
3095 2767 3175 2813 die
3200 2768 3411 2820 plaetsen

1309 2896 1385 2948 soo
1407 2894 1504 2940 niet
1528 2894 1576 2939 en
1599 2892 1816 2938 begeerde,
1840 2891 1935 2937 maer
1959 2891 2031 2937 soo
2054 2891 2103 2936 d'
2127 2889 2319 2936 Neijcken
2341 2885 2486 2933 willen
2510 2884 2582 2930 een
2605 2882 2678 2928 ole
2701 2877 2798 2926 ofte
2821 2874 2942 2920 Couel
2965 2876 3037 2921 van
3061 2871 3446 2921 verseeckertheyje

1323 3011 1430 3062 ende
1456 3007 1612 3056 vrijen
1637 3004 1794 3052 handel
1817 3002 2002 3048 gelijck
2026 3001 2132 3048 sijn
2157 2997 2340 3045 broeder
2365 2995 2443 3041 ons
2469 2994 2652 3040 gegeven
2677 2994 2834 3043 heeft,
2859 2998 3093 3044 passeren,
3118 2994 3223 3042 ende
3248 2990 3327 3039 met

1323 3121 1453 3174 eenen
1478 3121 1528 3166 d'
1553 3121 1755 3167 sterckte
1780 3120 2057 3168 Tegerepatam
2081 3119 2133 3165 om
2155 3114 2208 3162 te
2232 3109 2409 3158 sitten,
2434 3109 2535 3154 dude
2560 3108 2611 3154 d'
2636 3108 2762 3153 staet
2787 3108 2837 3153 in
2862 3108 3090 3155 Gouverno,
3114 3110 3190 3155 soo
3215 3109 3366 3155 sullen
3385 3105 3417 3154 —

1321 3235 1427 3286 mijn
1452 3233 1581 3279 volcq
1607 3232 1684 3278 met
1709 3233 1991 3280 schenckagie
2016 3233 2196 3279 afcomen
2221 3231 2298 3277 den
2324 3229 2504 3276 sleijck
2529 3229 2581 3274 te
2605 3224 2862 3273 besoecken,
2888 3223 2990 3269 ende
3016 3223 3144 3269 volcq
3169 3221 3247 3268 ome
3272 3217 3426 3266 aldaer

1313 3349 1602 3402 t'handelen,
1628 3349 1916 3396 Ordonneren,
1941 3351 2046 3397 ende
2072 3350 2203 3396 alsoo
2229 3348 2438 3395 d'landen
2464 3346 2594 3393 groot
2620 3342 2803 3391 proffyt
2828 3339 3094 3387 aenbrengen

1162 3495 1222 3547 A4
1243 3488 1276 3536 4
1298 3482 1356 3530 en
1382 3481 1410 3526 4
1435 3479 1465 3526 d
1490 3477 1519 3523 o
1544 3475 1654 3521 niet
1680 3474 1844 3521 remoec
1870 3475 2061 3523 quabels
2087 3462 2440 3525 Voorgevallen—

1129 3629 1184 3675 Ag
1208 3625 1291 3672 6d.
1317 3624 1345 3669 o
1371 3623 1612 3670 vertreckt
1639 3623 1719 3669 van
1746 3624 1853 3670 dees
1880 3623 2015 3670 rhede
2040 3624 2148 3671 naer
2175 3626 2469 3675 masulipatam
2496 3630 2550 3675 d'
2576 3629 2791 3677 schaloup
2817 3633 2979 3682 Cleijn
3004 3635 3192 3682 vivelij
3218 3632 3301 3680 ten

1311 3723 1655 3772 principaelen
1681 3723 1769 3769 ome
1796 3724 1967 3774 aldaer
1995 3730 2338 3783 naerbehooren
2364 3739 2650 3790 vertimmert
2677 3745 2735 3792 te
2762 3746 2934 3795 werden

1161 3883 1268 3934 Aen7
1290 3876 1347 3925 d.
1371 3873 1400 3919 o
1426 3870 1506 3916 des
1530 3867 1612 3915 nue
1638 3868 1878 3916 dernachts
1903 3872 2196 3923 verschijndt
2222 3878 2383 3926 alhier
2408 3882 2674 3929 onverwacht
2700 3885 2780 3930 den
2806 3885 3098 3936 ondercopman
3125 3891 3285 3938 willem
3308 3887 3338 3935 —

1275 3971 1401 4027 Pauw
1430 3970 1522 4016 uyt
1551 3971 1732 4017 velour
1762 3972 1913 4018 synde
1943 3973 2065 4022 door
2093 3978 2336 4029 mandaedt
2364 3986 2545 4034 vanden
2575 3989 2787 4035 Coninck
2816 3991 3088 4039 salvorens
3117 3995 3329 4042 omtrent

1305 4076 1390 4123 120
1414 4070 1614 4121 pagoden
1641 4070 1837 4118 belooft
1864 4073 2005 4121 hadde
2032 4077 2117 4124 aen
2144 4080 2312 4129 eenige
2339 4085 2508 4134 rooten
2535 4090 2591 4135 te
2618 4090 2870 4141 betaelen)
2898 4096 2983 4142 god
3010 4098 3095 4144 lof
3120 4097 3234 4146 uijt
3259 4096 3320 4143 de

1294 4176 1690 4225 gevanckenisse
1718 4180 1961 4228 verlost,
1989 4184 2051 4230 en
2080 4186 2172 4231 met
2200 4187 2292 4236 een
2321 4192 2413 4240 Joe
2442 4196 2533 4242 van
2563 4197 2715 4245 Vrije
2744 4201 2987 4250 geleijde
3015 4206 3197 4254 nevens
3226 4209 3258 4254 5
3286 4210 3317 4256 a
3341 4204 3379 4254 6

1273 4282 1461 4339 pions
1497 4281 1830 4330 Herwaerts
1865 4283 2161 4336 gecomen,

2999 4388 3105 4440 A8
3155 4384 3309 4431 do.
