<?xml version="1.0" encoding="UTF-8"?>
<PcGts xmlns="http://schema.primaresearch.org/PAGE/gts/pagecontent/2013-07-15">
  <Metadata externalRef="81f83ca3-2b06-4d2f-838a-18b453c7a59c">
    <Creator>Laypa</Creator>
    <Created>2023-09-08T02:22:38</Created>
    <LastChange>2023-09-08T03:38:15</LastChange>
    <Comment>license: CC0</Comment>
    <MetadataItem type="processingStep" name="layout-analysis" value="laypa">
      <Labels>
        <Label value="228a7d24385cff0e51687c00d0e65a2c2a9703d5" type="githash"/>
        <Label value="61334eb4-edff-4af5-b036-b5927f35bbcf" type="uuid"/>
        <Label value="https://hdl.handle.net/10622/VMSCBR" type="laypamodelremote"/>
      </Labels>
    </MetadataItem>
    <MetadataItem type="processingStep" name="region-analysis" value="laypa">
      <Labels>
        <Label value="0a3442b4-835c-44bc-9115-3fd08263a5dc" type="uuid"/>
        <Label value="https://hdl.handle.net/10622/DMAS2T" type="laypamodelremote"/>
      </Labels>
    </MetadataItem>
    <MetadataItem type="processingStep" name="htr" value="loghi-htr">
      <Labels>
        <Label value="9efb3e0ff4338dc6e07d110ac4d435f27f5b0e16&#10;" type="githash"/>
        <Label value="3a9bdaa3-493c-483e-bbb2-f51961b8e5a0" type="uuid"/>
        <Label value="64" type="batch_size"/>
        <Label value="https://hdl.handle.net/10622/X2JZYY" type="loghihtrmodelremote"/>
      </Labels>
    </MetadataItem>
    <MetadataItem type="processingStep" name="word-splitting" value="loghi-htr-tooling"/>
    <MetadataItem type="other" name="dataset" value="https://hdl.handle.net/10622/LVXSBW">
      <Labels>
        <Label value="VOC transcriptions v2 - GLOBALISE" type="name"/>
        <Label value="Dataset in pagexml and txt format, including data card." type="description"/>
        <Label value="https://globalise.huygens.knaw.nl/" type="creator"/>
        <Label value="https://hdl.handle.net/10622/LVXSBW" type="url"/>
      </Labels>
    </MetadataItem>
  </Metadata>
  <Page imageFilename="NL-HaNA_1.04.02_1161_0510.jpg" imageWidth="3567" imageHeight="4883">
    <ReadingOrder>
      <OrderedGroup id="orderedgroup_9598c74f-bcef-4c33-9f7a-3fdffabb0ff7">
        <RegionRefIndexed index="0" regionRef="region_61cf5bb3-5e1f-42cb-8315-a9fc62bacf13_4"/>
        <RegionRefIndexed index="1" regionRef="region_892bdfdf-426f-4330-b9b2-3becfc5f8bda_3"/>
        <RegionRefIndexed index="2" regionRef="region_d0c0b7f1-8e7d-43c7-9bef-598859c223e7_2"/>
        <RegionRefIndexed index="3" regionRef="region_67e1865c-1cc8-478f-94ff-7af68798edfb_1"/>
        <RegionRefIndexed index="4" regionRef="region_38401094-9c70-4637-9c03-c2838ec9f5f1_5"/>
        <RegionRefIndexed index="5" regionRef="d90b125d-c953-4915-9a60-3dad89f91b17"/>
        <RegionRefIndexed index="6" regionRef="b4f95844-967c-4c74-8790-7b6f552603b8"/>
      </OrderedGroup>
    </ReadingOrder>
    <TextRegion id="region_61cf5bb3-5e1f-42cb-8315-a9fc62bacf13_4" custom="structure {type:paragraph;}">
      <Coords points="3407,724 3379,707 3358,717 3327,745 3313,742 3264,745 3222,735 3125,738 3121,742 3020,742 2971,735 2863,735 2860,731 2630,738 2626,742 2529,742 2525,745 2362,745 2358,742 2299,742 2296,738 2229,738 2226,742 2202,738 1986,738 1982,735 1804,738 1801,742 1797,738 1595,738 1592,735 1425,735 1421,731 1376,731 1345,745 1334,770 1338,839 1324,895 1317,1048 1310,1087 1310,1236 1306,1240 1306,1296 1303,1299 1310,1581 1303,1595 1303,1630 1313,1693 1327,1703 1352,1703 1397,1686 1456,1675 1595,1668 1599,1665 1682,1665 1794,1651 1839,1633 1850,1623 1850,1595 1860,1585 1891,1578 1961,1574 2031,1564 2160,1564 2163,1560 2445,1564 2449,1560 2505,1560 2508,1557 2647,1557 2651,1553 2752,1553 2755,1550 2888,1550 2930,1543 3024,1543 3062,1536 3090,1519 3135,1477 3159,1466 3194,1459 3316,1463 3337,1459 3348,1452 3361,1452 3379,1438 3389,1421 3400,1386 3400,1344 3393,1330 3393,1226 3400,1177 3396,1174 3400,1118 3393,1083 3393,989 3389,979 3400,909 3400,864 3417,818 3403,787"/>
      <TextLine id="line_0780e39a-94af-4576-a8ba-cbb30bfeb8b9">
        <Coords points="1245,761 1355,725 1423,713 1439,701 1531,669 1631,641 1663,641 1695,621 1775,605 2295,605 2403,709 2563,708 2575,720 2831,728 2851,748 3244,737 3244,820 3091,820 2999,830 2967,829 2959,821 2515,825 2479,854 2447,866 2255,866 2235,886 2039,885 2023,869 1927,869 1919,861 1515,862 1503,853 1245,854"/>
        <Baseline points="1286,800 1336,797 1386,799 1436,798 1486,798 1536,800 1586,802 1636,801 1686,799 1736,799 1786,798 1836,796 1886,796 1936,797 1986,796 2036,796 2086,797 2136,797 2186,797 2236,798 2286,800 2336,800 2386,800 2436,800 2486,800 2536,799 2586,799 2636,798 2686,798 2736,798 2786,798 2836,798 2886,798 2936,798 2986,798 3036,799 3086,798 3136,799 3186,799 3204,800"/>
        <Word id="word_fbea7406-df77-4af3-b50e-36ae05491f56">
          <Coords points="1284,765 1334,762 1387,764 1395,764 1396,809 1386,809 1337,807 1287,810"/>
          <TextEquiv>
            <Unicode>T'</Unicode>
          </TextEquiv>
        </Word>
        <Word id="word_409e4dcb-812c-4f72-ab43-0307c5c30ff9">
          <Coords points="1451,763 1486,763 1537,765 1587,767 1635,766 1685,764 1736,764 1785,763 1835,761 1886,761 1937,762 1985,761 2036,761 2087,762 2136,762 2163,762 2163,807 2136,807 2086,807 2036,806 1986,806 1936,807 1886,806 1836,806 1786,808 1736,809 1686,809 1636,811 1586,812 1536,810 1486,808 1450,808"/>
          <TextEquiv>
            <Unicode>overgemaeckte</Unicode>
          </TextEquiv>
        </Word>
        <Word id="word_76d9c37c-05ae-461e-bd8c-f615ca962ea8">
          <Coords points="2219,762 2238,763 2287,765 2336,765 2386,765 2436,765 2437,765 2437,810 2436,810 2386,810 2336,810 2286,810 2235,808 2217,807"/>
          <TextEquiv>
            <Unicode>door</Unicode>
          </TextEquiv>
        </Word>
        <Word id="word_331712d6-2ef1-4b63-bbc6-b106fdb37179">
          <Coords points="2491,765 2535,764 2586,764 2635,763 2686,763 2736,763 2766,763 2766,808 2736,808 2686,808 2636,808 2586,809 2536,809 2492,810"/>
          <TextEquiv>
            <Unicode>godia</Unicode>
          </TextEquiv>
        </Word>
        <Word id="word_d3273c88-8682-4c22-a982-379c10038054">
          <Coords points="2820,763 2836,763 2886,763 2936,763 2986,763 3037,764 3085,763 3137,764 3186,764 3206,765 3203,810 3186,809 3136,809 3086,808 3036,809 2986,808 2936,808 2886,808 2836,808 2820,808"/>
          <TextEquiv>
            <Unicode>soliman</Unicode>
          </TextEquiv>
        </Word>
        <TextEquiv conf="0.9432996562693874">
          <Unicode>T' overgemaeckte door godia soliman</Unicode>
        </TextEquiv>
        <TextStyle xHeight="56"/>
      </TextLine>
      <TextLine id="bb342cd6-4d73-4d9d-924c-b52d03d9f520">
        <Coords points="1294,855 1500,855 1508,863 1919,863 1927,871 2024,871 2039,883 2131,878 2235,887 2255,867 2459,864 2503,832 2639,828 2647,820 2731,815 3246,819 3282,855 3411,852 3411,935 3393,916 3370,925 3098,921 3070,948 3026,948 2998,972 2779,976 2747,947 2611,947 2579,972 2223,971 2192,940 2027,940 1939,944 1879,976 1294,980"/>
        <Baseline points="1335,913 1385,913 1435,914 1485,915 1535,918 1585,917 1635,917 1685,918 1735,918 1785,917 1835,918 1885,919 1935,919 1985,918 2035,917 2085,917 2135,917 2185,917 2235,917 2285,917 2335,918 2385,918 2435,918 2485,919 2535,919 2585,919 2635,918 2685,917 2735,915 2785,914 2835,913 2885,914 2935,913 2985,912 3035,912 3085,911 3135,912 3185,913 3235,914 3285,915 3335,916 3371,915"/>
        <Word id="word_66614247-07f2-4e6b-959d-02ba54ec8193">
          <Coords points="1335,878 1385,878 1436,879 1486,880 1537,883 1584,882 1606,882 1606,927 1585,927 1534,928 1485,925 1435,924 1385,923 1335,923"/>
          <TextEquiv>
            <Unicode>aenden</Unicode>
          </TextEquiv>
        </Word>
        <Word id="word_c0b396b1-9fc1-4ad0-981a-62558cd97793">
          <Coords points="1653,882 1686,883 1735,883 1784,882 1836,883 1886,884 1935,884 1984,883 2034,882 2059,882 2059,927 2035,927 1985,928 1935,929 1885,929 1835,928 1785,927 1735,928 1685,928 1651,927"/>
          <TextEquiv>
            <Unicode>moorschen</Unicode>
          </TextEquiv>
        </Word>
        <Word id="word_2aed2b12-5427-4c63-9554-9063fdc15001">
          <Coords points="2104,882 2135,882 2185,882 2235,882 2285,882 2336,883 2385,883 2435,883 2486,884 2535,884 2557,884 2557,929 2535,929 2485,929 2435,928 2385,928 2335,928 2285,927 2235,927 2185,927 2135,927 2104,927"/>
          <TextEquiv>
            <Unicode>gouverneur</Unicode>
          </TextEquiv>
        </Word>
        <Word id="word_35d96f41-b622-49c4-bf8f-372113bbbd2a">
          <Coords points="2601,884 2634,883 2684,882 2691,882 2693,927 2685,927 2635,928 2602,929"/>
          <TextEquiv>
            <Unicode>jn</Unicode>
          </TextEquiv>
        </Word>
        <Word id="word_51504006-f0f6-4bee-be89-46bf2bfcfeb4">
          <Coords points="2737,880 2784,879 2834,878 2886,879 2934,878 2984,877 3035,877 3054,877 3054,922 3035,922 2985,922 2935,923 2885,924 2835,923 2785,924 2738,925"/>
          <TextEquiv>
            <Unicode>masulij</Unicode>
          </TextEquiv>
        </Word>
        <Word id="word_6935e035-0c3e-418d-8c5c-0ed1398cd5c3">
          <Coords points="3101,876 3136,877 3186,878 3236,879 3286,880 3336,881 3370,880 3371,925 3335,926 3285,925 3235,924 3185,923 3135,922 3099,921"/>
          <TextEquiv>
            <Unicode>patam,</Unicode>
          </TextEquiv>
        </Word>
        <TextEquiv conf="0.9393189408179744">
          <Unicode>aenden moorschen gouverneur jn masulij patam,</Unicode>
        </TextEquiv>
        <TextStyle xHeight="39"/>
      </TextLine>
      <TextLine id="fc5c8841-ec0f-43a1-9d0c-322436ed7b02">
        <Coords points="1280,980 1878,976 1938,944 2026,939 2190,939 2226,971 2578,972 2610,947 2746,947 2774,972 2998,972 3018,959 3254,959 3262,967 3364,967 3392,995 3431,973 3431,1056 3122,1057 3086,1088 2702,1088 2686,1075 2602,1075 2566,1084 2550,1100 2498,1104 1970,1100 1942,1087 1280,1084"/>
        <Baseline points="1321,1040 1371,1040 1421,1038 1471,1039 1521,1039 1571,1039 1621,1039 1671,1040 1721,1042 1771,1041 1821,1041 1871,1041 1921,1042 1971,1043 2021,1043 2071,1043 2121,1042 2171,1041 2221,1042 2271,1042 2321,1042 2371,1042 2421,1042 2471,1042 2521,1042 2571,1041 2621,1041 2671,1042 2721,1041 2771,1041 2821,1040 2871,1039 2921,1038 2971,1039 3021,1038 3071,1038 3121,1037 3171,1035 3221,1035 3271,1035 3321,1036 3371,1035 3391,1036"/>
        <Word id="word_c996428e-83ee-48b0-a172-26979c4a3921">
          <Coords points="1321,1005 1371,1005 1420,1003 1472,1004 1521,1004 1571,1004 1574,1004 1574,1049 1571,1049 1521,1049 1471,1049 1421,1048 1371,1050 1321,1050"/>
          <TextEquiv>
            <Unicode>sijnde</Unicode>
          </TextEquiv>
        </Word>
        <Word id="word_92a7e7e0-a2e0-4f20-baf4-bc4364d96fb2">
          <Coords points="1617,1004 1621,1004 1672,1005 1722,1007 1743,1007 1744,1052 1721,1052 1671,1050 1621,1049 1617,1049"/>
          <TextEquiv>
            <Unicode>Bij</Unicode>
          </TextEquiv>
        </Word>
        <Word id="word_b3985451-4ff5-48fa-869a-721009faec34">
          <Coords points="1786,1006 1821,1006 1871,1006 1922,1007 1955,1008 1954,1053 1921,1052 1871,1051 1821,1051 1786,1051"/>
          <TextEquiv>
            <Unicode>ued„</Unicode>
          </TextEquiv>
        </Word>
        <Word id="word_75c5f5b7-9629-4ed6-97a1-49cd22b8cfc6">
          <Coords points="1996,1009 2020,1008 2071,1008 2120,1007 2123,1007 2124,1052 2121,1052 2071,1053 2021,1053 1997,1054"/>
          <TextEquiv>
            <Unicode>sol</Unicode>
          </TextEquiv>
        </Word>
        <Word id="word_e7e2650e-1ef1-474f-bb48-2a627ae21c7e">
          <Coords points="2165,1006 2170,1006 2222,1007 2271,1007 2321,1007 2335,1007 2335,1052 2321,1052 2271,1052 2221,1052 2171,1051 2166,1051"/>
          <TextEquiv>
            <Unicode>ende</Unicode>
          </TextEquiv>
        </Word>
        <Word id="word_6d3f3675-4e68-4a15-a391-01bd06da8c58">
          <Coords points="2377,1007 2421,1007 2471,1007 2521,1007 2570,1006 2621,1006 2631,1006 2630,1051 2621,1051 2571,1051 2521,1052 2471,1052 2421,1052 2377,1052"/>
          <TextEquiv>
            <Unicode>vracht</Unicode>
          </TextEquiv>
        </Word>
        <Word id="word_2209635c-936b-4432-ae5f-e3ab7bfe0b39">
          <Coords points="2672,1007 2720,1006 2771,1006 2820,1005 2841,1005 2842,1050 2821,1050 2771,1051 2721,1051 2673,1052"/>
          <TextEquiv>
            <Unicode>vrij</Unicode>
          </TextEquiv>
        </Word>
        <Word id="word_48a30444-91d1-4f26-b376-e0d15d590a7d">
          <Coords points="2883,1004 2920,1003 2972,1004 3020,1003 3071,1003 3120,1002 3170,1000 3221,1000 3271,1000 3322,1001 3370,1000 3393,1001 3390,1046 3371,1045 3321,1046 3271,1045 3221,1045 3171,1045 3121,1047 3071,1048 3021,1048 2971,1049 2921,1048 2884,1049"/>
          <TextEquiv>
            <Unicode>gelargeerde,</Unicode>
          </TextEquiv>
        </Word>
        <TextEquiv conf="0.8903379200679283">
          <Unicode>sijnde Bij ued„ sol ende vracht vrij gelargeerde,</Unicode>
        </TextEquiv>
        <TextStyle xHeight="43"/>
      </TextLine>
      <TextLine id="d0b2267c-eee2-4a03-8dfe-eed50aee0c62">
        <Coords points="1269,1086 2571,1086 2605,1073 2681,1073 2705,1090 2929,1081 2973,1089 3116,1089 3128,1101 3357,1101 3357,1184 2705,1182 2689,1171 2278,1175 2246,1206 1269,1197"/>
        <Baseline points="1310,1177 1360,1175 1410,1174 1460,1174 1510,1174 1560,1174 1610,1173 1660,1172 1710,1172 1760,1171 1810,1170 1860,1169 1910,1168 1960,1166 2010,1166 2060,1166 2110,1166 2160,1167 2210,1166 2260,1165 2310,1165 2360,1166 2410,1167 2460,1166 2510,1166 2560,1166 2610,1166 2660,1165 2710,1164 2760,1162 2810,1161 2860,1161 2910,1161 2960,1163 3010,1165 3060,1165 3110,1165 3160,1166 3210,1168 3260,1167 3310,1166 3317,1164"/>
        <Word id="word_1e692c27-e070-4e60-a1e4-db8d8683e69d">
          <Coords points="1309,1142 1359,1140 1409,1139 1460,1139 1510,1139 1543,1139 1543,1184 1510,1184 1460,1184 1410,1184 1360,1185 1310,1187"/>
          <TextEquiv>
            <Unicode>werdt</Unicode>
          </TextEquiv>
        </Word>
        <Word id="word_6b724b99-cf58-410d-b43c-6fe89f830eca">
          <Coords points="1588,1139 1608,1138 1659,1137 1710,1137 1729,1137 1730,1182 1710,1182 1660,1182 1611,1183 1591,1184"/>
          <TextEquiv>
            <Unicode>den</Unicode>
          </TextEquiv>
        </Word>
        <Word id="word_f759cbd9-587e-4a60-bd3e-41c765b2111e">
          <Coords points="1776,1136 1809,1135 1859,1134 1909,1133 1959,1131 2010,1131 2057,1131 2057,1176 2010,1176 1960,1176 1910,1178 1860,1179 1810,1180 1777,1181"/>
          <TextEquiv>
            <Unicode>selven</Unicode>
          </TextEquiv>
        </Word>
        <Word id="word_a6d411b3-725b-4dab-8599-5b18c685df13">
          <Coords points="2104,1131 2110,1131 2161,1132 2196,1131 2197,1176 2160,1177 2110,1176 2104,1176"/>
          <TextEquiv>
            <Unicode>op</Unicode>
          </TextEquiv>
        </Word>
        <Word id="word_eabcd6b3-981c-4eca-bd70-cb3527fea863">
          <Coords points="2243,1130 2259,1130 2310,1130 2361,1131 2411,1132 2430,1132 2431,1177 2410,1177 2360,1176 2310,1175 2260,1175 2244,1175"/>
          <TextEquiv>
            <Unicode>sijn</Unicode>
          </TextEquiv>
        </Word>
        <Word id="word_f8600926-bc1e-482e-96e8-451e0fd690f3">
          <Coords points="2477,1131 2510,1131 2560,1131 2610,1131 2659,1130 2709,1129 2759,1127 2809,1126 2860,1126 2910,1126 2961,1128 2992,1129 2990,1174 2960,1173 2910,1171 2860,1171 2810,1171 2760,1172 2710,1174 2660,1175 2610,1176 2560,1176 2510,1176 2477,1176"/>
          <TextEquiv>
            <Unicode>wederkomste</Unicode>
          </TextEquiv>
        </Word>
        <Word id="word_926ed52b-46fe-484a-a588-46e4d8550564">
          <Coords points="3035,1131 3058,1130 3110,1130 3161,1131 3211,1133 3259,1132 3307,1130 3309,1131 3320,1174 3310,1176 3260,1177 3210,1178 3160,1176 3110,1175 3060,1175 3038,1176"/>
          <TextEquiv>
            <Unicode>vanden</Unicode>
          </TextEquiv>
        </Word>
        <TextEquiv conf="0.9748676064621793">
          <Unicode>werdt den selven op sijn wederkomste vanden</Unicode>
        </TextEquiv>
        <TextStyle xHeight="39"/>
      </TextLine>
      <TextLine id="e5853c81-4ab5-40dc-94e7-ed033811ab72">
        <Coords points="1243,1195 2116,1208 2248,1204 2276,1176 3397,1171 3447,1221 3447,1305 3430,1305 3386,1340 1273,1339 1243,1348"/>
        <Baseline points="1284,1290 1334,1292 1384,1292 1434,1291 1484,1290 1534,1288 1584,1287 1634,1284 1684,1284 1734,1283 1784,1283 1834,1283 1884,1282 1934,1280 1984,1280 2034,1279 2084,1280 2134,1280 2184,1280 2234,1281 2284,1281 2334,1280 2384,1279 2434,1278 2484,1279 2534,1280 2584,1280 2634,1280 2684,1279 2734,1279 2784,1280 2834,1279 2884,1280 2934,1280 2984,1280 3034,1281 3084,1280 3134,1279 3184,1279 3234,1279 3284,1279 3334,1282 3384,1282 3407,1285"/>
        <Word id="word_69e5a0dc-b866-4af7-88a8-dea9debdd046">
          <Coords points="1285,1255 1335,1257 1384,1257 1433,1256 1460,1255 1461,1300 1434,1301 1384,1302 1334,1302 1284,1300"/>
          <TextEquiv>
            <Unicode>heer</Unicode>
          </TextEquiv>
        </Word>
        <Word id="word_37807a91-1c88-44b3-834f-f101112f208c">
          <Coords points="1503,1255 1532,1253 1583,1252 1632,1249 1682,1249 1682,1294 1635,1294 1584,1297 1535,1298 1506,1300"/>
          <TextEquiv>
            <Unicode>mier</Unicode>
          </TextEquiv>
        </Word>
        <Word id="word_95882e16-9a45-4395-8c54-2ba65d3fa793">
          <Coords points="1722,1249 1730,1248 1784,1248 1834,1248 1883,1247 1933,1245 1984,1245 1991,1245 1992,1290 1984,1290 1934,1290 1884,1292 1834,1293 1784,1293 1735,1293 1728,1294"/>
          <TextEquiv>
            <Unicode>sumela</Unicode>
          </TextEquiv>
        </Word>
        <Word id="word_57815e7c-83bf-4bb6-8c3b-61a8f0331411">
          <Coords points="2037,1244 2085,1245 2134,1245 2184,1245 2235,1246 2284,1246 2333,1245 2383,1244 2433,1243 2485,1244 2523,1245 2522,1290 2484,1289 2434,1288 2384,1289 2334,1290 2284,1291 2234,1291 2184,1290 2134,1290 2084,1290 2036,1289"/>
          <TextEquiv>
            <Unicode>uijttleger,</Unicode>
          </TextEquiv>
        </Word>
        <Word id="word_3f5d2c26-f824-443a-a7b6-dc953471597c">
          <Coords points="2565,1246 2583,1245 2634,1245 2683,1244 2699,1244 2699,1289 2684,1289 2634,1290 2584,1290 2567,1291"/>
          <TextEquiv>
            <Unicode>ter</Unicode>
          </TextEquiv>
        </Word>
        <Word id="word_1cd2fca2-e582-4fd6-adf2-f3709039ed75">
          <Coords points="2744,1244 2785,1245 2833,1244 2885,1245 2934,1245 2984,1245 3010,1246 3009,1290 2984,1290 2934,1290 2884,1290 2834,1289 2784,1290 2743,1289"/>
          <TextEquiv>
            <Unicode>handen</Unicode>
          </TextEquiv>
        </Word>
        <Word id="word_09259eb1-aab3-4b7d-b0b4-ec235b43ba48">
          <Coords points="3052,1246 3082,1245 3133,1244 3184,1244 3234,1244 3284,1244 3336,1247 3384,1247 3411,1250 3406,1295 3384,1292 3333,1292 3284,1289 3234,1289 3184,1289 3134,1289 3084,1290 3054,1291"/>
          <TextEquiv>
            <Unicode>gesteldt</Unicode>
          </TextEquiv>
        </Word>
        <TextEquiv conf="0.9476336035724294">
          <Unicode>heer mier sumela uijttleger, ter handen gesteldt</Unicode>
        </TextEquiv>
        <TextStyle xHeight="51"/>
      </TextLine>
      <TextLine id="line_3bd49a58-60ed-4262-a9c1-c5730a63b113">
        <Coords points="1271,1339 2416,1340 2700,1324 3146,1329 3311,1320 3385,1324 3415,1351 3456,1351 3456,1434 3411,1434 3400,1425 3175,1425 3127,1473 2296,1476 2284,1468 1271,1468"/>
        <Baseline points="1312,1414 1362,1413 1412,1412 1462,1414 1512,1413 1562,1415 1612,1415 1662,1415 1712,1414 1762,1414 1812,1412 1862,1411 1912,1411 1962,1412 2012,1411 2062,1412 2112,1413 2162,1413 2212,1414 2262,1414 2312,1412 2362,1411 2412,1411 2462,1412 2512,1413 2562,1413 2612,1413 2662,1412 2712,1412 2762,1413 2812,1413 2862,1413 2912,1414 2962,1414 3012,1415 3062,1416 3112,1414 3162,1414 3212,1414 3262,1413 3312,1414 3362,1414 3412,1415 3416,1414"/>
        <Word id="word_1d95909b-6060-45c2-94ef-af34a7280af0">
          <Coords points="1311,1379 1361,1378 1411,1377 1448,1378 1446,1423 1412,1422 1362,1423 1312,1424"/>
          <TextEquiv>
            <Unicode>met</Unicode>
          </TextEquiv>
        </Word>
        <Word id="word_b2d1ae50-ed2a-4ae0-922c-933cd12a4577">
          <Coords points="1487,1380 1508,1378 1563,1380 1612,1380 1662,1380 1711,1379 1762,1379 1811,1377 1861,1376 1912,1376 1963,1377 1983,1377 1984,1422 1962,1422 1912,1421 1862,1421 1812,1422 1762,1424 1712,1424 1662,1425 1612,1425 1562,1425 1513,1423 1492,1425"/>
          <TextEquiv>
            <Unicode>vertrouwen,</Unicode>
          </TextEquiv>
        </Word>
        <Word id="word_1c69c43d-5498-46c1-b3f8-8dc3cf93a66c">
          <Coords points="2029,1376 2063,1377 2113,1378 2162,1378 2163,1378 2162,1423 2162,1423 2112,1423 2062,1422 2028,1421"/>
          <TextEquiv>
            <Unicode>als</Unicode>
          </TextEquiv>
        </Word>
        <Word id="word_7bb7d0e9-b2a0-4a89-9b70-9793a5a70a7f">
          <Coords points="2208,1379 2213,1379 2262,1379 2311,1377 2361,1376 2412,1376 2463,1377 2476,1377 2476,1422 2462,1422 2412,1421 2362,1421 2312,1422 2262,1424 2212,1424 2207,1424"/>
          <TextEquiv>
            <Unicode>sijnde</Unicode>
          </TextEquiv>
        </Word>
        <Word id="word_a32be66b-d659-4721-b212-a083bb723784">
          <Coords points="2520,1378 2562,1378 2612,1378 2654,1377 2655,1422 2612,1423 2562,1423 2521,1423"/>
          <TextEquiv>
            <Unicode>een</Unicode>
          </TextEquiv>
        </Word>
        <Word id="word_0b919b07-5dcd-4460-9b36-1b760fcba84d">
          <Coords points="2702,1376 2714,1377 2763,1378 2812,1378 2862,1378 2913,1379 2923,1379 2923,1424 2912,1424 2862,1423 2812,1423 2762,1423 2711,1422 2699,1421"/>
          <TextEquiv>
            <Unicode>vande</Unicode>
          </TextEquiv>
        </Word>
        <Word id="word_41120a42-76c2-4c4e-a85e-5289b19330c4">
          <Coords points="2969,1379 3013,1380 3063,1381 3111,1379 3162,1379 3212,1379 3261,1378 3313,1379 3362,1379 3407,1380 3413,1380 3418,1424 3412,1425 3362,1424 3312,1424 3262,1423 3212,1424 3162,1424 3112,1424 3062,1426 3012,1425 2968,1424"/>
          <TextEquiv>
            <Unicode>discreetss</Unicode>
          </TextEquiv>
        </Word>
        <TextEquiv conf="0.9285624379628451">
          <Unicode>met vertrouwen, als sijnde een vande discreetss</Unicode>
        </TextEquiv>
        <TextStyle xHeight="44"/>
      </TextLine>
      <TextLine id="e23a1c04-a809-4d31-aca5-79d19fda86cc">
        <Coords points="1260,1468 2285,1468 2297,1477 2401,1477 3128,1473 3140,1461 3157,1460 3157,1543 2649,1543 2613,1562 1977,1562 1965,1570 1260,1565"/>
        <Baseline points="1301,1549 1351,1545 1401,1543 1451,1543 1501,1542 1551,1541 1601,1541 1651,1541 1701,1542 1751,1543 1801,1540 1851,1538 1901,1538 1951,1537 2001,1536 2051,1537 2101,1536 2151,1535 2201,1534 2251,1534 2301,1533 2351,1532 2401,1532 2451,1533 2501,1532 2551,1531 2601,1530 2651,1529 2701,1528 2751,1527 2801,1525 2851,1525 2901,1523 2951,1523 3001,1523 3051,1523 3101,1520 3117,1523"/>
        <Word id="word_c003b618-1344-4f45-b4d0-408c28dd5f05">
          <Coords points="1298,1514 1348,1510 1400,1508 1451,1508 1500,1507 1550,1506 1601,1506 1651,1506 1665,1506 1664,1551 1651,1551 1601,1551 1551,1551 1501,1552 1451,1553 1401,1553 1352,1555 1302,1559"/>
          <TextEquiv>
            <Unicode>mooren,</Unicode>
          </TextEquiv>
        </Word>
        <Word id="word_7046b0ac-f959-4471-aa07-eff6ff26ac56">
          <Coords points="1717,1507 1752,1508 1799,1505 1850,1503 1901,1503 1950,1502 1975,1502 1976,1547 1951,1547 1901,1548 1851,1548 1802,1550 1751,1553 1716,1552"/>
          <TextEquiv>
            <Unicode>sulcx</Unicode>
          </TextEquiv>
        </Word>
        <Word id="word_de5be577-ae40-4622-92d1-9d995a85dd14">
          <Coords points="2030,1501 2053,1502 2100,1501 2150,1500 2200,1499 2251,1499 2286,1498 2287,1543 2251,1544 2201,1544 2151,1545 2101,1546 2050,1547 2027,1545"/>
          <TextEquiv>
            <Unicode>niedt</Unicode>
          </TextEquiv>
        </Word>
        <Word id="word_56ca2fd3-9b68-4bad-beed-ec6381039de1">
          <Coords points="2338,1497 2350,1497 2401,1497 2452,1498 2500,1497 2550,1496 2600,1495 2650,1494 2700,1493 2750,1492 2800,1490 2851,1490 2900,1488 2951,1488 3001,1488 3051,1488 3099,1485 3123,1489 3115,1533 3102,1530 3051,1533 3001,1533 2951,1533 2901,1533 2851,1535 2801,1535 2751,1537 2701,1538 2651,1539 2601,1540 2551,1541 2501,1542 2451,1543 2401,1542 2351,1542 2339,1542"/>
          <TextEquiv>
            <Unicode>ongecompenseert</Unicode>
          </TextEquiv>
        </Word>
        <TextEquiv conf="0.9493462329780715">
          <Unicode>mooren, sulcx niedt ongecompenseert</Unicode>
        </TextEquiv>
        <TextStyle xHeight="33"/>
      </TextLine>
      <TextLine id="line_4bd7f1dc-b484-4369-b0d5-914bd5105c14">
        <Coords points="1255,1589 1849,1588 1849,1671 1772,1671 1753,1684 1747,1681 1696,1729 1687,1720 1255,1716"/>
        <Baseline points="1296,1677 1346,1672 1396,1671 1446,1669 1496,1664 1546,1661 1596,1660 1646,1656 1696,1656 1746,1656 1796,1652 1809,1651"/>
        <Word id="word_d1dd13f6-e577-4920-9ecf-904d37d4b6a2">
          <Coords points="1293,1642 1343,1637 1395,1636 1445,1634 1446,1634 1451,1679 1446,1679 1396,1681 1347,1682 1297,1687"/>
          <TextEquiv>
            <Unicode>sal</Unicode>
          </TextEquiv>
        </Word>
        <Word id="word_98ecf909-5736-4dbb-932b-ee482950bf74">
          <Coords points="1499,1629 1544,1626 1595,1625 1643,1621 1696,1621 1746,1621 1793,1617 1806,1616 1810,1661 1797,1662 1746,1666 1696,1666 1647,1666 1596,1670 1547,1671 1502,1673"/>
          <TextEquiv>
            <Unicode>laten,</Unicode>
          </TextEquiv>
        </Word>
        <TextEquiv conf="0.9073404652275511">
          <Unicode>sal laten,</Unicode>
        </TextEquiv>
        <TextStyle xHeight="43"/>
      </TextLine>
    </TextRegion>
    <TextRegion id="region_892bdfdf-426f-4330-b9b2-3becfc5f8bda_3" custom="structure {type:paragraph;}">
      <Coords points="1310,1842 1296,1870 1296,1912 1306,1957 1289,2048 1292,2163 1282,2233 1289,2292 1289,2480 1282,2525 1278,3054 1268,3089 1268,3180 1254,3215 1254,3267 1268,3295 1278,3302 1324,3316 1372,3316 1669,3288 1714,3270 1728,3256 1735,3239 1735,3204 1745,3190 1773,3176 1815,3169 1982,3176 2261,3176 2337,3162 2452,3155 2898,3155 3083,3138 3313,3131 3334,3124 3355,3107 3365,3072 3372,3002 3382,2974 3386,2901 3382,2814 3375,2779 3375,2689 3368,2644 3368,2546 3358,2473 3358,2414 3351,2389 3348,2271 3337,2205 3344,2031 3358,1940 3358,1853 3348,1832 3327,1815 3309,1808 3132,1808 3104,1815 3044,1818 2971,1811 2707,1804 2431,1811 2240,1790 1975,1790 1794,1811 1561,1804 1421,1825 1345,1818 1331,1822"/>
      <TextLine id="e8f4337a-260b-4273-b7ec-0b1af1adb4a1">
        <Coords points="993,1715 1689,1718 1791,1810 1879,1810 1951,1790 2007,1754 2047,1715 2826,1718 2862,1753 2894,1753 2902,1761 3038,1761 3070,1790 3295,1786 3295,1868 3222,1868 3198,1886 3166,1886 3154,1894 2926,1894 2830,1902 2782,1922 2702,1930 2542,1934 2526,1921 2270,1921 2254,1913 2055,1918 2030,1901 1963,1897 1939,1918 1347,1922 1335,1934 1099,1934 1087,1946 993,1941"/>
        <Baseline points="1034,1902 1084,1900 1134,1896 1184,1893 1234,1890 1284,1887 1334,1886 1384,1881 1434,1881 1484,1880 1534,1879 1584,1878 1634,1878 1684,1876 1734,1877 1784,1877 1834,1877 1884,1875 1934,1872 1984,1868 2034,1866 2084,1864 2134,1863 2184,1863 2234,1862 2284,1861 2334,1862 2384,1862 2434,1861 2484,1860 2534,1859 2584,1858 2634,1857 2684,1857 2734,1856 2784,1854 2834,1854 2884,1854 2934,1854 2984,1853 3034,1852 3084,1851 3134,1850 3184,1850 3234,1850 3255,1848"/>
        <Word id="word_3f22b8aa-562e-498f-a237-87bc6d3c3e46">
          <Coords points="1033,1867 1083,1865 1131,1861 1143,1860 1146,1905 1135,1906 1084,1910 1034,1912"/>
          <TextEquiv>
            <Unicode>Op</Unicode>
          </TextEquiv>
        </Word>
        <Word id="word_416e199d-7be3-4cc4-b772-b478c3f75a9f">
          <Coords points="1198,1857 1232,1855 1282,1852 1311,1851 1312,1896 1285,1897 1235,1900 1201,1902"/>
          <TextEquiv>
            <Unicode>de</Unicode>
          </TextEquiv>
        </Word>
        <Word id="word_658b044d-ed8b-4fc1-9cdf-5839018100de">
          <Coords points="1358,1851 1375,1847 1434,1846 1483,1845 1533,1844 1583,1843 1634,1843 1683,1841 1700,1841 1699,1886 1684,1886 1634,1888 1584,1888 1534,1889 1484,1890 1434,1891 1386,1891 1369,1895"/>
          <TextEquiv>
            <Unicode>saecke</Unicode>
          </TextEquiv>
        </Word>
        <Word id="word_9e5c8c20-a72e-4a48-9b0e-e633b811d78b">
          <Coords points="1755,1842 1783,1842 1834,1842 1865,1841 1867,1886 1834,1887 1784,1887 1755,1887"/>
          <TextEquiv>
            <Unicode>in</Unicode>
          </TextEquiv>
        </Word>
        <Word id="word_af2330dc-58d0-450a-8a13-7c7ee5190476">
          <Coords points="1918,1839 1930,1837 1981,1833 2033,1831 2083,1829 2133,1828 2184,1828 2233,1827 2283,1826 2335,1827 2384,1827 2433,1826 2483,1825 2532,1824 2533,1869 2484,1870 2434,1871 2384,1872 2334,1872 2284,1871 2234,1872 2184,1873 2134,1873 2084,1874 2034,1876 1985,1878 1935,1882 1923,1883"/>
          <TextEquiv>
            <Unicode>differensie</Unicode>
          </TextEquiv>
        </Word>
        <Word id="word_325b8ecf-f4fa-4641-be95-db022b8976f9">
          <Coords points="2587,1823 2633,1822 2684,1822 2733,1821 2783,1819 2834,1819 2884,1819 2934,1819 2983,1818 3032,1817 3033,1862 2984,1863 2934,1864 2884,1864 2834,1864 2784,1864 2734,1866 2684,1867 2634,1867 2588,1868"/>
          <TextEquiv>
            <Unicode>tusschen</Unicode>
          </TextEquiv>
        </Word>
        <Word id="word_4ac9e6d6-105c-4003-90ed-9b092c0998a8">
          <Coords points="3087,1816 3133,1815 3184,1815 3234,1815 3251,1813 3256,1858 3234,1860 3184,1860 3134,1860 3088,1861"/>
          <TextEquiv>
            <Unicode>den</Unicode>
          </TextEquiv>
        </Word>
        <TextEquiv conf="0.93866058417513">
          <Unicode>Op de saecke in differensie tusschen den</Unicode>
        </TextEquiv>
        <TextStyle xHeight="57"/>
      </TextLine>
      <TextLine id="line_6e9b56a4-c391-4dfe-a57f-21a684468b58">
        <Coords points="1264,1933 1338,1933 1350,1924 1634,1924 1650,1933 1869,1929 1877,1921 1941,1917 1965,1896 2029,1900 2043,1913 2165,1908 2269,1917 2569,1916 2613,1924 2705,1925 2765,1925 2856,1888 3276,1888 3292,1902 3333,1907 3333,1991 3004,1996 2988,2012 2916,2012 2880,2003 2617,2003 2553,2032 2469,2055 2389,2055 2378,2047 2353,2047 2341,2035 1264,2036"/>
        <Baseline points="1305,2006 1355,2004 1405,2004 1455,2005 1505,2004 1555,2003 1605,2002 1655,2001 1705,2001 1755,1999 1805,1997 1855,1995 1905,1994 1955,1994 2005,1991 2055,1990 2105,1990 2155,1988 2205,1986 2255,1985 2305,1984 2355,1985 2405,1985 2455,1985 2505,1984 2555,1982 2605,1980 2655,1979 2705,1977 2755,1976 2805,1975 2855,1974 2905,1974 2955,1973 3005,1972 3055,1970 3105,1969 3155,1967 3205,1967 3255,1970 3293,1971"/>
        <Word id="word_cc4e3f9a-8c98-4a67-b132-9f9382bcd91b">
          <Coords points="1304,1971 1354,1969 1405,1969 1456,1970 1504,1969 1554,1968 1604,1967 1654,1966 1705,1966 1754,1964 1804,1962 1854,1960 1904,1959 1920,1959 1920,2004 1905,2004 1855,2005 1805,2007 1755,2009 1705,2011 1655,2011 1605,2012 1555,2013 1505,2014 1455,2015 1405,2014 1355,2014 1305,2016"/>
          <TextEquiv>
            <Unicode>eerwaerdighen</Unicode>
          </TextEquiv>
        </Word>
        <Word id="word_c253fc77-0534-48d5-b5c8-58ca4aebff0d">
          <Coords points="1965,1959 2002,1956 2054,1955 2105,1955 2154,1953 2204,1951 2254,1950 2304,1949 2356,1950 2405,1950 2441,1950 2441,1995 2405,1995 2355,1995 2305,1994 2255,1995 2205,1996 2155,1998 2105,2000 2055,2000 2006,2001 1969,2004"/>
          <TextEquiv>
            <Unicode>predicandt</Unicode>
          </TextEquiv>
        </Word>
        <Word id="word_c11ce0ad-3363-4712-8205-70b69ad7e3eb">
          <Coords points="2486,1950 2503,1949 2554,1947 2604,1945 2654,1944 2704,1942 2754,1941 2804,1940 2819,1940 2820,1985 2805,1985 2755,1986 2705,1987 2655,1989 2605,1990 2555,1992 2506,1994 2489,1995"/>
          <TextEquiv>
            <Unicode>abraham</Unicode>
          </TextEquiv>
        </Word>
        <Word id="word_31b8eb2a-d084-49f7-93f7-d2687c00ae6f">
          <Coords points="2867,1939 2905,1939 2954,1938 3004,1937 3054,1935 3104,1934 3154,1932 3205,1932 3257,1935 3294,1936 3293,1981 3254,1980 3205,1977 3155,1977 3105,1979 3055,1980 3005,1982 2955,1983 2905,1984 2867,1984"/>
          <TextEquiv>
            <Unicode>Rogerius,</Unicode>
          </TextEquiv>
        </Word>
        <TextEquiv conf="0.9695037206195294">
          <Unicode>eerwaerdighen predicandt abraham Rogerius,</Unicode>
        </TextEquiv>
        <TextStyle xHeight="40"/>
      </TextLine>
      <TextLine id="line_107afa51-6bd3-4ed3-94f9-9eeee00c21e0">
        <Coords points="1258,2022 1708,2027 1781,2011 1808,2022 1936,2022 1956,2034 2340,2038 2388,2055 2492,2051 2616,2003 2880,2003 2908,2007 2920,2018 3000,2023 3377,2023 3377,2106 3144,2106 3096,2144 3056,2152 2564,2151 2545,2139 2384,2139 2332,2148 1860,2143 1840,2152 1784,2151 1768,2139 1258,2139"/>
        <Baseline points="1299,2123 1349,2121 1399,2122 1449,2122 1499,2120 1549,2119 1599,2119 1649,2118 1699,2118 1749,2117 1799,2115 1849,2115 1899,2113 1949,2113 1999,2111 2049,2111 2099,2110 2149,2109 2199,2110 2249,2109 2299,2106 2349,2105 2399,2104 2449,2104 2499,2105 2549,2105 2599,2104 2649,2105 2699,2104 2749,2103 2799,2102 2849,2100 2899,2098 2949,2098 2999,2097 3049,2095 3099,2093 3149,2092 3199,2091 3249,2088 3299,2088 3337,2086"/>
        <Word id="word_e0207e32-5def-4c9b-858b-fd22ccf394d5">
          <Coords points="1298,2088 1348,2086 1400,2087 1449,2087 1487,2085 1489,2130 1449,2132 1399,2132 1349,2131 1299,2133"/>
          <TextEquiv>
            <Unicode>ende</Unicode>
          </TextEquiv>
        </Word>
        <Word id="word_d1135e4f-bdf2-4267-ad18-2fae108dc157">
          <Coords points="1537,2084 1550,2084 1599,2084 1648,2083 1699,2083 1748,2082 1798,2080 1849,2080 1898,2078 1915,2078 1915,2123 1899,2123 1849,2125 1799,2125 1749,2127 1699,2128 1649,2128 1599,2129 1549,2129 1536,2129"/>
          <TextEquiv>
            <Unicode>domingos</Unicode>
          </TextEquiv>
        </Word>
        <Word id="word_390ee86e-cfc8-49ad-82d9-567ff84816a3">
          <Coords points="1961,2078 1997,2076 2049,2076 2098,2075 2148,2074 2200,2075 2246,2074 2247,2119 2199,2120 2149,2119 2099,2120 2049,2121 2000,2121 1963,2123"/>
          <TextEquiv>
            <Unicode>Robere</Unicode>
          </TextEquiv>
        </Word>
        <Word id="word_0a6853fe-eff5-4096-a04d-9fc04583cbe2">
          <Coords points="2280,2076 2285,2074 2348,2070 2398,2069 2436,2069 2436,2114 2399,2114 2349,2115 2303,2115 2298,2117"/>
          <TextEquiv>
            <Unicode>ons</Unicode>
          </TextEquiv>
        </Word>
        <Word id="word_01bd326e-dd30-46fc-a80a-6a480d36c582">
          <Coords points="2486,2069 2501,2070 2549,2070 2598,2069 2650,2070 2698,2069 2748,2068 2767,2068 2768,2113 2749,2113 2699,2114 2649,2115 2599,2114 2549,2115 2498,2115 2483,2114"/>
          <TextEquiv>
            <Unicode>alhier</Unicode>
          </TextEquiv>
        </Word>
        <Word id="word_81bf0d32-c244-4d2d-af19-a8b73bae7bfd">
          <Coords points="2814,2067 2847,2065 2898,2063 2949,2063 2957,2063 2958,2108 2949,2108 2899,2108 2849,2110 2816,2112"/>
          <TextEquiv>
            <Unicode>ten</Unicode>
          </TextEquiv>
        </Word>
        <Word id="word_48569a5f-ba81-4eec-9354-79b93d1840ba">
          <Coords points="3003,2062 3048,2060 3098,2058 3148,2057 3198,2056 3247,2053 3299,2053 3335,2051 3337,2096 3299,2098 3250,2098 3199,2101 3149,2102 3099,2103 3049,2105 3005,2107"/>
          <TextEquiv>
            <Unicode>Rechten</Unicode>
          </TextEquiv>
        </Word>
        <TextEquiv conf="0.9674178622598906">
          <Unicode>ende domingos Robere ons alhier ten Rechten</Unicode>
        </TextEquiv>
        <TextStyle xHeight="41"/>
      </TextLine>
      <TextLine id="line_5b984db3-f210-472d-b51f-2a8038ec4a64">
        <Coords points="1238,2140 1767,2139 1783,2151 1839,2152 1859,2143 2335,2148 2383,2139 2547,2139 2571,2159 2675,2159 2683,2167 2747,2168 2975,2164 2982,2157 3347,2157 3347,2240 3118,2239 3082,2251 3010,2259 2043,2259 2007,2291 1238,2291"/>
        <Baseline points="1279,2249 1329,2247 1379,2244 1429,2242 1479,2240 1529,2240 1579,2240 1629,2239 1679,2239 1729,2239 1779,2239 1829,2239 1879,2238 1929,2238 1979,2238 2029,2238 2079,2237 2129,2237 2179,2234 2229,2231 2279,2230 2329,2230 2379,2228 2429,2228 2479,2228 2529,2226 2579,2225 2629,2224 2679,2223 2729,2223 2779,2224 2829,2223 2879,2223 2929,2223 2979,2223 3029,2223 3079,2222 3129,2221 3179,2220 3229,2219 3279,2218 3307,2220"/>
        <Word id="word_92e7abd7-4210-4df1-b898-14297fb79272">
          <Coords points="1278,2214 1328,2212 1377,2209 1428,2207 1478,2205 1529,2205 1579,2205 1628,2204 1679,2204 1729,2204 1779,2204 1829,2204 1878,2203 1922,2203 1922,2248 1879,2248 1829,2249 1779,2249 1729,2249 1679,2249 1629,2249 1579,2250 1529,2250 1479,2250 1429,2252 1380,2254 1329,2257 1279,2259"/>
          <TextEquiv>
            <Unicode>g'jnformeerde</Unicode>
          </TextEquiv>
        </Word>
        <Word id="word_3b123600-87ee-41d8-88ad-32443e6ceff5">
          <Coords points="1971,2203 1979,2203 2029,2203 2078,2202 2129,2202 2177,2199 2227,2196 2278,2195 2329,2195 2378,2193 2417,2193 2417,2238 2379,2238 2329,2240 2279,2240 2230,2241 2180,2244 2129,2247 2079,2247 2029,2248 1979,2248 1971,2248"/>
          <TextEquiv>
            <Unicode>hebbende,</Unicode>
          </TextEquiv>
        </Word>
        <Word id="word_3ada5776-ca90-4427-9aa9-ab81e6463bcc">
          <Coords points="2466,2193 2479,2193 2528,2191 2578,2190 2628,2189 2678,2188 2729,2188 2780,2189 2828,2188 2862,2188 2862,2233 2829,2233 2779,2234 2729,2233 2679,2233 2629,2234 2579,2235 2529,2236 2479,2238 2466,2238"/>
          <TextEquiv>
            <Unicode>bevinden</Unicode>
          </TextEquiv>
        </Word>
        <Word id="word_e2cad4d7-aefc-4d24-9341-3018e5ed9306">
          <Coords points="2911,2188 2929,2188 2979,2188 3029,2188 3078,2187 3108,2186 3109,2231 3079,2232 3029,2233 2979,2233 2929,2233 2911,2233"/>
          <TextEquiv>
            <Unicode>voor</Unicode>
          </TextEquiv>
        </Word>
        <Word id="word_370dbc77-851a-433b-b535-c989e55c87f8">
          <Coords points="3158,2185 3178,2185 3228,2184 3278,2183 3309,2185 3306,2230 3279,2228 3229,2229 3179,2230 3159,2230"/>
          <TextEquiv>
            <Unicode>hem</Unicode>
          </TextEquiv>
        </Word>
        <TextEquiv conf="0.9446866711291293">
          <Unicode>g'jnformeerde hebbende, bevinden voor hem</Unicode>
        </TextEquiv>
        <TextStyle xHeight="42"/>
      </TextLine>
      <TextLine id="line_1eb869eb-0422-431f-ab4b-c64ac9026e30">
        <Coords points="1258,2292 2007,2288 2043,2260 2223,2259 2542,2259 2562,2275 3018,2276 3026,2268 3065,2263 3289,2263 3385,2267 3402,2283 3402,2367 3384,2348 3369,2348 3360,2357 3205,2361 2027,2369 2003,2392 1300,2392 1258,2400"/>
        <Baseline points="1299,2375 1349,2374 1399,2372 1449,2370 1499,2368 1549,2366 1599,2366 1649,2366 1699,2365 1749,2365 1799,2365 1849,2365 1899,2364 1949,2363 1999,2361 2049,2358 2099,2358 2149,2358 2199,2358 2249,2357 2299,2356 2349,2355 2399,2354 2449,2354 2499,2354 2549,2356 2599,2357 2649,2358 2699,2357 2749,2357 2799,2356 2849,2355 2899,2354 2949,2353 2999,2352 3049,2352 3099,2352 3149,2351 3199,2351 3249,2348 3299,2348 3349,2348 3362,2347"/>
        <Word id="word_ffb06214-2133-47bd-b2f7-6b8930d7cbd5">
          <Coords points="1298,2340 1348,2339 1398,2337 1448,2335 1498,2333 1548,2331 1599,2331 1649,2331 1698,2330 1722,2330 1722,2375 1699,2375 1649,2376 1599,2376 1549,2376 1499,2378 1449,2380 1399,2382 1349,2384 1299,2385"/>
          <TextEquiv>
            <Unicode>domingos</Unicode>
          </TextEquiv>
        </Word>
        <Word id="word_3d638e82-9272-4171-be4b-90a19068397c">
          <Coords points="1775,2330 1799,2330 1849,2330 1898,2329 1948,2328 1998,2326 2047,2323 2099,2323 2145,2323 2145,2368 2099,2368 2050,2368 1999,2371 1949,2373 1899,2374 1849,2375 1799,2375 1775,2375"/>
          <TextEquiv>
            <Unicode>geenige</Unicode>
          </TextEquiv>
        </Word>
        <Word id="word_1dc64c88-0823-4c5f-92a5-0c969dbd8876">
          <Coords points="2198,2323 2199,2323 2248,2322 2298,2321 2348,2320 2398,2319 2449,2319 2499,2319 2550,2321 2569,2321 2568,2366 2549,2366 2499,2364 2449,2364 2399,2364 2349,2365 2299,2366 2249,2367 2199,2368 2198,2368"/>
          <TextEquiv>
            <Unicode>tminste</Unicode>
          </TextEquiv>
        </Word>
        <Word id="word_3afb6eb0-aa27-4873-ace2-4549bfd880c8">
          <Coords points="2622,2322 2650,2323 2698,2322 2749,2322 2798,2321 2848,2320 2898,2319 2948,2318 2998,2317 3049,2317 3099,2317 3148,2316 3150,2316 3150,2361 3149,2361 3099,2362 3049,2362 2999,2362 2949,2363 2899,2364 2849,2365 2799,2366 2749,2367 2699,2367 2649,2368 2621,2367"/>
          <TextEquiv>
            <Unicode>fondamendt</Unicode>
          </TextEquiv>
        </Word>
        <Word id="word_f156d224-9908-434f-95a9-7a44c35b8b41">
          <Coords points="3201,2316 3247,2313 3299,2313 3349,2313 3359,2312 3363,2357 3349,2358 3299,2358 3250,2358 3204,2361"/>
          <TextEquiv>
            <Unicode>van</Unicode>
          </TextEquiv>
        </Word>
        <TextEquiv conf="0.91728864921966">
          <Unicode>domingos geenige tminste fondamendt van</Unicode>
        </TextEquiv>
        <TextStyle xHeight="36"/>
      </TextLine>
      <TextLine id="line_8ff5bccb-a310-4539-a26d-fbaced41e192">
        <Coords points="1251,2400 1965,2396 2005,2392 2029,2369 3212,2360 3360,2360 3401,2396 3401,2479 3381,2472 3100,2477 3060,2512 2712,2516 2672,2528 1953,2528 1933,2515 1251,2519"/>
        <Baseline points="1292,2499 1342,2497 1392,2495 1442,2496 1492,2495 1542,2493 1592,2492 1642,2493 1692,2492 1742,2491 1792,2491 1842,2492 1892,2492 1942,2492 1992,2491 2042,2489 2092,2489 2142,2488 2192,2489 2242,2488 2292,2487 2342,2486 2392,2484 2442,2483 2492,2481 2542,2480 2592,2479 2642,2478 2692,2476 2742,2475 2792,2475 2842,2473 2892,2472 2942,2470 2992,2469 3042,2468 3092,2466 3142,2464 3192,2462 3242,2461 3292,2460 3342,2460 3361,2459"/>
        <Word id="word_41102b8e-d5e6-4932-9e8e-bba183a66861">
          <Coords points="1291,2464 1341,2462 1391,2460 1443,2461 1491,2460 1541,2458 1561,2458 1562,2503 1542,2503 1492,2505 1442,2506 1392,2505 1342,2507 1292,2509"/>
          <TextEquiv>
            <Unicode>eenige</Unicode>
          </TextEquiv>
        </Word>
        <Word id="word_c970c23c-4e5b-4902-a3c5-447d26c570b5">
          <Coords points="1608,2457 1643,2458 1691,2457 1741,2456 1792,2456 1843,2457 1877,2457 1877,2502 1842,2502 1792,2501 1742,2501 1692,2502 1642,2503 1606,2502"/>
          <TextEquiv>
            <Unicode>actien</Unicode>
          </TextEquiv>
        </Word>
        <Word id="word_a5ea1c67-9592-490b-aa7a-55ac2e16e7b0">
          <Coords points="1922,2457 1942,2457 1991,2456 2041,2454 2057,2454 2057,2499 2042,2499 1992,2501 1942,2502 1922,2502"/>
          <TextEquiv>
            <Unicode>tot</Unicode>
          </TextEquiv>
        </Word>
        <Word id="word_76438d35-b960-4d5b-9c9f-1de9bb899811">
          <Coords points="2101,2454 2141,2453 2193,2454 2241,2453 2291,2452 2326,2451 2327,2496 2292,2497 2242,2498 2192,2499 2142,2498 2102,2499"/>
          <TextEquiv>
            <Unicode>laste</Unicode>
          </TextEquiv>
        </Word>
        <Word id="word_b25879af-4468-4bba-8464-5482e1be3711">
          <Coords points="2369,2450 2390,2449 2441,2448 2491,2446 2506,2446 2507,2491 2492,2491 2442,2493 2393,2494 2372,2495"/>
          <TextEquiv>
            <Unicode>van</Unicode>
          </TextEquiv>
        </Word>
        <Word id="word_e065dfe9-c76a-4555-8bf8-7f708108c4d1">
          <Coords points="2551,2445 2591,2444 2641,2443 2691,2441 2741,2440 2792,2440 2841,2438 2891,2437 2941,2435 2956,2435 2956,2480 2942,2480 2892,2482 2842,2483 2792,2485 2742,2485 2692,2486 2642,2488 2592,2489 2552,2490"/>
          <TextEquiv>
            <Unicode>gedachten</Unicode>
          </TextEquiv>
        </Word>
        <Word id="word_3f58919a-c2de-42dc-b2be-6000ae963fc9">
          <Coords points="3000,2434 3041,2433 3091,2431 3141,2429 3191,2427 3241,2426 3291,2425 3342,2425 3359,2424 3361,2469 3342,2470 3292,2470 3242,2471 3192,2472 3142,2474 3092,2476 3042,2478 3001,2479"/>
          <TextEquiv>
            <Unicode>rogerius</Unicode>
          </TextEquiv>
        </Word>
        <TextEquiv conf="0.9730382813322561">
          <Unicode>eenige actien tot laste van gedachten rogerius</Unicode>
        </TextEquiv>
        <TextStyle xHeight="46"/>
      </TextLine>
      <TextLine id="line_0a3380ba-8444-407c-8a6f-68e0f9b33ff0">
        <Coords points="1248,2531 1262,2523 1478,2523 1498,2514 1929,2514 1957,2531 2673,2527 2713,2515 3383,2507 3392,2499 3424,2526 3445,2523 3445,2606 3408,2606 3385,2627 2865,2631 2845,2651 2729,2663 2585,2662 2565,2642 2209,2642 2197,2630 2069,2630 2050,2619 1738,2620 1718,2639 1566,2639 1534,2667 1248,2662"/>
        <Baseline points="1289,2626 1339,2621 1389,2618 1439,2615 1489,2614 1539,2613 1589,2612 1639,2612 1689,2611 1739,2611 1789,2610 1839,2608 1889,2609 1939,2609 1989,2608 2039,2608 2089,2608 2139,2609 2189,2608 2239,2608 2289,2608 2339,2606 2389,2606 2439,2606 2489,2605 2539,2604 2589,2605 2639,2605 2689,2605 2739,2604 2789,2605 2839,2605 2889,2602 2939,2601 2989,2602 3039,2599 3089,2597 3139,2595 3189,2593 3239,2592 3289,2592 3339,2591 3389,2588 3405,2586"/>
        <Word id="word_5df18110-b39d-4811-9924-412e640ed9ef">
          <Coords points="1286,2591 1336,2586 1379,2584 1381,2628 1340,2631 1290,2636"/>
          <TextEquiv>
            <Unicode>te</Unicode>
          </TextEquiv>
        </Word>
        <Word id="word_5133efb0-93b4-4738-9078-74c708205277">
          <Coords points="1425,2581 1437,2580 1488,2579 1538,2578 1588,2577 1639,2577 1656,2577 1657,2622 1639,2622 1589,2622 1539,2623 1489,2624 1440,2625 1427,2626"/>
          <TextEquiv>
            <Unicode>mogen</Unicode>
          </TextEquiv>
        </Word>
        <Word id="word_2cf27c1e-af3d-4f30-951e-ea1ab69af886">
          <Coords points="1703,2576 1739,2576 1788,2575 1838,2573 1890,2574 1939,2574 1988,2573 2039,2573 2089,2573 2140,2574 2188,2573 2209,2573 2209,2618 2189,2618 2139,2619 2089,2618 2039,2618 1989,2618 1939,2619 1889,2619 1839,2618 1789,2620 1739,2621 1703,2621"/>
          <TextEquiv>
            <Unicode>sustineren,</Unicode>
          </TextEquiv>
        </Word>
        <Word id="word_7efd85b1-4066-4bf8-b930-fbe918c6834c">
          <Coords points="2255,2573 2289,2573 2338,2571 2389,2571 2438,2571 2439,2571 2439,2616 2439,2616 2389,2616 2339,2616 2289,2618 2255,2618"/>
          <TextEquiv>
            <Unicode>veel</Unicode>
          </TextEquiv>
        </Word>
        <Word id="word_ea0a18f5-1d62-4821-87bc-543f7c1a825a">
          <Coords points="2484,2570 2488,2570 2538,2569 2590,2570 2623,2570 2623,2615 2589,2615 2539,2614 2489,2615 2485,2615"/>
          <TextEquiv>
            <Unicode>min</Unicode>
          </TextEquiv>
        </Word>
        <Word id="word_2705a7a0-b28e-4e9d-8376-e16896e77bdd">
          <Coords points="2669,2570 2689,2570 2738,2569 2790,2570 2839,2570 2887,2567 2938,2566 2946,2566 2945,2611 2939,2611 2890,2612 2839,2615 2789,2615 2739,2614 2689,2615 2669,2615"/>
          <TextEquiv>
            <Unicode>eenige</Unicode>
          </TextEquiv>
        </Word>
        <Word id="word_0c4ee382-039e-4480-af35-0c28cc0b029b">
          <Coords points="2989,2567 3037,2564 3088,2562 3138,2560 3188,2558 3238,2557 3289,2557 3338,2556 3387,2553 3401,2551 3406,2596 3390,2598 3339,2601 3289,2602 3239,2602 3189,2603 3139,2605 3089,2607 3040,2609 2992,2612"/>
          <TextEquiv>
            <Unicode>penningen</Unicode>
          </TextEquiv>
        </Word>
        <TextEquiv conf="0.9594638286717971">
          <Unicode>te mogen sustineren, veel min eenige penningen</Unicode>
        </TextEquiv>
        <TextStyle xHeight="41"/>
      </TextLine>
      <TextLine id="e3cbd391-c5bf-4de2-aa39-4176d9666999">
        <Coords points="1243,2681 1389,2681 1405,2669 1529,2669 1553,2653 1741,2652 1793,2684 2093,2684 2105,2692 2157,2693 2201,2652 2473,2656 2525,2669 2738,2664 2845,2653 2869,2629 3384,2628 3401,2644 3442,2645 3442,2728 3384,2724 3377,2731 3241,2733 3181,2784 3085,2784 3065,2771 2365,2763 2329,2776 2061,2784 1865,2783 1857,2775 1513,2767 1489,2776 1243,2788"/>
        <Baseline points="1284,2752 1334,2754 1384,2752 1434,2750 1484,2749 1534,2749 1584,2747 1634,2747 1684,2744 1734,2744 1784,2743 1834,2742 1884,2741 1934,2740 1984,2739 2034,2740 2084,2740 2134,2738 2184,2737 2234,2735 2284,2734 2334,2733 2384,2733 2434,2732 2484,2732 2534,2731 2584,2732 2634,2731 2684,2730 2734,2728 2784,2726 2834,2725 2884,2722 2934,2720 2984,2719 3034,2718 3084,2717 3134,2717 3184,2716 3234,2713 3284,2710 3334,2709 3384,2707 3402,2708"/>
        <Word id="word_4999d9d4-83a1-41f1-b8e7-ca894f7b2c48">
          <Coords points="1285,2717 1335,2719 1383,2717 1412,2716 1414,2761 1384,2762 1334,2764 1284,2762"/>
          <TextEquiv>
            <Unicode>van</Unicode>
          </TextEquiv>
        </Word>
        <Word id="word_d2ef4797-4010-418f-b9d9-86831d1b6859">
          <Coords points="1457,2714 1484,2714 1534,2714 1583,2712 1630,2712 1630,2757 1584,2757 1534,2759 1484,2759 1457,2759"/>
          <TextEquiv>
            <Unicode>hier</Unicode>
          </TextEquiv>
        </Word>
        <Word id="word_362486ed-e9fc-4a19-b886-31dd8793dccc">
          <Coords points="1664,2713 1675,2710 1734,2709 1783,2708 1833,2707 1883,2706 1933,2705 1983,2704 2035,2705 2062,2705 2062,2750 2034,2750 1984,2749 1934,2750 1884,2751 1834,2752 1784,2753 1734,2754 1687,2754 1676,2757"/>
          <TextEquiv>
            <Unicode>vorderen,</Unicode>
          </TextEquiv>
        </Word>
        <Word id="word_ea788880-63b5-40d8-960e-aefc34d99716">
          <Coords points="2103,2705 2132,2703 2183,2702 2233,2700 2283,2699 2320,2698 2321,2743 2284,2744 2234,2745 2184,2747 2135,2748 2106,2750"/>
          <TextEquiv>
            <Unicode>sulcx</Unicode>
          </TextEquiv>
        </Word>
        <Word id="word_e1edacfc-fb43-475d-ae99-faa0c9b212eb">
          <Coords points="2365,2697 2385,2698 2433,2697 2484,2697 2533,2696 2538,2696 2537,2741 2534,2741 2484,2742 2434,2742 2384,2743 2364,2742"/>
          <TextEquiv>
            <Unicode>ued:</Unicode>
          </TextEquiv>
        </Word>
        <Word id="word_aa3ba034-489d-4180-b629-c568d07c035f">
          <Coords points="2581,2697 2585,2697 2633,2696 2683,2695 2709,2694 2711,2739 2684,2740 2634,2741 2584,2742 2580,2742"/>
          <TextEquiv>
            <Unicode>Bij</Unicode>
          </TextEquiv>
        </Word>
        <Word id="word_87967f81-e137-4d98-a2f0-256b629d69bc">
          <Coords points="2752,2692 2783,2691 2833,2690 2838,2690 2840,2735 2834,2735 2784,2736 2754,2737"/>
          <TextEquiv>
            <Unicode>de</Unicode>
          </TextEquiv>
        </Word>
        <Word id="word_71c73087-cf24-4fed-b125-69a9a81cf765">
          <Coords points="2881,2687 2882,2687 2933,2685 2983,2684 3033,2683 3083,2682 3134,2682 3142,2682 3143,2727 3134,2727 3084,2727 3034,2728 2984,2729 2934,2730 2885,2732 2884,2732"/>
          <TextEquiv>
            <Unicode>nevens</Unicode>
          </TextEquiv>
        </Word>
        <Word id="word_6dd2ad6d-46d4-44b7-816a-bc249758073b">
          <Coords points="3184,2681 3232,2678 3282,2675 3333,2674 3383,2672 3404,2673 3401,2718 3384,2717 3334,2719 3285,2720 3235,2723 3186,2726"/>
          <TextEquiv>
            <Unicode>gaend</Unicode>
          </TextEquiv>
        </Word>
        <TextEquiv conf="0.9008901964186975">
          <Unicode>van hier vorderen, sulcx ued: Bij de nevens gaend</Unicode>
        </TextEquiv>
        <TextStyle xHeight="41"/>
      </TextLine>
      <TextLine id="ee7f3b08-b000-462c-9e19-9f0d5c0cfb48">
        <Coords points="1215,2772 1393,2768 1401,2776 1485,2777 1513,2768 1613,2768 1857,2776 1865,2784 2061,2785 2089,2777 2341,2773 2365,2764 2769,2764 3061,2768 3081,2781 3189,2781 3217,2754 3317,2749 3379,2759 3384,2754 3421,2785 3474,2785 3474,2869 3382,2940 3261,2940 3217,2896 2989,2897 2938,2874 2845,2874 2713,2882 2173,2882 1597,2897 1541,2953 1215,2960"/>
        <Baseline points="1256,2904 1306,2900 1356,2899 1406,2894 1456,2891 1506,2891 1556,2888 1606,2886 1656,2885 1706,2885 1756,2885 1806,2885 1856,2883 1906,2881 1956,2880 2006,2880 2056,2878 2106,2878 2156,2876 2206,2874 2256,2873 2306,2873 2356,2873 2406,2873 2456,2874 2506,2874 2556,2873 2606,2873 2656,2873 2706,2872 2756,2869 2806,2869 2856,2867 2906,2867 2956,2866 3006,2865 3056,2864 3106,2861 3156,2858 3206,2855 3256,2854 3306,2852 3356,2849 3406,2849 3434,2848"/>
        <Word id="word_aa1c13e1-e31d-46a2-bbfb-0739ae37f6f7">
          <Coords points="1253,2869 1303,2865 1355,2864 1403,2859 1454,2856 1506,2856 1554,2853 1605,2851 1655,2850 1706,2850 1756,2850 1788,2850 1788,2895 1756,2895 1706,2895 1656,2895 1606,2896 1557,2898 1506,2901 1457,2901 1407,2904 1356,2909 1307,2910 1257,2914"/>
          <TextEquiv>
            <Unicode>rescriptie,</Unicode>
          </TextEquiv>
        </Word>
        <Word id="word_ee3d98c8-262d-4f6f-8433-9a5c10f05736">
          <Coords points="1833,2850 1852,2848 1905,2846 1955,2845 2006,2845 2029,2844 2031,2889 2006,2890 1956,2890 1906,2891 1857,2893 1838,2895"/>
          <TextEquiv>
            <Unicode>ende</Unicode>
          </TextEquiv>
        </Word>
        <Word id="word_06faa12d-7a4f-4d4c-8a6c-caecf95366ce">
          <Coords points="2080,2842 2107,2843 2155,2841 2205,2839 2255,2838 2306,2838 2356,2838 2406,2838 2457,2839 2466,2839 2466,2884 2456,2884 2406,2883 2356,2883 2306,2883 2256,2883 2206,2884 2156,2886 2106,2888 2078,2887"/>
          <TextEquiv>
            <Unicode>deductie</Unicode>
          </TextEquiv>
        </Word>
        <Word id="word_b1281b94-64d9-478b-aed3-2b5dc8855416">
          <Coords points="2513,2839 2555,2838 2606,2838 2656,2838 2705,2837 2754,2834 2805,2834 2805,2879 2757,2879 2706,2882 2656,2883 2606,2883 2556,2883 2515,2884"/>
          <TextEquiv>
            <Unicode>vanden</Unicode>
          </TextEquiv>
        </Word>
        <Word id="word_7e0d2843-fa4f-4aa9-8148-9ef41dbe0d01">
          <Coords points="2833,2841 2836,2839 2906,2832 2955,2831 3005,2830 3055,2829 3104,2826 3154,2823 3204,2820 3255,2819 3305,2817 3354,2814 3406,2814 3432,2813 3434,2858 3406,2859 3357,2859 3306,2862 3256,2864 3207,2865 3157,2868 3107,2871 3056,2874 3006,2875 2956,2876 2906,2877 2862,2875 2859,2877"/>
          <TextEquiv>
            <Unicode>kerckenraeds</Unicode>
          </TextEquiv>
        </Word>
        <TextEquiv conf="0.906485656265798">
          <Unicode>rescriptie, ende deductie vanden kerckenraeds</Unicode>
        </TextEquiv>
        <TextStyle xHeight="44"/>
      </TextLine>
      <TextLine id="ca0fc8d3-33d1-494c-9f49-972b089f2159">
        <Coords points="1225,2958 1541,2954 1599,2898 2171,2882 2715,2882 2936,2874 2955,2885 3335,2885 3347,2894 3383,2893 3419,2925 3440,2925 3440,3008 3423,3010 3380,3053 3311,3049 3299,3037 3259,3033 2491,3034 2427,3070 2343,3074 2039,3070 2007,3053 1539,3045 1379,3054 1295,3094 1225,3098"/>
        <Baseline points="1266,3030 1316,3030 1366,3029 1416,3028 1466,3027 1516,3026 1566,3024 1616,3023 1666,3023 1716,3021 1766,3020 1816,3019 1866,3018 1916,3018 1966,3018 2016,3018 2066,3018 2116,3017 2166,3016 2216,3016 2266,3014 2316,3013 2366,3013 2416,3012 2466,3012 2516,3011 2566,3009 2616,3008 2666,3007 2716,3005 2766,3003 2816,3001 2866,2997 2916,2995 2966,2993 3016,2992 3066,2991 3116,2992 3166,2991 3216,2991 3266,2990 3316,2989 3366,2988 3400,2988"/>
        <Word id="word_d99a1991-2907-46cc-a4d7-2db4872a9aad">
          <Coords points="1266,2995 1316,2995 1365,2994 1415,2993 1465,2992 1515,2991 1531,2990 1533,3035 1516,3036 1466,3037 1416,3038 1366,3039 1316,3040 1266,3040"/>
          <TextEquiv>
            <Unicode>alhier</Unicode>
          </TextEquiv>
        </Word>
        <Word id="word_d82277f9-2622-4885-8d32-d974c02f3935">
          <Coords points="1577,2989 1616,2988 1666,2988 1709,2986 1711,3031 1666,3033 1616,3033 1577,3034"/>
          <TextEquiv>
            <Unicode>tot</Unicode>
          </TextEquiv>
        </Word>
        <Word id="word_5b02096f-df52-4478-9c1f-7de2db6c1540">
          <Coords points="1757,2984 1768,2985 1815,2984 1865,2983 1916,2983 1966,2983 1977,2983 1977,3028 1966,3028 1916,3028 1866,3028 1816,3029 1765,3030 1755,3029"/>
          <TextEquiv>
            <Unicode>nader</Unicode>
          </TextEquiv>
        </Word>
        <Word id="word_17c56217-6510-447a-bbdb-ccba2c7c6297">
          <Coords points="2022,2983 2066,2983 2115,2982 2165,2981 2216,2981 2265,2979 2315,2978 2366,2978 2415,2977 2466,2977 2510,2976 2511,3021 2466,3022 2416,3022 2366,3023 2316,3023 2266,3024 2216,3026 2166,3026 2116,3027 2066,3028 2022,3028"/>
          <TextEquiv>
            <Unicode>aenwijsinge</Unicode>
          </TextEquiv>
        </Word>
        <Word id="word_faeb0aee-df72-405b-ae01-7c7890febc72">
          <Coords points="2551,2975 2562,2974 2615,2973 2665,2972 2715,2970 2765,2968 2815,2966 2863,2962 2915,2960 2965,2958 3015,2957 3065,2956 3117,2957 3165,2956 3178,2956 3178,3001 3166,3001 3116,3002 3066,3001 3016,3002 2966,3003 2916,3005 2867,3007 2816,3011 2766,3013 2716,3015 2666,3017 2616,3018 2567,3019 2557,3020"/>
          <TextEquiv>
            <Unicode>overgeleverdt,</Unicode>
          </TextEquiv>
        </Word>
        <Word id="word_e76cbaef-6eeb-4f98-abd2-5ecf4b2fc672">
          <Coords points="3221,2956 3265,2955 3315,2954 3365,2953 3400,2953 3400,2998 3366,2998 3316,2999 3266,3000 3222,3001"/>
          <TextEquiv>
            <Unicode>sult</Unicode>
          </TextEquiv>
        </Word>
        <TextEquiv conf="0.9475255795602648">
          <Unicode>alhier tot nader aenwijsinge overgeleverdt, sult</Unicode>
        </TextEquiv>
        <TextStyle xHeight="51"/>
      </TextLine>
      <TextLine id="line_6eff097f-3cd9-4459-9bd1-a52b71370614">
        <Coords points="1219,3095 1289,3095 1369,3059 1449,3055 1457,3047 2012,3054 2040,3071 2388,3075 2436,3067 2492,3032 2807,3036 2972,3028 2979,3035 3024,3035 3035,3043 3332,3043 3332,3126 3291,3132 3131,3132 3123,3140 2927,3144 2911,3156 2496,3164 2112,3159 2060,3180 1876,3188 1497,3188 1488,3179 1305,3184 1249,3223 1219,3223"/>
        <Baseline points="1260,3171 1310,3168 1360,3164 1410,3160 1460,3158 1510,3156 1560,3155 1610,3153 1660,3153 1710,3152 1760,3151 1810,3150 1860,3149 1910,3147 1960,3144 2010,3143 2060,3141 2110,3140 2160,3139 2210,3137 2260,3135 2310,3134 2360,3133 2410,3131 2460,3128 2510,3128 2560,3126 2610,3126 2660,3125 2710,3123 2760,3125 2810,3126 2860,3126 2910,3124 2960,3121 3010,3118 3060,3116 3110,3114 3160,3112 3210,3111 3260,3109 3292,3106"/>
        <Word id="word_cc06ff26-2b0d-4325-a326-7972a8617ade">
          <Coords points="1258,3136 1308,3133 1357,3129 1407,3125 1459,3123 1509,3121 1559,3120 1609,3118 1660,3118 1665,3118 1666,3163 1660,3163 1610,3163 1560,3165 1510,3166 1460,3168 1411,3170 1361,3174 1311,3178 1261,3181"/>
          <TextEquiv>
            <Unicode>gelieven</Unicode>
          </TextEquiv>
        </Word>
        <Word id="word_30dd01ee-358a-4db4-acc3-021b9d732030">
          <Coords points="1716,3117 1759,3116 1809,3115 1818,3115 1819,3160 1810,3160 1760,3161 1717,3162"/>
          <TextEquiv>
            <Unicode>te</Unicode>
          </TextEquiv>
        </Word>
        <Word id="word_7ec7e71b-5e5f-4d54-9891-b2617c46455e">
          <Coords points="1868,3114 1908,3112 1958,3109 2009,3108 2059,3106 2109,3105 2159,3104 2209,3102 2259,3100 2275,3100 2276,3145 2260,3145 2210,3147 2160,3149 2110,3150 2060,3151 2010,3153 1961,3154 1910,3157 1870,3159"/>
          <TextEquiv>
            <Unicode>Beoogen,</Unicode>
          </TextEquiv>
        </Word>
        <Word id="word_212a42b1-b54a-4698-8ae7-2c27e9bb8b4d">
          <Coords points="2326,3099 2359,3098 2409,3096 2458,3093 2510,3093 2529,3092 2530,3137 2510,3138 2461,3138 2410,3141 2360,3143 2327,3144"/>
          <TextEquiv>
            <Unicode>daer</Unicode>
          </TextEquiv>
        </Word>
        <Word id="word_86f1de00-0242-4eec-b402-d0f40d3d9b92">
          <Coords points="2582,3090 2611,3091 2659,3090 2709,3088 2735,3089 2733,3134 2710,3133 2660,3135 2610,3136 2581,3135"/>
          <TextEquiv>
            <Unicode>toe</Unicode>
          </TextEquiv>
        </Word>
        <Word id="word_6325b034-4a04-4a3f-9739-0b0f64897610">
          <Coords points="2784,3091 2810,3091 2860,3091 2909,3089 2934,3087 2937,3132 2910,3134 2860,3136 2810,3136 2784,3136"/>
          <TextEquiv>
            <Unicode>mij</Unicode>
          </TextEquiv>
        </Word>
        <Word id="word_0fe92a82-65db-4e1c-8ad3-f261fa405c1f">
          <Coords points="2985,3084 3008,3083 3059,3081 3109,3079 3159,3077 3209,3076 3259,3074 3289,3071 3293,3116 3260,3119 3210,3121 3160,3122 3110,3124 3060,3126 3011,3128 2988,3129"/>
          <TextEquiv>
            <Unicode>voorts</Unicode>
          </TextEquiv>
        </Word>
        <TextEquiv conf="0.9229039585517966">
          <Unicode>gelieven te Beoogen, daer toe mij voorts</Unicode>
        </TextEquiv>
        <TextStyle xHeight="42"/>
      </TextLine>
      <TextLine id="b1e9ea68-c555-4e04-9395-677837d7287e">
        <Coords points="1172,3236 1210,3236 1230,3220 1250,3220 1282,3203 1448,3207 1466,3216 1498,3191 1742,3191 1762,3211 1963,3215 1963,3298 1578,3298 1570,3305 1458,3301 1172,3316"/>
        <Baseline points="1213,3307 1263,3301 1313,3301 1363,3298 1413,3294 1463,3292 1513,3288 1563,3285 1613,3283 1663,3282 1713,3278 1763,3276 1813,3276 1863,3275 1913,3275 1923,3278"/>
        <Word id="word_8a5b41aa-bf78-4225-97b3-d16d1b211479">
          <Coords points="1209,3272 1259,3266 1313,3266 1361,3263 1410,3259 1462,3257 1510,3253 1561,3250 1612,3248 1662,3247 1710,3243 1762,3241 1813,3241 1862,3240 1913,3240 1933,3244 1920,3288 1913,3285 1863,3285 1813,3286 1763,3286 1714,3288 1663,3292 1613,3293 1564,3295 1514,3298 1463,3302 1414,3304 1364,3308 1313,3311 1264,3311 1214,3317"/>
          <TextEquiv>
            <Unicode>referere</Unicode>
          </TextEquiv>
        </Word>
        <TextEquiv conf="0.86164798152539">
          <Unicode>referere</Unicode>
        </TextEquiv>
        <TextStyle xHeight="33"/>
      </TextLine>
    </TextRegion>
    <TextRegion id="region_d0c0b7f1-8e7d-43c7-9bef-598859c223e7_2" custom="structure {type:paragraph;}">
      <Coords points="1216,3695 1223,3713 1226,3768 1233,3779 1233,3803 1240,3821 1264,3838 1292,3842 1296,3845 1320,3845 1327,3842 1331,3845 1606,3849 1609,3845 1648,3845 1651,3842 1686,3842 1689,3838 1787,3838 1790,3835 2153,3835 2156,3831 2240,3831 2243,3828 2417,3828 2421,3831 2532,3831 2539,3835 2543,3831 2581,3831 2585,3828 2623,3828 2626,3824 2842,3821 2846,3817 2888,3817 2891,3814 2971,3814 2975,3810 2989,3810 3013,3803 3051,3779 3076,3768 3086,3758 3111,3716 3142,3709 3156,3702 3215,3706 3233,3713 3253,3713 3267,3727 3299,3737 3320,3723 3327,3709 3327,3699 3351,3667 3358,3636 3344,3591 3323,3560 3327,3528 3316,3490 3295,3462 3274,3465 3271,3462 3250,3462 3247,3459 3212,3459 3191,3452 3128,3448 3104,3455 3038,3455 3034,3459 2909,3455 2884,3462 2853,3462 2849,3465 2825,3465 2822,3469 2797,3469 2794,3472 2734,3472 2731,3476 2532,3476 2529,3479 2512,3479 2508,3476 2344,3472 2341,3469 2257,3465 2254,3462 2226,3462 2222,3459 2135,3459 2132,3455 2100,3459 2097,3455 1986,3455 1982,3452 1916,3452 1912,3448 1815,3448 1811,3452 1759,3452 1756,3455 1700,3459 1696,3462 1655,3462 1651,3465 1623,3465 1620,3469 1599,3469 1595,3472 1561,3472 1557,3476 1505,3479 1501,3483 1480,3483 1477,3486 1400,3490 1397,3493 1376,3493 1372,3497 1362,3497 1345,3504 1327,3504 1268,3528 1226,3570 1226,3580 1216,3601 1216,3671 1219,3674 1219,3692"/>
      <TextLine id="line_7f01984c-7b31-4321-816f-a8ca6c82b1ea">
        <Coords points="1272,3325 1558,3320 1570,3328 1661,3329 1669,3321 1909,3320 2041,3324 2081,3361 2664,3356 2692,3368 2720,3396 2732,3396 2832,3495 2871,3495 2889,3512 2960,3456 3328,3459 3328,3541 2900,3543 2892,3551 2832,3551 2812,3567 2773,3570 1985,3569 1550,3582 1466,3586 1458,3594 1350,3594 1314,3618 1272,3626"/>
        <Baseline points="1313,3589 1363,3583 1413,3575 1463,3572 1513,3569 1563,3566 1613,3563 1663,3563 1713,3560 1763,3557 1813,3556 1863,3554 1913,3553 1963,3550 2013,3549 2063,3546 2113,3545 2163,3545 2213,3545 2263,3549 2313,3550 2363,3549 2413,3547 2463,3542 2513,3539 2563,3537 2613,3535 2663,3533 2713,3533 2763,3532 2813,3533 2863,3533 2913,3533 2963,3534 3013,3533 3063,3532 3113,3530 3163,3528 3213,3527 3263,3525 3288,3521"/>
        <Word id="word_c66a23f6-bed8-4d21-b658-dedf15908b25">
          <Coords points="1309,3554 1359,3548 1407,3540 1461,3537 1511,3534 1561,3531 1611,3528 1663,3528 1711,3525 1761,3522 1805,3521 1806,3566 1764,3567 1714,3570 1663,3573 1614,3573 1564,3576 1514,3579 1464,3582 1415,3585 1364,3593 1314,3599"/>
          <TextEquiv>
            <Unicode>Memorie</Unicode>
          </TextEquiv>
        </Word>
        <Word id="word_56950546-d459-415d-a198-fc3d3a44ae0a">
          <Coords points="1875,3520 1911,3518 1961,3515 2012,3514 2061,3511 2112,3510 2163,3510 2213,3510 2232,3511 2229,3556 2213,3555 2163,3555 2113,3555 2064,3556 2013,3559 1964,3560 1913,3563 1877,3565"/>
          <TextEquiv>
            <Unicode>vande</Unicode>
          </TextEquiv>
        </Word>
        <Word id="word_1c7a73da-aee7-4f0d-9bfc-09584b6e7fe7">
          <Coords points="2295,3517 2308,3515 2362,3514 2412,3512 2460,3507 2511,3504 2562,3502 2612,3500 2662,3498 2713,3498 2762,3497 2814,3498 2863,3498 2913,3498 2964,3499 3005,3498 3006,3543 2963,3544 2913,3543 2863,3543 2813,3543 2763,3542 2713,3543 2663,3543 2613,3545 2563,3547 2514,3549 2464,3552 2413,3557 2363,3559 2314,3560 2301,3562"/>
          <TextEquiv>
            <Unicode>Bevindinge</Unicode>
          </TextEquiv>
        </Word>
        <Word id="word_1a792a43-0f73-4534-b8c7-a130f46dce3c">
          <Coords points="3075,3497 3111,3495 3162,3493 3212,3492 3262,3490 3282,3486 3289,3531 3263,3535 3213,3537 3163,3538 3113,3540 3077,3542"/>
          <TextEquiv>
            <Unicode>der</Unicode>
          </TextEquiv>
        </Word>
        <TextEquiv conf="0.9040887690716869">
          <Unicode>Memorie vande Bevindinge der</Unicode>
        </TextEquiv>
        <TextStyle xHeight="70"/>
      </TextLine>
      <TextLine id="line_4438a1c0-d881-46a4-a582-a0fb1cd1162c">
        <Coords points="1242,3625 1288,3625 1352,3593 1424,3581 1688,3577 1696,3569 2671,3568 2687,3581 3043,3576 3067,3596 3368,3596 3391,3613 3412,3593 3412,3677 3373,3716 2775,3721 2731,3700 2411,3700 2399,3691 2371,3690 2352,3704 2339,3693 1948,3694 1932,3709 1896,3709 1884,3721 1856,3725 1740,3725 1725,3716 1372,3716 1312,3765 1242,3769"/>
        <Baseline points="1283,3700 1333,3698 1383,3694 1433,3691 1483,3689 1533,3687 1583,3686 1633,3684 1683,3684 1733,3684 1783,3683 1833,3683 1883,3682 1933,3682 1983,3684 2033,3683 2083,3684 2133,3683 2183,3683 2233,3682 2283,3683 2333,3680 2383,3678 2433,3676 2483,3674 2533,3672 2583,3672 2633,3671 2683,3670 2733,3668 2783,3667 2833,3665 2883,3664 2933,3662 2983,3662 3033,3659 3083,3658 3133,3655 3183,3654 3233,3653 3283,3652 3333,3653 3372,3656"/>
        <Word id="word_01e0632e-2b0b-4e5f-b0da-72749be8cee4">
          <Coords points="1282,3665 1332,3663 1380,3659 1431,3656 1482,3654 1532,3652 1582,3651 1632,3649 1683,3649 1733,3649 1782,3648 1833,3648 1882,3647 1933,3647 1984,3649 1994,3649 1995,3694 1983,3694 1933,3692 1883,3692 1833,3693 1783,3693 1733,3694 1683,3694 1633,3694 1583,3696 1533,3697 1483,3699 1434,3701 1384,3704 1333,3708 1283,3710"/>
          <TextEquiv>
            <Unicode>Coopmanschappen</Unicode>
          </TextEquiv>
        </Word>
        <Word id="word_dd70fcb8-596b-4cb6-bd41-0bbfc22535ea">
          <Coords points="2044,3648 2084,3649 2132,3648 2183,3648 2232,3647 2233,3692 2183,3693 2133,3693 2083,3694 2042,3693"/>
          <TextEquiv>
            <Unicode>ende</Unicode>
          </TextEquiv>
        </Word>
        <Word id="word_ef3ec06c-88d7-4004-b3fb-9dbd8b29a2bc">
          <Coords points="2300,3652 2302,3654 2331,3645 2382,3643 2432,3641 2482,3639 2532,3637 2583,3637 2611,3636 2612,3681 2583,3682 2533,3682 2483,3684 2433,3686 2383,3688 2334,3690 2277,3691 2275,3689"/>
          <TextEquiv>
            <Unicode>t'goudt</Unicode>
          </TextEquiv>
        </Word>
        <Word id="word_a8dc9768-4fcc-45e7-bc37-1f940f51b9fc">
          <Coords points="2659,3635 2682,3635 2732,3633 2782,3632 2800,3631 2802,3676 2783,3677 2733,3678 2683,3680 2659,3680"/>
          <TextEquiv>
            <Unicode>als</Unicode>
          </TextEquiv>
        </Word>
        <Word id="word_1e83962c-edf3-4fe0-af20-efccf37aea7f">
          <Coords points="2849,3629 2883,3629 2932,3627 2944,3627 2944,3672 2933,3672 2883,3674 2849,3674"/>
          <TextEquiv>
            <Unicode>nu</Unicode>
          </TextEquiv>
        </Word>
        <Word id="word_af8c1df6-32cb-4ea4-a187-c302fca12fb8">
          <Coords points="2989,3627 3030,3624 3082,3623 3131,3620 3182,3619 3232,3618 3282,3617 3334,3618 3374,3621 3371,3666 3333,3663 3283,3662 3233,3663 3183,3664 3134,3665 3083,3668 3034,3669 2992,3672"/>
          <TextEquiv>
            <Unicode>becomen,</Unicode>
          </TextEquiv>
        </Word>
        <TextEquiv conf="0.9391057647376153">
          <Unicode>Coopmanschappen ende t'goudt als nu becomen,</Unicode>
        </TextEquiv>
        <TextStyle xHeight="46"/>
      </TextLine>
      <TextLine id="line_2e150200-861d-49f0-a600-4bce8368b311">
        <Coords points="1187,3769 1313,3765 1369,3716 1725,3716 1740,3725 1856,3725 1884,3721 1896,3709 1932,3709 1948,3694 2339,3693 2352,3705 2371,3690 2399,3691 2411,3701 2732,3701 2739,3708 2759,3708 2783,3732 3258,3732 3282,3744 3335,3744 3335,3827 3302,3827 3295,3834 2543,3840 2515,3857 2415,3856 2383,3844 2200,3844 2188,3853 1772,3852 1680,3889 1604,3897 1341,3897 1313,3872 1289,3868 1187,3872"/>
        <Baseline points="1228,3840 1278,3837 1328,3832 1378,3828 1428,3825 1478,3825 1528,3823 1578,3822 1628,3821 1678,3821 1728,3820 1778,3818 1828,3818 1878,3818 1928,3815 1978,3813 2028,3811 2078,3809 2128,3808 2178,3806 2228,3805 2278,3805 2328,3804 2378,3803 2428,3803 2478,3802 2528,3801 2578,3801 2628,3799 2678,3797 2728,3796 2778,3796 2828,3796 2878,3794 2928,3792 2978,3792 3028,3793 3078,3797 3128,3802 3178,3804 3228,3805 3278,3803 3295,3807"/>
        <Word id="word_d759b49e-f434-444c-ac24-c53b062ba2dd">
          <Coords points="1226,3805 1276,3802 1325,3797 1375,3793 1426,3790 1478,3790 1527,3788 1572,3787 1572,3832 1528,3833 1478,3835 1429,3835 1379,3838 1329,3842 1279,3847 1229,3850"/>
          <TextEquiv>
            <Unicode>„sdaet</Unicode>
          </TextEquiv>
        </Word>
        <Word id="word_7192a2a8-9b24-4075-b60e-455baf56f19e">
          <Coords points="1630,3786 1678,3786 1727,3785 1777,3783 1828,3783 1860,3783 1860,3828 1828,3828 1778,3828 1728,3830 1678,3831 1630,3831"/>
          <TextEquiv>
            <Unicode>ued„</Unicode>
          </TextEquiv>
        </Word>
        <Word id="word_085548ab-dd87-4baa-bae5-2461af62a704">
          <Coords points="1908,3784 1919,3781 1977,3778 2027,3776 2077,3774 2088,3774 2089,3819 2078,3819 2028,3821 1978,3823 1931,3825 1920,3828"/>
          <TextEquiv>
            <Unicode>p„r</Unicode>
          </TextEquiv>
        </Word>
        <Word id="word_11382d36-92a1-4cd9-8625-c56aa70fff1b">
          <Coords points="2145,3773 2176,3771 2227,3770 2278,3770 2327,3769 2377,3768 2428,3768 2477,3767 2527,3766 2549,3766 2549,3811 2528,3811 2478,3812 2428,3813 2378,3813 2328,3814 2278,3815 2228,3815 2179,3816 2147,3818"/>
          <TextEquiv>
            <Unicode>naesten</Unicode>
          </TextEquiv>
        </Word>
        <Word id="word_1ae4a14a-3776-450f-8683-4218b380236c">
          <Coords points="2603,3766 2625,3764 2677,3762 2720,3761 2721,3806 2678,3807 2629,3809 2607,3811"/>
          <TextEquiv>
            <Unicode>te</Unicode>
          </TextEquiv>
        </Word>
        <Word id="word_0a013887-d5a7-4ec5-84fd-b33e95013dbb">
          <Coords points="2779,3760 2829,3761 2877,3759 2927,3757 2978,3757 3029,3758 3081,3762 3131,3767 3179,3769 3229,3770 3277,3768 3303,3773 3292,3817 3278,3813 3228,3815 3178,3814 3127,3812 3077,3807 3028,3803 2978,3802 2928,3802 2878,3804 2828,3806 2778,3805"/>
          <TextEquiv>
            <Unicode>gewerden,</Unicode>
          </TextEquiv>
        </Word>
        <TextEquiv conf="0.864665548161338">
          <Unicode>„sdaet ued„ p„r naesten te gewerden,</Unicode>
        </TextEquiv>
        <TextStyle xHeight="49"/>
      </TextLine>
    </TextRegion>
    <TextRegion id="region_67e1865c-1cc8-478f-94ff-7af68798edfb_1" custom="structure {type:paragraph;}">
      <Coords points="3361,4145 3348,4047 3320,4009 3302,3970 3288,3960 3274,3960 3271,3957 3260,3960 3226,3960 3222,3964 3191,3964 3187,3967 3125,3967 3121,3964 3093,3964 3048,3953 3006,3953 2999,3950 2996,3953 2912,3957 2909,3960 2888,3960 2860,3967 2546,3964 2543,3960 2532,3964 2518,3964 2515,3960 2424,3964 2421,3960 2386,3960 2383,3964 2215,3964 2212,3967 1989,3967 1986,3970 1940,3970 1937,3974 1763,3974 1759,3970 1665,3970 1662,3967 1574,3967 1571,3964 1501,3964 1498,3967 1484,3964 1480,3967 1467,3967 1463,3964 1345,3964 1341,3967 1254,3964 1230,3974 1216,3974 1202,3988 1198,3984 1174,3984 1170,3981 1132,3984 1115,3991 1101,4009 1104,4030 1122,4040 1150,4040 1153,4044 1174,4044 1191,4051 1205,4051 1233,4089 1237,4099 1233,4110 1237,4120 1233,4228 1237,4232 1240,4280 1251,4312 1264,4333 1271,4354 1289,4371 1310,4381 1376,4395 1400,4423 1418,4430 1453,4427 1467,4420 1491,4392 1547,4368 1588,4357 1627,4357 1630,4354 1641,4357 1777,4357 1780,4354 1885,4357 1888,4354 1940,4354 1944,4350 2111,4347 2114,4343 2456,4347 2459,4350 2564,4350 2567,4354 2682,4354 2686,4350 2815,4347 2818,4343 2909,4340 2912,4336 3118,4333 3146,4326 3292,4319 3316,4301 3330,4267 3348,4239 3348,4183 3355,4155"/>
      <TextLine id="bb610ecc-0fbe-4af8-b04a-1c7ca28ebdba">
        <Coords points="1105,3870 1295,3869 1339,3894 1731,3885 1759,3893 2027,3897 2063,3929 2314,3930 2338,3921 2590,3926 2598,3918 2718,3917 2730,3929 2754,3929 2778,3953 2802,3962 2986,3962 2994,3954 3022,3950 3210,3946 3250,3981 3286,3962 3331,3961 3331,4043 2942,4037 2926,4041 2886,4076 2710,4076 2654,4131 2614,4131 2602,4122 2506,4122 2478,4110 2267,4115 2198,4055 1883,4060 1855,4080 1105,4083"/>
        <Baseline points="1146,4074 1196,4067 1246,4067 1296,4066 1346,4064 1396,4060 1446,4057 1496,4056 1546,4054 1596,4052 1646,4050 1696,4049 1746,4047 1796,4045 1846,4043 1896,4041 1946,4039 1996,4036 2046,4035 2096,4033 2146,4032 2196,4030 2246,4029 2296,4029 2346,4030 2396,4030 2446,4030 2496,4030 2546,4031 2596,4032 2646,4031 2696,4032 2746,4032 2796,4032 2846,4033 2896,4033 2946,4030 2996,4029 3046,4028 3096,4026 3146,4025 3196,4026 3246,4026 3291,4023"/>
        <Word id="word_496c3cab-26d3-4d46-9dbd-7582782f6811">
          <Coords points="1141,4039 1191,4032 1246,4032 1295,4031 1309,4030 1311,4075 1296,4076 1246,4077 1197,4077 1147,4084"/>
          <TextEquiv>
            <Unicode>Soo</Unicode>
          </TextEquiv>
        </Word>
        <Word id="word_9643fc41-5c7e-4006-84f1-6128789ae923">
          <Coords points="1362,4028 1392,4025 1444,4022 1495,4021 1545,4019 1584,4017 1586,4062 1546,4064 1496,4066 1447,4067 1397,4070 1367,4073"/>
          <TextEquiv>
            <Unicode>seer</Unicode>
          </TextEquiv>
        </Word>
        <Word id="word_ede4d60a-8ba6-463f-8dbd-b703d05c0798">
          <Coords points="1639,4015 1645,4015 1695,4014 1745,4012 1795,4010 1804,4010 1806,4055 1796,4055 1746,4057 1696,4059 1646,4060 1641,4060"/>
          <TextEquiv>
            <Unicode>mij</Unicode>
          </TextEquiv>
        </Word>
        <Word id="word_4cfa3b75-fb8c-4897-823c-fcaffff5efc5">
          <Coords points="1859,4007 1895,4006 1945,4004 1994,4001 2045,4000 2079,3999 2081,4044 2046,4045 1997,4046 1946,4049 1896,4051 1861,4052"/>
          <TextEquiv>
            <Unicode>voor</Unicode>
          </TextEquiv>
        </Word>
        <Word id="word_71e3a67e-5a8f-494a-9ed2-200520b9bb39">
          <Coords points="2137,3996 2148,3997 2195,3995 2245,3994 2296,3994 2347,3995 2356,3995 2356,4040 2346,4040 2296,4039 2246,4039 2196,4040 2145,4042 2135,4041"/>
          <TextEquiv>
            <Unicode>uijt</Unicode>
          </TextEquiv>
        </Word>
        <Word id="word_7a8b3de9-d536-4049-ab40-960fd539b9bd">
          <Coords points="2411,3995 2446,3995 2496,3995 2547,3996 2597,3997 2630,3996 2631,4041 2596,4042 2546,4041 2496,4040 2446,4040 2411,4040"/>
          <TextEquiv>
            <Unicode>door</Unicode>
          </TextEquiv>
        </Word>
        <Word id="word_70fab0d6-0a9b-4968-b6d2-1bd4ba18da37">
          <Coords points="2692,3996 2702,3998 2746,3997 2796,3997 2847,3998 2896,3998 2904,3997 2906,4042 2896,4043 2846,4043 2796,4042 2746,4042 2694,4042 2684,4040"/>
          <TextEquiv>
            <Unicode>uEd:</Unicode>
          </TextEquiv>
        </Word>
        <Word id="word_5e545177-4edb-4c37-ba78-316f38f75473">
          <Coords points="2961,3994 2996,3994 3045,3993 3095,3991 3145,3990 3197,3991 3246,3991 3288,3988 3291,4033 3246,4036 3196,4036 3146,4035 3096,4036 3046,4038 2996,4039 2961,4039"/>
          <TextEquiv>
            <Unicode>geluck</Unicode>
          </TextEquiv>
        </Word>
        <TextEquiv conf="0.9469087354064681">
          <Unicode>Soo seer mij voor uijt door uEd: geluck</Unicode>
        </TextEquiv>
        <TextStyle xHeight="58"/>
      </TextLine>
      <TextLine id="line_7434e86b-f5b5-46b2-a1e4-65f0535a6892">
        <Coords points="1216,4080 1854,4080 1886,4056 2198,4055 2246,4103 2266,4112 2477,4111 2501,4119 2597,4119 2617,4132 2653,4132 2713,4075 2889,4076 2905,4067 3005,4067 3013,4075 3368,4075 3401,4103 3410,4100 3410,4182 3365,4211 3053,4210 3045,4202 2689,4195 2650,4206 2469,4202 2449,4215 2214,4210 2190,4223 1474,4223 1438,4235 1216,4235"/>
        <Baseline points="1257,4201 1307,4200 1357,4198 1407,4197 1457,4195 1507,4193 1557,4191 1607,4187 1657,4185 1707,4184 1757,4182 1807,4180 1857,4180 1907,4178 1957,4176 2007,4175 2057,4175 2107,4173 2157,4172 2207,4171 2257,4169 2307,4168 2357,4167 2407,4167 2457,4166 2507,4166 2557,4166 2607,4167 2657,4168 2707,4167 2757,4167 2807,4168 2857,4170 2907,4170 2957,4169 3007,4169 3057,4169 3107,4169 3157,4168 3207,4167 3257,4165 3307,4166 3357,4165 3370,4162"/>
        <Word id="word_82a2c41b-5869-40ef-95f6-3e51165d43bb">
          <Coords points="1256,4166 1306,4165 1356,4163 1406,4162 1435,4161 1437,4206 1407,4207 1357,4208 1307,4210 1257,4211"/>
          <TextEquiv>
            <Unicode>ende</Unicode>
          </TextEquiv>
        </Word>
        <Word id="word_fc8e4778-dd8d-4c45-9e59-0f86fb18d4f5">
          <Coords points="1480,4159 1506,4158 1556,4156 1604,4152 1656,4150 1706,4149 1707,4194 1657,4195 1608,4197 1557,4201 1507,4203 1482,4204"/>
          <TextEquiv>
            <Unicode>heijl</Unicode>
          </TextEquiv>
        </Word>
        <Word id="word_f9fcfd58-5517-4aec-8fde-4cfb354e57cb">
          <Coords points="1745,4149 1750,4148 1806,4145 1857,4145 1906,4143 1956,4141 2006,4140 2057,4140 2106,4138 2156,4137 2200,4136 2201,4181 2157,4182 2107,4183 2057,4185 2007,4185 1957,4186 1907,4188 1857,4190 1807,4190 1759,4192 1753,4193"/>
          <TextEquiv>
            <Unicode>wenschinge</Unicode>
          </TextEquiv>
        </Word>
        <Word id="word_444285c8-ec86-4edb-bf7c-b34c78797a55">
          <Coords points="2242,4135 2253,4134 2306,4133 2335,4132 2336,4177 2307,4178 2258,4179 2247,4180"/>
          <TextEquiv>
            <Unicode>in</Unicode>
          </TextEquiv>
        </Word>
        <Word id="word_24379def-eed2-4b36-9aae-7962cff13c87">
          <Coords points="2381,4132 2408,4132 2456,4131 2507,4131 2557,4131 2561,4131 2560,4176 2557,4176 2507,4176 2457,4176 2407,4177 2381,4177"/>
          <TextEquiv>
            <Unicode>mijn</Unicode>
          </TextEquiv>
        </Word>
        <Word id="word_93c436a5-653c-4cf2-bf3a-262ba1b15a5b">
          <Coords points="2606,4132 2608,4132 2658,4133 2706,4132 2757,4132 2808,4133 2832,4134 2830,4179 2807,4178 2757,4177 2707,4177 2657,4178 2607,4177 2605,4177"/>
          <TextEquiv>
            <Unicode>nieuw</Unicode>
          </TextEquiv>
        </Word>
        <Word id="word_dda68dd0-4987-456f-b582-6eb11f5c2f89">
          <Coords points="2875,4136 2906,4135 2956,4134 3007,4134 3057,4134 3107,4134 3156,4133 3206,4132 3256,4130 3308,4131 3356,4130 3362,4128 3372,4172 3357,4175 3307,4176 3257,4175 3207,4177 3157,4178 3107,4179 3057,4179 3007,4179 2957,4179 2907,4180 2876,4181"/>
          <TextEquiv>
            <Unicode>aengevangen</Unicode>
          </TextEquiv>
        </Word>
        <TextEquiv conf="0.9207407395403112">
          <Unicode>ende heijl wenschinge in mijn nieuw aengevangen</Unicode>
        </TextEquiv>
        <TextStyle xHeight="45"/>
      </TextLine>
      <TextLine id="eed69b4c-0731-4cf0-bf3a-556a2faf975f">
        <Coords points="1201,4235 1439,4235 1475,4223 1898,4218 2422,4223 2430,4215 2450,4215 2482,4188 2610,4187 2650,4187 2666,4200 2837,4195 2845,4203 2882,4207 2917,4242 3249,4235 3292,4231 3301,4222 3329,4222 3349,4239 3378,4235 3378,4318 3353,4311 3097,4316 3069,4340 2953,4379 2438,4382 2429,4391 1551,4395 1507,4358 1471,4358 1383,4363 1355,4391 1201,4391"/>
        <Baseline points="1242,4350 1292,4343 1342,4341 1392,4338 1442,4336 1492,4332 1542,4329 1592,4324 1642,4324 1692,4323 1742,4322 1792,4321 1842,4322 1892,4320 1942,4319 1992,4318 2042,4317 2092,4316 2142,4315 2192,4315 2242,4315 2292,4313 2342,4313 2392,4312 2442,4311 2492,4309 2542,4310 2592,4309 2642,4309 2692,4310 2742,4311 2792,4309 2842,4310 2892,4308 2942,4306 2992,4306 3042,4307 3092,4306 3142,4306 3192,4306 3242,4305 3292,4304 3338,4298"/>
        <Word id="word_15521237-528f-42ad-a0ed-f1fa9f3a5ec4">
          <Coords points="1237,4315 1287,4308 1341,4306 1390,4303 1441,4301 1457,4300 1461,4345 1442,4346 1393,4348 1342,4351 1293,4353 1243,4360"/>
          <TextEquiv>
            <Unicode>drije</Unicode>
          </TextEquiv>
        </Word>
        <Word id="word_baaa3d72-2429-45d4-adec-49d6ca163378">
          <Coords points="1502,4296 1540,4294 1589,4289 1642,4289 1691,4288 1741,4287 1791,4286 1810,4286 1809,4331 1792,4331 1742,4332 1692,4333 1642,4334 1593,4334 1543,4339 1504,4341"/>
          <TextEquiv>
            <Unicode>jaerich</Unicode>
          </TextEquiv>
        </Word>
        <Word id="word_cb91118c-1085-47d1-adcc-458535783fbd">
          <Coords points="1851,4287 1890,4285 1941,4284 1991,4283 2041,4282 2091,4281 2141,4280 2192,4280 2202,4280 2202,4325 2192,4325 2142,4325 2092,4326 2042,4327 1992,4328 1942,4329 1893,4330 1853,4332"/>
          <TextEquiv>
            <Unicode>verbandt</Unicode>
          </TextEquiv>
        </Word>
        <Word id="word_56bae439-a6c4-4d7e-b42f-29a8519b4b49">
          <Coords points="2244,4280 2290,4278 2342,4278 2391,4277 2441,4276 2491,4274 2543,4275 2591,4274 2642,4274 2684,4275 2683,4320 2642,4319 2592,4319 2542,4320 2492,4319 2442,4321 2392,4322 2342,4323 2292,4323 2246,4325"/>
          <TextEquiv>
            <Unicode>verblijft,</Unicode>
          </TextEquiv>
        </Word>
        <Word id="word_85c9ff7c-6f0c-41a6-b315-5f1aa540db20">
          <Coords points="2727,4276 2743,4276 2791,4274 2843,4275 2856,4274 2858,4319 2842,4320 2792,4319 2742,4321 2726,4321"/>
          <TextEquiv>
            <Unicode>soo</Unicode>
          </TextEquiv>
        </Word>
        <Word id="word_535892c1-1e76-449f-b4b2-676b49238ee0">
          <Coords points="2900,4273 2941,4271 2992,4271 3043,4272 3075,4271 3076,4316 3042,4317 2992,4316 2942,4316 2902,4318"/>
          <TextEquiv>
            <Unicode>seer</Unicode>
          </TextEquiv>
        </Word>
        <Word id="word_38483b05-8991-4f4f-afef-1fd6b7553bfd">
          <Coords points="3121,4270 3143,4271 3192,4271 3241,4270 3291,4269 3333,4263 3339,4308 3292,4314 3242,4315 3192,4316 3142,4316 3120,4315"/>
          <TextEquiv>
            <Unicode>hebbe</Unicode>
          </TextEquiv>
        </Word>
        <TextEquiv conf="0.9254386247869815">
          <Unicode>drije jaerich verbandt verblijft, soo seer hebbe</Unicode>
        </TextEquiv>
        <TextStyle xHeight="54"/>
      </TextLine>
    </TextRegion>
    <TextRegion id="region_38401094-9c70-4637-9c03-c2838ec9f5f1_5" custom="structure {type:catch-word;}">
      <Coords points="3013,4503 3017,4507 3017,4510 3024,4517 3027,4517 3031,4521 3055,4521 3058,4524 3076,4524 3079,4521 3111,4521 3114,4517 3121,4517 3125,4514 3135,4514 3139,4510 3146,4510 3149,4507 3159,4507 3163,4503 3173,4503 3177,4500 3180,4500 3184,4496 3187,4496 3191,4493 3194,4493 3198,4489 3201,4489 3205,4486 3208,4486 3215,4479 3215,4476 3219,4472 3219,4469 3222,4465 3222,4451 3219,4448 3215,4448 3212,4444 3201,4444 3198,4448 3173,4448 3170,4451 3152,4451 3149,4448 3135,4448 3132,4444 3083,4444 3079,4448 3065,4448 3062,4451 3055,4451 3051,4455 3048,4455 3044,4458 3041,4458 3038,4462 3031,4462 3017,4476 3017,4482 3013,4486"/>
    </TextRegion>
    <TextRegion id="d90b125d-c953-4915-9a60-3dad89f91b17">
      <Coords points="3404,740 3429,740 3429,748 3404,748"/>
      <TextLine id="bebe6f25-69dc-4fa9-86c3-b2d6d97eb189">
        <Coords points="3366,642 3399,642 3438,681 3466,681 3466,765 3398,832 3366,836"/>
        <Baseline points="3407,744 3426,744"/>
        <TextStyle xHeight="53"/>
      </TextLine>
    </TextRegion>
    <TextRegion id="b4f95844-967c-4c74-8790-7b6f552603b8">
      <Coords points="2977,4503 3249,4503 3249,4546 2977,4546"/>
      <TextLine id="line_4fcb30cc-ca28-47e1-ae48-fca25637afed">
        <Coords points="2938,4419 3067,4419 3091,4443 3286,4445 3286,4527 3202,4527 3166,4541 3152,4532 3047,4537 2988,4561 2938,4561"/>
        <Baseline points="2979,4537 3029,4531 3079,4527 3129,4519 3179,4516 3229,4513 3246,4507"/>
        <Word id="word_be1e3b4d-d3b6-4f5e-9a4f-453ce89df051">
          <Coords points="2975,4502 3025,4496 3076,4492 3123,4484 3177,4481 3227,4478 3234,4474 3249,4516 3230,4523 3180,4526 3131,4529 3080,4537 3030,4541 2980,4547"/>
          <TextEquiv>
            <Unicode>mij</Unicode>
          </TextEquiv>
        </Word>
        <TextEquiv conf="0.5929793965728178">
          <Unicode>mij</Unicode>
        </TextEquiv>
        <TextStyle xHeight="56"/>
      </TextLine>
    </TextRegion>
  </Page>
</PcGts>
