3567 4801
2767 560 2934 618 975

717 558 1071 614 Septemb.
1114 550 1298 601 1646

861 729 927 783 Op
951 717 1044 770 2d.
1074 717 1105 763 e
1133 718 1461 764 retourneert
1490 718 1669 764 alhier
1699 719 1789 765 ter
1817 718 1968 765 thede
1996 721 2087 768 van
2116 724 2473 775 masulipatan,
2503 730 2563 776 't
2591 732 2742 785 schip
2770 741 3013 797 schiddam

955 818 1118 878 synde
1149 816 1370 862 beladen
1401 815 1497 860 met
1528 814 1813 861 dweersche
1843 816 2225 874 maintementos

823 972 879 1020 An
903 969 932 1015 3
956 965 1039 1012 tot
1064 963 1092 1009 7
1117 961 1146 1007 d
1170 959 1199 1005 o
1225 958 1333 1003 niet
1358 959 1679 1008 sonderlinghs
1706 963 2026 1020 voorgevallen

827 1116 883 1162 Ae
908 1108 992 1159 E.d
1017 1106 1046 1152 o
1072 1101 1373 1150 verschijnet
1400 1101 1456 1148 en
1482 1102 1755 1149 resoumeert
1782 1102 1946 1152 alhier
1973 1107 2164 1157 terhede
2191 1112 2329 1163 vande
2352 1118 2464 1167 zuyd
2491 1122 2547 1169 't
2572 1125 2709 1173 Jacht
2735 1120 2956 1176 grijpske

944 1204 1088 1255 sinde
1116 1202 1314 1249 beladen
1343 1202 1428 1248 met
1455 1203 1542 1252 127
1569 1208 1739 1254 packen
1768 1209 2023 1258 sweersche
2050 1213 2420 1267 geschilderde,
2448 1223 2732 1273 gebleeckte
2759 1226 2901 1275 rouwe

956 1306 1044 1354 als
1071 1303 1247 1351 andere
1276 1303 1568 1353 lijnwaeten
1595 1310 1654 1356 52
1680 1308 1769 1356 stx
1798 1308 2031 1361 slooven,
2059 1317 2176 1365 ende
2204 1321 2292 1370 een
2320 1325 2465 1373 paeck
2493 1327 2582 1373 met
2610 1329 2903 1383 roohdellen

949 1405 1241 1452 monteren

1276 1405 1333 1452 ƒ
1388 1405 1907 1463 2472„16„8

828 1557 883 1606 Ay
906 1551 1012 1600 3.:o
1037 1545 1271 1595 Vertreckt
1296 1546 1477 1592 volgens
1503 1546 1684 1594 project
1710 1549 1788 1595 van
1814 1550 1918 1597 dees
1942 1552 2073 1602 rhede
2098 1557 2203 1606 over
2227 1562 2512 1612 masulipatam
2537 1566 2643 1612 naer
2667 1567 2852 1619 Pipelij

950 1633 1245 1684 Stuytschip
1273 1639 1538 1684 Heenstede
1567 1639 1743 1688 sijnde
1772 1643 1978 1693 beladen
2007 1648 2097 1698 met
2124 1653 2244 1702 1537
2271 1659 2331 1705 p.
2360 1660 2390 1706 s
2418 1661 2948 1717 Japanselacqwercken

956 1738 1061 1787 1946
1086 1737 1138 1782 lb
1164 1734 1398 1782 spiaulter
1423 1733 1528 1779 uijt
1553 1734 1606 1780 't
1631 1735 1761 1782 Jacht
1787 1737 1865 1784 lis
1890 1740 2098 1790 hierjnne
2123 1745 2462 1797 overgescheept
2486 1753 2590 1799 2264
2616 1754 2669 1800 lb
2694 1756 2954 1805 vermilioen

929 1830 1075 1884 12000
1104 1828 1162 1874 lb
1191 1827 1336 1873 goede
1365 1827 1510 1872 noten
1539 1827 1830 1873 mutschaten
1858 1829 2005 1877 6078.
2032 1833 2092 1881 lb
2119 1837 2265 1888 Netto
2293 1843 2497 1891 groffel
2525 1845 2670 1892 Nagel
2699 1844 2815 1891 413½
2844 1841 2904 1889 lb

950 1928 1095 1979 netto
1124 1926 1296 1974 foelij
1322 1926 1467 1974 27907
1496 1925 1553 1971 lb
1582 1924 1725 1970 loodt
1754 1923 1897 1969 12000
1925 1923 1983 1968 lb
2011 1923 2099 1971 tin
2125 1927 2156 1973 4
2182 1930 2355 1977 Cassen
2383 1932 2670 1979 roosewater
2698 1932 2872 1979 24000-

938 2028 1025 2079 str
1053 2023 1304 2073 syjtancos
1332 2022 1361 2067 ¼
1388 2023 1556 2069 legger
1584 2024 1669 2071 met
1696 2024 2003 2072 gepeeckelde
2031 2024 2171 2071 noten
2199 2026 2227 2071 1
2255 2026 2395 2073 goedt
2423 2028 2563 2074 grauw
2591 2029 2983 2079 partiaenspaert

945 2134 970 2179 2
994 2116 1289 2180 verrekijkers
1314 2116 1339 2161 1
1363 2116 1512 2163 legger
1536 2119 1708 2167 spaense
1733 2121 1832 2167 wijn
1856 2121 1908 2169 en
1929 2126 1979 2172 5.
2004 2126 2053 2171 p.
2078 2126 2103 2171 s
2127 2126 2374 2172 olixhanten
2398 2125 2571 2171 t'samen
2595 2125 2843 2174 bedraegen—

995 2228 1343 2286 ƒ50076„14„9,
1371 2227 1459 2273 den
1487 2223 1775 2272 almegenden
1804 2224 2035 2271 geleijde
2062 2225 2265 2272 gemeete
2294 2225 2438 2272 fluyt
2466 2224 2526 2270 sp
2553 2226 2756 2273 goedich
2783 2228 2841 2274 in
2869 2228 3015 2277 saloo

818 2397 842 2442 A
867 2393 916 2442 9„
939 2388 1013 2436 tot
1035 2384 1085 2431 en
1109 2382 1207 2428 1Ed.
1228 2379 1256 2427 e
1279 2377 1377 2422 niet
1400 2376 1669 2422 sonschetigh
1693 2377 1742 2422 es
1766 2377 2060 2425 voorgevallen

814 2520 865 2568 An
884 2515 938 2564 14
961 2511 1011 2559 d.
1032 2508 1059 2555 o
1083 2505 1230 2552 become
1253 2506 1327 2551 een
1351 2505 1546 2551 briefken
1570 2505 1643 2550 van
1667 2505 1717 2552 s.
1740 2508 1765 2553 t
1789 2506 1911 2553 Thome
1934 2507 2032 2552 door
2057 2506 2130 2552 den
2152 2502 2324 2550 koopman
2348 2501 2446 2547 S:ra
2470 2501 2543 2547 Tol
2567 2500 2714 2546 aenden
2737 2501 2888 2549 aenden

954 2593 1222 2645 gouverneur
1247 2592 1408 2639 arnold
1432 2590 1620 2638 Beussen
1646 2591 1700 2637 in
1725 2591 1832 2637 dato
1858 2591 1938 2638 13.
1964 2593 1992 2639 '
2016 2592 2151 2639 deser
2175 2592 2442 2639 geschreven
2468 2591 2655 2638 daerbij
2680 2590 2814 2637 onder

940 2690 1129 2748 anderen
1154 2685 1420 2734 adviseert,
1445 2687 1605 2734 hoedat
1630 2690 1710 2735 den
1736 2690 1921 2736 Capteyn
1946 2687 2158 2735 generael
2185 2685 2290 2732 sich
2316 2684 2448 2730 wegen
2475 2684 2528 2730 't
2554 2676 2845 2731 gepasseerde

942 2791 1142 2846 omtrent
1168 2787 1227 2835 S.
1253 2786 1284 2832 t
1309 2787 1452 2834 Thone
1479 2789 1565 2837 Int
1591 2794 1816 2841 Aenslaen
1845 2795 1930 2841 van
1956 2794 2154 2841 seecker
2181 2792 2407 2838 moorsche
2435 2788 2661 2838 schampan
2687 2787 2885 2833 metonse
2913 2787 3055 2834 passe

931 2896 1164 2944 versien,
1191 2890 1484 2940 'Ignorandt
1512 2890 1687 2937 houdt,
1717 2891 1949 2940 seggende
1978 2893 2066 2940 d:o
2094 2890 2328 2939 schampan
2356 2890 2532 2936 aldaer
2560 2890 2648 2936 Wel
2676 2886 2793 2934 Was—

941 2995 1214 3044 aengelandt,
1239 2994 1313 3040 den
1337 2993 1486 3039 selven
1510 2992 1586 3038 als
1609 2992 1684 3038 den
1709 2990 1956 3038 ingelaeden
1981 2989 2179 3036 Arretecq
2204 2990 2426 3036 vercocht,
2449 2988 2551 3036 ende
2575 2989 2649 3034 den
2673 2988 2926 3038 veroveraer

937 3098 1024 3149 met
1049 3095 1106 3141 't
1133 3090 1356 3139 procedio
1383 3089 1495 3135 naer
1522 3090 1882 3137 saffanapatam,
1910 3091 2021 3137 daer
2049 3091 2215 3139 thuijs
2243 3088 2382 3135 hood,
2409 3087 2493 3133 was
2519 3084 2825 3131 vertrocken,
2853 3081 2910 3129 en

925 3204 1053 3254 sulcx
1076 3199 1256 3249 daervan
1280 3197 1408 3244 niets
1433 3197 1560 3243 onder
1585 3197 1688 3242 sijn
1712 3197 1915 3243 Goeverno
1940 3197 2194 3246 resteerde,
2219 3199 2321 3245 maer
2346 3198 2448 3244 alle
2473 3193 2701 3243 pretentie
2725 3191 2778 3238 op
2802 3188 2957 3235 voorsz

938 3307 1258 3358 Jaffanapatam
1282 3304 1337 3351 of
1363 3303 1416 3349 in
1442 3303 1523 3349 goo
1549 3302 1682 3348 moest
1708 3302 1922 3349 versoght
1946 3302 2133 3350 werden,
2159 3302 2213 3348 nu
2238 3302 2319 3348 soo
2344 3302 2478 3348 hadde
2504 3301 2558 3347 op
2584 3302 2637 3347 't
2664 3302 2929 3350 aentvangen

942 3411 1157 3459 nochtans
1183 3408 1398 3455 kennisse
1424 3407 1505 3453 van
1532 3407 1693 3453 specke
1720 3406 1935 3452 genomen,
1961 3407 2070 3454 ende
2096 3409 2311 3456 bevonden
2337 3409 2391 3454 d'
2417 3409 2579 3455 gijsen
2606 3409 2688 3456 Van
2713 3411 3037 3459 Jaffanapatam

937 3516 1218 3569 afgevaeren
1244 3515 1274 3561 3
1301 3513 1553 3559 schampans
1580 3512 1664 3557 met
1692 3512 1887 3560 /patsen
1915 3515 2000 3561 van
2026 3518 2167 3564 gaele
2193 3518 2585 3564 gerencontreert
2611 3519 2813 3569 hadden,

937 3622 1006 3668 die
1028 3620 1122 3666 niue
1143 3620 1190 3666 te
1212 3619 1305 3664 dien
1328 3619 1420 3665 oocq
1442 3618 1720 3666 vreedtsanich
1742 3621 1903 3670 vaeren,
1926 3625 2087 3671 woaeren
2109 3625 2202 3673 in't
2224 3629 2386 3675 gesight
2409 3628 2478 3674 van
2500 3627 2616 3673 voorn
2639 3628 2823 3674 schampan
2844 3627 3035 3679 gecomen,

932 3727 1006 3773 den
1030 3725 1200 3773 welcken
1224 3724 1273 3770 in
1296 3724 1345 3770 't
1369 3725 1588 3771 vervolgen
1612 3725 1855 3773 vierpijlen
1879 3728 1928 3774 op
1950 3728 2050 3774 haer
2072 3730 2292 3777 afschoot,
2315 3733 2509 3778 waerdoor
2533 3733 2606 3779 een
2631 3733 2875 3781 portugees—

821 3832 1023 3881 naturel
1051 3831 1339 3878 sodanichte
1367 3832 1626 3879 geraeckt,
1654 3833 1740 3878 dat
1768 3832 1969 3880 daervan
1997 3835 2285 3883 (gestorven
2313 3835 2342 3880 /
2371 3835 2486 3882 ende
2514 3837 2572 3882 In
2600 3834 2659 3882 S.
2686 3831 2716 3877 t
2743 3831 2889 3878 Thome

920 3943 1151 4000 begraven
1177 3941 1264 3988 Is,
1292 3941 1491 3987 wijders
1518 3943 1802 3991 d'schampan
1829 3946 2056 3993 geentert
2084 3948 2282 3994 hebben,
2310 3943 2479 3994 hadden
2508 3941 2565 3988 d'
2592 3939 2878 3988 daervinden

916 4046 1077 4102 Mooren
1104 4044 1289 4091 (syjnde
1315 4044 1369 4090 's
1394 4045 1660 4093 meerendeel
1685 4049 1765 4095 met
1791 4050 1844 4095 d'
1871 4050 2241 4099 boodtgevlught)
2266 4045 2643 4096 doodtgeslaegen

938 4183 1035 4230 den
1066 4180 1324 4228 Viceroij
1354 4180 1516 4226 hadde
1548 4180 1644 4226 het
1676 4181 2063 4231 aengeslaegen
2094 4187 2351 4234 Ioorsche
2383 4189 2577 4239 schip;
2605 4194 2736 4241 vrij

928 4285 1230 4333 verclaerdt,
1257 4283 1367 4330 ende
1392 4281 1477 4328 den
1504 4280 1642 4326 Cap.n
1668 4282 1887 4331 generael
1915 4286 2108 4332 belast;
2134 4287 2271 4333 alles
2298 4286 2544 4335 Costeloos
2572 4290 2627 4336 te
2654 4290 2956 4338 restitueren
2982 4293 3010 4338 —

0 667 92 714 e

0 945 84 992 N

155 946 228 992 inden

172 850 224 895 an

0 1136 118 1182 8

0 1461 185 1513 den

0 1569 233 1616 Monteren

0 1855 65 1900 0

5 1946 129 1996 800
168 1943 256 1993 st

166 2146 258 2192 lillo

152 2355 221 2401 lb

177 2467 239 2513 scr

124 2676 226 2722 foelij

0 2886 236 2941 aij

7 2367 29 2414 33

2716 582 2734 628 3
