3580 4883
1509 1064 1592 1109 16.
1620 1064 1813 1110 october
1841 1065 2035 1112 passado
2062 1067 2173 1113 over
2201 1068 2339 1114 Gale,
2367 1069 2478 1115 ende
2505 1071 2699 1117 Negombo
2727 1072 3031 1118 vertroecken
3059 1073 3115 1118 op
3142 1074 3225 1120 11.
3253 1074 3393 1121 decem

1507 1149 1627 1199 daer
1656 1150 1983 1198 aenvolgende
2013 1151 2311 1198 aengelandt
2340 1154 2459 1201 Is:)
2488 1156 2608 1202 daer
2636 1157 2727 1203 toe
2756 1159 3023 1206 vertonen,
3053 1161 3142 1206 wat
3172 1159 3380 1206 tsedert

1509 1241 1565 1287 d'
1590 1235 1782 1285 Jonghst
1808 1234 1892 1280 aen
1918 1235 1973 1280 v.
2000 1236 2055 1282 E.
2080 1236 2137 1282 d:
2163 1237 2572 1284 gecommuniceerde
2598 1240 2817 1287 advijsen
2843 1243 2926 1288 van
2952 1244 3089 1289 daer,
3115 1243 3170 1289 In
3197 1242 3389 1288 d'selve

1505 1320 1786 1373 quartieren
1813 1316 2123 1365 gepasseert,
2151 1317 2264 1363 ende
2290 1319 2543 1367 vhandelt,
2571 1322 2767 1370 d'onsen
2795 1325 2880 1372 tot
2907 1328 3048 1376 nader
3076 1331 3245 1379 ordre,
3272 1331 3385 1379 ende

1504 1401 1855 1456 regulement,
1886 1400 2206 1446 mitsgaders
2237 1401 2302 1447 d'
2333 1403 2429 1448 h=r
2460 1404 2748 1453 Gouvern=r
2778 1409 2907 1455 Joan
2938 1411 3193 1464 Thijss:,
3224 1419 3352 1465 ende

1503 1486 1787 1542 president
1818 1482 2133 1531 wollebrant
2164 1482 2479 1532 Geleijnss:
2510 1487 2921 1541 aengeschreven
2950 1497 3046 1546 Is,
3076 1501 3372 1553 gelieven,

1506 1585 1565 1635 u.
1592 1581 1649 1629 E.
1676 1578 1733 1625 d.
1760 1574 1845 1622 bij
1872 1572 1929 1619 d'
1957 1571 2126 1617 nevens
2154 1571 2323 1617 gaende
2350 1573 2519 1621 copien
2547 1576 2660 1622 ende
2686 1577 2968 1625 extracten,
2995 1581 3137 1628 (waer
3164 1583 3249 1629 van
3276 1584 3394 1636 jder

1497 1670 1647 1722 apart
1674 1663 1825 1714 onder
1852 1658 1972 1707 sijn
2001 1655 2180 1702 nomber
2209 1656 2624 1706 affgeteeckent)
2653 1662 2714 1709 te
2741 1665 3009 1714 beooghen,
3038 1670 3127 1715 tot
3156 1670 3396 1721 welckers

1495 1749 1814 1806 Jnnehouden
1844 1744 1973 1793 (als
2004 1742 2069 1789 Jn
2100 1741 2260 1786 desen
2291 1742 2641 1791 g'jnsereert
2672 1746 2800 1794 ende
2831 1750 2928 1797 ome
2958 1752 3087 1800 vEd:
3117 1754 3213 1800 met
3245 1752 3373 1799 geen

1495 1837 1718 1891 onnodige
1744 1832 1967 1881 redijten
1993 1830 2050 1876 t'
2076 1829 2354 1875 infaderen,
2382 1830 2437 1875 te
2465 1830 2575 1876 meer
2603 1831 2631 1876 v
2658 1831 2742 1877 Ed:
2769 1832 2991 1880 thcopus,
3018 1835 3130 1883 ende
3157 1838 3382 1888 d'subst„

1471 1929 1657 1981 „antie
1686 1922 1966 1972 raeckende
1996 1922 2089 1967 den
2119 1921 2305 1967 handel
2335 1920 2398 1966 In
2428 1921 2708 1972 bengalen,
2737 1929 3076 1980 Tansjouwer,
3107 1933 3231 1980 ende
3262 1930 3386 1978 madu

1487 2017 1578 2064 bij
1606 2012 1729 2061 onse
1759 2007 1940 2055 vorige
1970 2005 2213 2051 advijsen
2242 2006 2425 2053 bekent
2454 2008 2697 2056 gemaeckt
2726 2012 2817 2057 js,
2847 2012 2969 2059 waer
2998 2014 3119 2060 over
3149 2015 3211 2061 v.
3240 2017 3301 2063 E.
3331 2018 3397 2063 d.

1485 2099 1774 2155 rescriptie
1802 2097 2003 2143 tsijner
2030 2096 2174 2141 tijdt
2202 2095 2261 2141 te
2289 2096 2462 2141 gemoet
2490 2097 2605 2143 sie,
2633 2099 2805 2146 sijnde
2834 2101 2892 2146 t'
2919 2102 3120 2148 verdere
3149 2102 3263 2147 maer
3292 2101 3378 2147 een

1486 2188 1721 2239 gevolgh,
1749 2185 1837 2232 ten
1865 2184 2158 2229 meren-deel
2186 2185 2449 2231 d'advijso
2478 2185 2741 2233 dienende)
2770 2188 2857 2233 mij
2886 2188 3032 2235 onder
3061 2190 3207 2237 t'wel
3236 2192 3384 2240 nemen

1498 2283 1585 2329 van
1611 2277 1730 2326 vEd:
1756 2270 1990 2322 gedrage,
2018 2270 2077 2316 t'
2106 2271 2250 2317 nader
2279 2272 2453 2318 succes
2482 2273 2627 2319 werdt
2655 2274 2685 2320 v
2713 2275 2800 2321 Ed:
2829 2276 2916 2322 van
2945 2277 3090 2325 tijdt
3118 2280 3205 2326 tot
3234 2279 3379 2327 tijdt

1499 2362 1756 2413 cundigh
1791 2358 2124 2406 gemaeckt.

1481 2544 1729 2591 d'saecken
1756 2547 1866 2594 Int'
1894 2549 2031 2595 landt
2059 2550 2141 2595 van
2169 2549 2361 2595 sinsier
2389 2549 2581 2596 blijven
2609 2551 2719 2597 noch
2745 2551 2801 2597 In
2829 2551 2994 2597 vorige
3021 2549 3242 2596 posture,
3269 2546 3380 2595 soud

1486 2630 1580 2678 dat
1611 2630 1737 2677 noch
1766 2630 1892 2677 voor
1922 2629 2078 2674 eerst
2109 2629 2389 2675 daerinne,
2420 2630 2607 2677 Immers
2638 2632 2732 2677 soo
2763 2631 2918 2677 lange
2949 2631 3229 2678 chinanna,
3259 2629 3385 2676 ende

1485 2716 1691 2767 Connere
1720 2713 1925 2761 chittij
1954 2712 2129 2758 bijden
2158 2711 2333 2757 Reijcq
2362 2711 2479 2756 noch
2508 2711 2830 2761 eenighsints
2858 2716 2917 2763 Jn
2946 2718 3179 2765 credijt,
3208 2715 3326 2765 ende

1480 2803 1859 2855 d'differenten
1888 2800 2062 2848 metten
2091 2797 2295 2845 Conincq
2324 2798 2440 2844 tsij
2468 2798 2586 2844 door
2614 2800 2818 2848 wapenen
2847 2803 2964 2850 ofte
2991 2804 3225 2851 accoort,
3254 2805 3371 2851 niet

1483 2895 1572 2941 ter
1601 2893 1750 2940 neder
1779 2891 1987 2939 geleght
2016 2888 2165 2935 sijn,
2194 2885 2372 2933 eenige
2402 2885 2640 2932 vorderlk
2668 2888 3025 2938 veranderinge
3053 2893 3352 2944 t'erlangen

1476 2975 1721 3025 hebben.

1400 3152 1633 3210 Middeler
1661 3146 1806 3195 wijle
1835 3145 1951 3191 sijn
1978 3142 2241 3190 velerleij
2269 3142 2502 3189 middelen
2530 3145 2618 3191 bij
2646 3147 2733 3192 mij
2762 3147 2994 3194 bedacht,
3023 3149 3139 3194 omme
3167 3148 3226 3194 s'
3254 3146 3371 3193 comp

1474 3236 1642 3286 cap:l,
1669 3232 1753 3280 die
1779 3230 1835 3276 nu
1862 3229 1918 3274 op
1944 3228 2028 3274 een
2056 3227 2194 3273 goedt
2221 3228 2441 3275 gelooff,
2469 3230 2579 3275 ende
2607 3230 2718 3277 vrij
2744 3232 2883 3280 verre
2910 3236 3048 3282 vande
3075 3238 3213 3283 handt
3241 3238 3403 3285 risic

1452 3327 1600 3383 „ren,
1625 3321 1687 3371 In
1713 3316 1801 3365 een
1828 3312 2031 3360 simpele
2059 3310 2203 3357 logie
2231 3310 2289 3356 op
2318 3311 2520 3356 leggen,
2548 3312 2663 3358 ende
2691 3314 2836 3362 onder
2864 3317 2951 3363 een
2978 3318 3094 3368 noch
3122 3323 3352 3374 weijnigh

1469 3399 1903 3461 gefrequenteert
1932 3395 2119 3444 volck,
2150 3394 2242 3440 die
2273 3394 2397 3440 seer
2428 3395 2768 3446 schrapende,
2799 3401 2922 3448 ende
2953 3403 3359 3453 wispeltuerich

1469 3497 1612 3547 sijn,
1639 3484 1981 3540 distribueren
2009 3481 2208 3528 moeten,
2236 3481 2379 3527 beter
2407 3483 2464 3529 te
2492 3484 2776 3533 segureren,
2804 3487 3003 3532 d'selve
3031 3487 3089 3533 op
3117 3488 3232 3534 ende
3258 3491 3347 3538 aff

1472 3588 1531 3636 te
1557 3578 1757 3631 senden,
1783 3573 1898 3621 ende
1925 3569 2040 3617 onse
2068 3567 2436 3614 competiteurs,
2464 3569 2606 3617 aller
2634 3572 2804 3619 weghen
2832 3574 2861 3620 (
2888 3575 2974 3620 soo
3002 3575 3115 3620 veel
3142 3572 3370 3620 doenlijk

1468 3670 1527 3720 te
1554 3657 1892 3714 prevenieren,
1919 3654 2005 3701 een
2031 3651 2257 3699 bequame,
2285 3651 2398 3696 ende
2426 3651 2510 3697 wel
2538 3652 2736 3703 gelegen
2762 3659 2988 3707 plaetse,
3016 3662 3212 3707 buijten
3241 3661 3384 3707 sware

1463 3745 1751 3804 belastinge
1778 3741 1894 3790 ende
1921 3735 2208 3786 besettinge
2235 3734 2408 3780 uijtte
2435 3735 2664 3785 soncken,
2692 3741 2807 3789 doch
2835 3744 2978 3790 hebbe
3006 3746 3206 3792 d'selve
3234 3747 3378 3793 noijt

1462 3838 1525 3888 in
1552 3826 1853 3882 diervougen
1881 3822 2062 3871 cunnen
2092 3820 2421 3867 uijtvinden,
2450 3821 2510 3866 t'
2539 3821 2600 3867 Is
2629 3821 2719 3868 wel
2749 3823 2900 3870 sulcx
2928 3827 2988 3872 d'
3017 3828 3286 3876 fortresse
3315 3829 3379 3876 jn

1459 3916 1832 3972 Tegenampath,
1861 3911 1956 3960 als
1985 3906 2203 3955 wanneer
2234 3905 2451 3951 d'selve
2482 3905 2607 3953 uijt
2637 3909 2823 3958 handen
2853 3914 3041 3966 vanden
3070 3922 3257 3970 Neijcq
3287 3926 3380 3972 van

1464 4009 1659 4061 enisier
1685 4003 1853 4053 conden
1880 3999 2103 4047 becomen,
2130 3996 2242 4044 daer
2269 3995 2353 4041 toe
2380 3994 2492 4041 seer
2519 3996 2769 4047 dienstigh
2797 4002 2936 4052 sijn,
2963 4008 3075 4055 doch
3102 4011 3381 4060 Innegesien

1465 4094 1761 4148 d'oncosten
1788 4090 1908 4138 ende
1937 4088 2144 4135 lasten,
2174 4088 2262 4133 die
2290 4087 2558 4134 soodanige
2587 4089 2883 4141 besettinge
2911 4097 3030 4145 naer
3058 4101 3178 4149 sich
3206 4106 3383 4155 slepen

1464 4188 1590 4239 ende
1620 4184 1714 4232 wij
1743 4181 1837 4228 met
1868 4178 2177 4226 t'aenraden
2208 4178 2301 4224 van
2331 4179 2486 4225 sulcx
2516 4181 2733 4229 buijten
2763 4185 2948 4234 vorige
2979 4189 3227 4242 meningh,
3257 4194 3382 4243 ende

1815 335 2275 393 Coromandel

3006 344 3208 394 1646

1832 450 1979 498 Copir
2008 448 2213 495 missive
2243 446 2418 493 darden
2447 444 2740 491 Gouverneur
2769 444 2946 491 Arnold
2974 447 3179 492 Heussen

1828 545 1879 591 In
1901 540 2005 589 dato
2029 536 2131 585 ult.
2156 535 2182 580 o
2207 536 2334 582 febr:
2358 535 2409 580 p.
2434 535 2461 581 r
2484 535 2536 581 't
2560 534 2586 579 '
2611 533 2713 579 acht
2737 533 2814 579 lis
2839 532 2915 578 aen
2939 529 3041 576 haer
3066 520 3195 573 Ed=ns

3157 4294 3375 4345 reecq:

772 237 1129 284 al1ha
