3567 4801
2765 531 2959 604 970

1032 552 1423 613 1646

990 559 1018 605 1

754 568 977 631 Julij

932 713 1074 767 brief
1100 710 1186 758 van
1214 707 1325 755 sijn
1352 704 1632 752 excelentie
1659 702 1828 748 daerin
1855 697 2163 747 toesegginge
2189 693 2330 741 doedt
2357 693 2469 739 omme
2496 689 2720 738 voortaen
2746 674 3001 734 passaduls

918 824 982 878 te
1007 811 1300 866 verleenen,
1328 809 1474 856 onder
1503 806 1735 854 Conditie
1764 805 1851 851 dat
1879 802 1967 850 den
1996 801 2402 850 ordinairischen
2430 797 2518 846 Tol
2546 794 2605 841 in
2633 789 2808 839 deaman
2834 786 2895 834 of
2923 784 2983 831 te

924 920 1067 977 dieuw
1091 909 1314 963 betaelen
1340 899 1557 953 sullen—

783 1067 817 1115 A
839 1056 902 1108 21
925 1045 987 1097 d.
1014 1040 1043 1085 o
1069 1033 1243 1083 become
1271 1030 1444 1077 alhier
1469 1022 1558 1074 p.r
1585 1014 1902 1066 Pattamoiers
1930 1012 2045 1060 uijt
2073 1010 2331 1057 Bengaelen
2359 1007 2560 1054 meisive
2589 1005 2761 1051 vanden
2786 1000 2961 1050 opper„

934 1133 1158 1190 Coopman
1189 1132 1253 1177 S.
1284 1131 1318 1177 r
1345 1121 1541 1174 Thomas
1572 1116 1765 1165 Cuijck
1795 1108 2086 1159 gedateert
2116 1110 2213 1158 5en
2244 1107 2405 1157 Meije
2435 1098 2660 1151 daerbij
2691 1096 2858 1144 onder

938 1235 1142 1287 anderen
1170 1230 1489 1279 g'adviseert
1517 1227 1663 1275 werdt
1691 1223 1866 1271 hoedat
1895 1222 1953 1267 't
1981 1212 2387 1266 moorscheschip,
2414 1209 2503 1256 dat
2532 1206 2706 1254 aldaer
2734 1205 2824 1253 van
2849 1209 2879 1255 —

934 1343 1113 1396 atchin
1142 1340 1378 1388 gecomen,
1404 1336 1525 1385 ende
1554 1334 1731 1381 aenden
1759 1330 1937 1379 grondt
1965 1327 2232 1375 geraeckt,
2260 1325 2378 1371 naer
2405 1322 2467 1370 10
2494 1314 2644 1366 dagen
2669 1309 2880 1358 sittens
2902 1310 2937 1359 —

931 1456 1188 1508 afcregen
1217 1450 1346 1499 ende
1378 1447 1505 1495 Inde
1536 1446 1728 1495 revier
1758 1439 1981 1489 gebragh
2009 1436 2045 1484 t
2074 1430 2174 1479 was

968 1623 1011 1672 T
1046 1610 1235 1664 heeft
1272 1607 1500 1655 aldaer
1535 1603 1763 1653 eenige
1800 1602 1989 1648 dagen
2027 1603 2292 1649 naerden
2327 1596 2592 1650 anderen
2629 1589 2782 1641 seer

935 1710 1150 1769 geregent
1176 1708 1389 1756 waerdoor
1415 1704 1628 1753 d'landen
1654 1702 1866 1749 sodanich
1893 1702 1999 1747 niet
2025 1701 2158 1747 water
2185 1701 2397 1747 vervuldt
2424 1698 2557 1747 sijn,
2581 1694 2663 1742 dat
2689 1693 2769 1738 den
2795 1689 2956 1739 plough

937 1816 1043 1863 niet
1066 1804 1330 1859 gebruijckt
1354 1800 1434 1848 kan
1460 1799 1643 1847 werden,
1668 1800 1722 1846 't
1747 1800 1879 1847 welcq
1904 1802 1983 1847 ten
2007 1800 2087 1847 sij
2113 1799 2192 1845 den
2217 1799 2401 1845 almogen
2426 1798 2505 1844 den
2530 1795 2662 1843 regen
2687 1789 2798 1839 doet

930 1912 1165 1969 ophouden
1193 1911 1370 1957 aldaer
1398 1909 1458 1956 in
1487 1909 1545 1954 't
1575 1903 2190 1955 gewasseerschaedelijck
2217 1899 2365 1946 wesen
2394 1894 2512 1942 sal,
2540 1891 2599 1938 en
2627 1877 2863 1935 Welgrote

923 2015 1097 2068 duerte
1124 2012 1240 2058 (dat
1266 2008 1354 2055 den
1383 2008 1585 2054 olmogen
1612 2005 1872 2055 Verhoeden
1896 2004 2043 2051 mocht
2072 1997 2445 2049 veroorsaecken

913 2149 1337 2209 Deeckerschip
1371 2147 1477 2193 van
1513 2142 1867 2192 meeckbeecq
1901 2142 2148 2190 comende
2183 2141 2325 2188 uijt
2360 2140 2572 2187 atchin
2607 2137 2678 2185 Is
2711 2131 2819 2181 bij
2851 2127 2893 2175 —

946 2275 1203 2331 arsapour
1234 2273 1331 2321 14.
1360 2270 1395 2318 e
1426 2265 1650 2313 passaso
1682 2262 1970 2310 doorstorm
2000 2257 2322 2306 gestrandt,
2354 2253 2547 2301 sdeeft
2577 2256 2641 2301 en
2673 2251 2996 2302 Eliphanten

948 2404 1003 2452 't
1025 2393 1186 2446 vercus
1210 2386 1369 2438 konden
1393 2381 1552 2430 d'onse
1577 2376 1683 2425 niet
1708 2372 1945 2419 vernemen,
1968 2370 1998 2417 —

916 2536 1034 2585 den
1071 2531 1188 2580 25.
1224 2525 1305 2576 en
1343 2518 1538 2567 april
1575 2512 1731 2562 quam
1769 2510 2003 2557 aldaer
2041 2508 2158 2555 Van
2196 2504 2585 2554 nagapatanj
2623 2496 2895 2548 seecker

980 2619 1591 2687 Oortugees'tscheepken
1622 2615 1806 2664 sijnde
1836 2612 2050 2660 beladen
2080 2612 2172 2658 met
2203 2608 2479 2659 spiulter,
2508 2604 2662 2654 thin,
2690 2596 2876 2647 peper,
2906 2595 2937 2641 E
2965 2592 2998 2639 —

883 2790 1283 2862 Mierschalie
1317 2785 1428 2834 die
1463 2779 1681 2829 aldaer
1715 2775 1898 2823 grote
1934 2774 2188 2821 partije
2223 2770 2514 2817 robijnen
2549 2769 2695 2815 uyjt
2731 2766 2912 2815 peguw
2944 2762 2985 2811 —

927 2899 1156 2953 gebraght
1182 2892 1354 2944 heeft,
1381 2889 1496 2937 sijn
1523 2885 1609 2933 bij
1636 2882 1722 2930 hem
1750 2882 1807 2927 d'
1834 2881 1920 2927 een
1948 2881 2090 2927 heeft
2118 2881 2288 2927 laeger
2316 2881 2373 2926 in
2401 2878 2543 2926 prijs
2570 2875 2685 2922 (als
2711 2870 2798 2919 die
2824 2859 2968 2914 vande

931 2999 1224 3056 Compagnie
1256 2999 1322 3045 In
1354 2995 1518 3044 pegum
1550 2994 1779 3040 gekocht
1810 2990 2073 3039 vercotht
2105 2984 2400 3035 gewerden,

743 3163 843 3222 Agn
870 3149 936 3200 b:
965 3136 1126 3189 weert
1156 3130 1253 3180 byj
1285 3130 1350 3176 d'
1380 3125 1446 3175 E:
1476 3123 1540 3168 H.
1564 3117 1604 3168 r
1633 3110 1955 3159 gouverneur
1985 3106 2178 3153 Arnold
2207 3096 2433 3152 Beutsen
2464 3091 2624 3141 goedt
2655 3087 2916 3136 gevonden

934 3246 993 3293 't
1018 3237 1163 3289 schip
1189 3226 1420 3281 schiedam
1448 3224 1534 3269 van
1561 3223 1676 3269 hier
1705 3223 1819 3269 naer
1847 3218 2133 3268 Narcapour,
2159 3214 2275 3262 omme
2304 3212 2475 3259 aldaer
2502 3206 2646 3257 goede
2674 3193 2991 3250 quantiteijt

937 3353 1083 3404 Nieij
1108 3347 1199 3397 die
1228 3345 1315 3392 uyt
1342 3339 1663 3389 diveerschen
1691 3334 2011 3383 haerhandsen
2039 3332 2156 3378 niet
2184 3327 2532 3377 Iegenstaende
2561 3325 2649 3372 tot
2676 3317 2967 3368 excessiven

945 3467 1178 3523 prijse,
1209 3461 1342 3512 doch
1374 3457 1602 3504 naerder
1635 3451 1994 3502 sculagiemen
2022 3442 2190 3496 vande
2222 3435 2386 3487 stadt
2417 3430 2777 3481 palliacatta
2807 3425 2908 3475 met
2939 3423 2977 3471 —

938 3585 1152 3642 cleenep
1181 3576 1456 3629 artytgens
1484 3571 1668 3620 hebben
1698 3566 1881 3616 moeten
1909 3560 2185 3611 breecken,
2215 3559 2276 3605 t'
2305 3547 2702 3605 Inbarcqueren,
2729 3529 3007 3590 t'schickn

937 3703 1040 3753 met
1071 3693 1241 3746 ordre
1274 3689 1409 3737 ende
1441 3675 1879 3733 recommandatie
1912 3675 2013 3721 aen
2047 3675 2114 3721 d'
2146 3664 2551 3720 opperhoofden
2583 3659 2685 3708 met
2717 3655 2786 3703 't
2818 3653 2988 3701 laden

922 3827 984 3877 d'
1010 3811 1190 3870 Nillij
1215 3804 1307 3854 soo
1334 3798 1454 3848 drae
1482 3792 1748 3842 mogelijck
1776 3790 1836 3836 te
1864 3788 2130 3834 spoedigen
2159 3789 2219 3835 op
2245 3787 2336 3835 dat
2363 3782 2542 3830 Iegens
2570 3778 2718 3826 medio
2747 3775 2954 3824 angusto

926 3928 1104 3987 weder
1136 3922 1244 3972 ter
1277 3915 1452 3965 rhede
1486 3905 1906 3959 masulipatam,
1940 3899 2359 3949 verschijnen,
2393 3895 2533 3942 ende
2568 3893 2815 3944 vandaer

930 4047 1026 4098 als
1053 4039 1149 4090 dan
1179 4033 1303 4083 door
1332 4030 1396 4078 d'
1424 4026 1519 4073 H:r
1549 4024 1612 4071 dn
1642 4021 1797 4069 alier
1827 4018 1951 4065 Naer
1981 4013 2322 4062 palliacatta
2350 4006 2723 4058 gedespeceert
2754 4000 2939 4052 werden

919 4154 1253 4212 mach

0 698 109 747 de

0 797 173 845 ander

0 1157 141 1209 drije

0 1267 275 1314 heeft

94 1910 152 1955 it

0 2005 154 2053 edaen
182 2007 213 2053 —

0 2101 147 2149 dit

0 2203 206 2249 suijver

15 3749 70 3794 8
