3431 4671
510 848 778 912 Swarte
820 840 909 888 La

543 914 901 973 france

477 1004 917 1089 spaenslere.

541 1103 771 1156 0

483 1179 686 1238 roogh
723 1178 927 1236 leere

1454 1125 1554 1175 Wij
1579 1128 1780 1176 hebben
1811 1130 1909 1178 int
1942 1133 2104 1181 schip
2136 1136 2234 1182 den
2266 1137 2560 1189 Eliphant,
2591 1145 2689 1193 soo
2721 1148 2885 1198 veele
2916 1154 3208 1211 goederen,

1501 1213 1595 1262 als
1624 1213 1716 1261 ons
1746 1217 2018 1267 doenlijcq
2048 1222 2109 1267 te
2139 1223 2382 1275 becomen,
2411 1231 2533 1280 ende
2562 1236 2654 1284 den
2682 1240 2806 1292 tijt
2834 1248 3017 1300 lijden
3046 1257 3197 1307 wilde

1491 1319 1823 1367 gebercht,
1858 1320 2334 1371 Namentlijck/.

1519 1437 1655 1484 100„
1688 1435 1926 1483 sockels
1959 1437 2230 1491 foelije,

1559 1515 1667 1561 82:
1703 1515 1884 1561 Balen
1920 1515 2209 1567 campher,
2244 1523 2390 1572 ende
2424 1526 2678 1573 ontrent

1553 1596 1677 1643 80„
1718 1598 1926 1647 balen
1966 1603 2223 1660 kaneel

1468 1711 1641 1762 Twelcq
1669 1710 1756 1756 van
1785 1710 1871 1756 soo
1900 1711 1986 1756 een
2015 1711 2275 1757 Capitael,
2303 1713 2361 1759 en
2389 1714 2591 1762 geladen
2618 1718 2793 1772 schip,
2820 1728 2935 1777 seer
2964 1730 3196 1777 weijnich
3223 1730 3283 1777 is

1497 1794 1649 1839 ende
1686 1795 1913 1840 voorde
1951 1795 2027 1841 E:
2064 1796 2292 1846 Comp=e
2328 1802 2405 1849 te
2442 1805 2747 1861 beclagen
2781 1818 2973 1870 valt,
3009 1826 3240 1880 Echter

1460 1890 1763 1936 verhoopen,
1793 1891 1884 1937 (de
1914 1890 2066 1935 wijle
2095 1891 2156 1936 't
2185 1891 2368 1942 schip,
2398 1897 2520 1945 noch
2549 1902 2642 1950 bij
2670 1907 2763 1956 nae
2790 1913 2943 1964 hecht
2972 1921 3064 1970 js,
3093 1926 3214 1973 ende

1479 1992 1542 2038 de
1573 1990 1854 2037 jngeladen
1884 1989 2352 2041 coopmanschappen
2381 1997 2475 2044 int
2505 1999 2693 2049 ruijm,
2723 2006 2818 2054 met
2847 2011 2910 2059 de
2940 2014 3066 2062 pomp
3095 2019 3286 2068 drooch

1480 2094 1672 2141 connen
1705 2096 1961 2144 gehouden
1993 2099 2219 2145 werden)
2250 2099 2442 2146 metter
2475 2099 2604 2144 tijt
2635 2100 2765 2149 noch
2794 2105 2861 2151 al
2891 2107 3022 2158 veel
3051 2115 3212 2166 goede

1452 2205 1517 2253 te
1548 2202 1770 2249 bergen,
1802 2200 1897 2247 tot
1928 2200 2150 2248 welcken
2180 2203 2403 2251 eijnde,
2432 2205 2561 2252 ende
2591 2206 2655 2252 om
2686 2207 2845 2255 zulcx
2875 2210 2973 2260 bij
3001 2218 3099 2268 der
3128 2225 3290 2279 hande

1455 2315 1525 2363 te
1559 2312 1766 2359 nemen,
1800 2310 1904 2356 den
1935 2309 2077 2357 vice
2110 2311 2420 2357 Command=r
2454 2311 2558 2357 van
2592 2313 2662 2360 't
2695 2316 2834 2367 zum,
2867 2324 2973 2374 met
3004 2332 3211 2389 sijnen

1452 2427 1555 2474 bij
1589 2427 1895 2473 hebbenden
1927 2423 2099 2473 Raet,
2132 2421 2268 2468 goet
2301 2420 2575 2471 gevonden
2608 2427 2812 2476 heeft,
2846 2431 3051 2484 alhier
3083 2441 3190 2493 aen

1464 2519 1661 2567 landt,
1692 2522 1792 2568 een
1823 2523 1986 2570 Cleen
2019 2525 2280 2574 fortjen,
2312 2529 2444 2575 ofte
2475 2531 2769 2582 viercant,
2801 2538 2900 2586 van
2931 2543 3193 2597 ongeveer

1461 2614 1562 2663 450
1595 2619 1795 2667 voeten
1827 2622 1927 2669 int
1960 2623 2293 2669 viercandt,
2326 2623 2426 2669 tot
2459 2625 2626 2674 onser
2658 2630 2926 2684 defentie
2957 2641 3191 2690 voorden

1434 2727 1634 2776 vijant
1666 2727 1733 2773 op
1765 2726 1833 2773 te
1865 2724 2099 2770 werpen,
2131 2724 2365 2770 'twelcq
2397 2725 2563 2771 Reede
2596 2726 2698 2774 met
2728 2731 2863 2779 hulp
2894 2735 2995 2784 van
3027 2741 3226 2794 volcq,

1447 2835 1573 2883 vant
1604 2837 1759 2884 schip
1789 2836 1883 2883 den
1913 2832 2192 2881 Oliphant,
2223 2831 2316 2877 bij
2346 2829 2471 2875 naer
2502 2829 2565 2875 in
2595 2831 2812 2883 effecte
2842 2839 2906 2886 is
2935 2842 3215 2899 gebracht,

1451 2937 1518 2984 de
1547 2941 1839 2990 provisie,
1870 2938 2161 2985 ammonitie
2193 2937 2290 2983 van
2321 2936 2614 2984 oorlooge,
2645 2941 2743 2989 als
2774 2944 3131 3002 andersints,

1441 3040 1538 3087 soo
1568 3040 1697 3088 veel
1729 3043 1824 3088 ons
1856 3042 2175 3088 doenelijcq
2206 3043 2429 3091 geweest
2460 3046 2557 3094 is,
2588 3050 2781 3097 hebben
2811 3054 2909 3103 aen
2938 3060 3098 3108 landt
3130 3063 3261 3112 sien

1432 3146 1502 3193 te
1536 3146 1812 3191 becomen,
1846 3146 2053 3193 hebben
2087 3146 2225 3193 mede
2259 3148 2398 3196 naer
2432 3151 2571 3199 veel
2603 3156 2847 3211 gravens
2879 3168 3018 3219 inde
3051 3174 3192 3225 sant

1438 3252 1677 3298 duijnen
1707 3249 1914 3297 (alsoo
1948 3250 2084 3297 geen
2116 3252 2287 3300 water
2320 3256 2458 3306 daer
2489 3262 2559 3311 te
2591 3267 2830 3320 becomen
2862 3276 3000 3323 was)
3032 3280 3135 3329 een

1421 3353 1618 3404 goeden
1649 3359 1845 3406 aders,
1876 3355 1976 3403 die
2007 3356 2138 3402 goet
2170 3358 2366 3409 varsch
2397 3364 2562 3413 water
2592 3368 2692 3415 van
2723 3371 2855 3422 sich
2886 3379 2952 3425 is
2983 3380 3292 3432 opgegeven

1425 3465 1671 3512 gevonden,
1695 3460 1780 3511 dat
1805 3457 1888 3504 een
1915 3456 2106 3503 grooten
2132 3458 2323 3507 troost,
2350 3462 2407 3510 in
2431 3466 2542 3515 dese
2567 3471 2897 3529 gelegenth„t,
2920 3487 3030 3534 door
3057 3489 3139 3535 ons
3166 3490 3254 3539 is,

1293 3691 1433 3745 Ende
1463 3684 1537 3733 de
1571 3682 1746 3728 wijle
1780 3681 1921 3727 mijn
1954 3683 2200 3732 persoon
2233 3689 2652 3739 geordonneert
2687 3694 2792 3740 js,
2825 3695 2897 3743 om
2931 3699 3038 3749 met
3070 3706 3177 3756 den

1418 3778 1891 3825 opperstuijrman
1923 3781 2092 3831 Claes
2125 3786 2430 3838 winckels.
2462 3795 2598 3844 ende
2631 3799 2733 3847 den
2765 3803 2934 3851 opper
2968 3805 3271 3852 assistent

1362 3889 1654 3937 Nicolaes
1691 3890 2056 3938 Hornecker,
2091 3894 2310 3945 Nevens
2345 3900 2494 3951 noch
2527 3908 2602 3957 57
2636 3905 3003 3970 persoonen,
3035 3926 3220 3972 (waer

1354 4013 1459 4062 van
1491 4014 1558 4062 de
1592 4014 1793 4062 lijste
1826 4014 1961 4060 hier
1994 4016 2196 4069 nevens
2228 4024 2396 4071 gaet)
2429 4024 2632 4076 alhier
2664 4032 2734 4082 te
2764 4040 3134 4105 verblijven,

2883 4377 3056 4428 om

440 1698 932 1759 Bevindingher

405 1847 776 1895 Perovisien
810 1845 888 1894 I.

423 1980 563 2027 ende
597 1979 668 2024 de
701 1975 913 2024 Provin

534 2116 894 2174 Zeelant
