3410 4985
1107 561 1233 609 doch
1264 565 1421 611 vande
1450 568 1888 622 aengenaemheijt
1918 577 2043 624 ofte
2073 579 2230 628 niet,
2261 584 2323 630 is
2354 583 2448 630 mij
2478 584 2761 633 weijnicgh
2790 589 3166 645 voorgecomen,

1133 679 1197 728 zo
1227 684 1351 732 sijn
1382 686 1476 732 ooc
1506 687 1568 733 de
1599 688 1942 743 verresiende
1971 700 2190 748 stocken
2220 704 2530 750 ondienstul
2561 704 2872 752 geoordeelt
2903 707 3185 759 derhalven

1127 798 1316 845 sonder
1346 800 1474 848 eens
1504 804 1662 853 meede
1691 810 1755 857 te
1786 812 1976 865 ninen,
2004 821 2069 867 in
2100 822 2446 874 wangasackij
2476 828 2696 875 gelaten
2727 828 2854 874 alle
2884 828 2947 874 de
2978 826 3204 880 doncker

1126 916 1278 964 Camer
1308 920 1491 968 geasen
1520 924 1826 978 leesglasen
1854 934 2008 985 brand
2036 941 2219 993 glasen
2249 948 2370 996 ende
2400 951 2765 998 diergelijcke
2795 952 2917 999 metk
2947 951 3069 999 door
3099 954 3195 1002 den

1124 1037 1273 1087 hetre
1302 1042 1747 1095 'tsickingodonne
1775 1051 2044 1105 ontbooden
2070 1063 2190 1111 ende
2218 1067 2337 1115 sijn
2366 1069 2485 1115 Ed„s
2514 1070 2899 1120 gepresenteert
2928 1073 3076 1124 zijn,
3105 1077 3195 1123 als

1117 1156 1404 1206 onbequaem
1435 1161 1564 1211 ofte
1594 1167 1722 1216 niet
1753 1172 1850 1220 nae
1880 1177 2169 1228 tbegeekde
2199 1184 2423 1233 faesoen
2453 1189 2549 1235 ons
2581 1190 2805 1237 wederom
2835 1192 3188 1242 toegecomen,

1112 1275 1177 1323 't
1207 1280 1678 1343 planchtboeckjen
1708 1299 1866 1348 waere
1896 1304 2022 1352 sijn
2053 1306 2147 1352 Ed:
2178 1306 2399 1354 ontgaen
2429 1310 2711 1357 geeijscht
2743 1312 2931 1358 hadde,
2962 1310 3094 1360 doch

1119 1394 1322 1444 echter
1354 1400 1655 1455 behouden,
1688 1410 1756 1458 't
1788 1413 2022 1465 kistjen
2056 1420 2157 1466 met
2189 1422 2591 1472 medicamenten
2624 1427 2691 1473 is
2724 1426 2858 1472 mede
2892 1426 3025 1471 niet
3059 1422 3159 1471 wae

1115 1513 1306 1561 waarde
1336 1515 1683 1570 geextimeert
1712 1526 1808 1575 dat
1837 1530 2028 1578 gelove
2057 1535 2497 1592 voornamentlijk
2528 1547 2749 1593 vermits
2779 1548 2843 1593 om
2873 1548 3188 1596 nidicheijt

1116 1631 1245 1679 ende
1276 1631 1341 1677 't
1371 1633 1658 1689 gebruijck
1687 1645 1784 1695 van
1814 1651 1942 1700 dien
1973 1656 2226 1707 onstaet,
2258 1662 2386 1709 niet
2416 1665 2481 1711 te
2511 1667 2608 1715 min
2638 1671 2765 1718 door
2797 1673 2892 1718 den
2923 1670 3150 1719 Barbiek

1112 1752 1238 1800 waer
1268 1753 1362 1801 toe
1391 1757 1701 1811 dienstich,
1730 1768 1886 1818 alles
1914 1775 2039 1826 doen
2069 1782 2470 1839 aenteijckenen
2500 1794 2593 1840 den
2623 1794 2747 1840 roep
2777 1795 2870 1842 was
2901 1796 3055 1842 groot
3085 1796 3179 1843 nae

1110 1874 1270 1921 monie
1302 1875 1461 1925 datse
1492 1881 1652 1931 mirre
1682 1887 1907 1943 noemen,
1936 1900 2161 1954 wanneer
2191 1910 2510 1965 naederhand
2540 1921 2858 1972 verstonden
2890 1927 3049 1973 onder
3080 1927 3181 1974 ge„

1114 1984 1297 2033 seijde
1326 1989 1630 2048 medecijnen
1658 2005 1872 2063 weijnig
1899 2020 2051 2072 momie
2080 2027 2203 2076 was,
2232 2031 2414 2082 scheen
2443 2038 2656 2086 'tzelve
2685 2041 2898 2092 gelijck
2927 2047 3019 2093 den
3047 2046 3201 2094 tolck

1104 2104 1528 2165 rapporteerden
1558 2122 1884 2182 aengenamen
1915 2138 2014 2188 als
2044 2146 2175 2193 alle
2207 2149 2273 2196 de
2304 2152 2662 2205 restitkende
2694 2159 3052 2208 medecijnen,
3084 2158 3182 2205 wes

1104 2235 1168 2280 in
1200 2235 1551 2291 toecommende
1581 2247 1743 2298 goede
1772 2255 2123 2315 quantiteijt
2155 2270 2412 2320 gesonden
2442 2277 2634 2324 diekt,
2664 2279 2793 2329 daer
2824 2284 2920 2330 van
2952 2284 3016 2330 in
3047 2282 3146 2330 els

1096 2357 1286 2408 aparte
1317 2363 1539 2413 notitie
1569 2369 1665 2417 ons
1694 2373 1823 2422 mede
1852 2379 2105 2429 gegeven,
2135 2385 2325 2432 nevens
2355 2387 2545 2436 andere
2575 2390 2986 2446 Cleijnuheeden
3016 2401 3174 2447 nieu:

1108 2483 1199 2532 wen
1228 2484 1404 2535 eijsch
1432 2490 1580 2538 doet,
1608 2494 1697 2541 die
1725 2496 2048 2550 doenelijcke
2076 2507 2252 2556 zijnde
2281 2511 2487 2560 voldaen
2515 2516 2691 2565 dienen
2720 2520 2779 2565 al
2808 2520 2867 2565 zo
2895 2521 2983 2566 aen
3011 2517 3159 2566 desen

1107 2607 1260 2654 heere
1291 2608 1629 2657 g'woechsaem
1658 2613 1720 2659 's
1749 2615 1935 2669 Comp:e
1963 2625 2057 2674 wel
2086 2630 2210 2677 ofte
2238 2633 2485 2684 qualijck
2514 2640 2698 2689 vaeren
2728 2644 2790 2691 is
2820 2646 3218 2709 dependeeren/.

690 2888 757 2935 De
784 2881 1151 2931 Rariteijten
1183 2887 1347 2936 desen
1380 2890 1546 2937 Iaare
1577 2894 1807 2946 becomen
1840 2900 1939 2946 tot
1971 2900 2336 2949 schenckagie
2365 2907 2793 2957 Geprojecteert
2826 2911 2958 2959 sijn
2990 2912 3123 2959 ver„

1103 3006 1381 3053 schelijde
1410 3006 1565 3052 naare
1595 3008 1810 3057 stucken
1840 3012 1964 3058 ende
1993 3014 2394 3072 ongetwijffelt
2422 3026 2699 3073 aengenaem
2729 3025 2883 3071 wesen
2914 3024 3130 3073 zullen.

1093 3121 1442 3172 insonderh,
1477 3120 1615 3166 dijt
1649 3120 1719 3166 de
1753 3122 2031 3175 Cameelen
2065 3132 2170 3178 die
2203 3134 2308 3181 den
2341 3137 2687 3192 Gouverneur
2722 3145 3138 3196 Compassdonne

1090 3237 1309 3284 wetfens
1339 3236 1403 3281 de
1433 3235 1559 3281 heer
1589 3235 1684 3282 van
1714 3237 1871 3284 arima
1902 3239 2090 3289 zelffe
2121 3245 2185 3292 op
2214 3248 2279 3296 't
2308 3253 2528 3304 eijland
2558 3261 2653 3308 zun
2683 3264 2840 3313 Comen
2870 3269 3185 3319 besugtigen

1093 3351 1257 3399 zulcx
1290 3351 1617 3398 vertrouwen
1650 3353 1715 3398 de
1748 3353 1912 3398 gunst
1943 3354 2043 3404 van
2074 3360 2501 3419 keijserlijcke
2532 3376 2761 3426 maijs:t
2793 3380 2924 3427 ende
2956 3376 3153 3427 andere

1095 3470 1311 3516 grooten
1341 3471 1465 3516 niet
1495 3472 1681 3521 alleen
1711 3476 1773 3522 te
1803 3477 2050 3524 behouden
2081 3479 2205 3526 maer
2234 3483 2359 3531 meek
2388 3487 2513 3534 ende
2542 3490 2667 3537 mett
2697 3493 2974 3540 verhoopen
3003 3490 3097 3540 toe

1089 3593 1151 3639 te
1180 3593 1334 3639 minen
1365 3594 1550 3641 staat,
1580 3597 1642 3642 de
1672 3598 1979 3648 persiaense
2009 3603 2317 3655 accatijven
2346 3611 2470 3658 zijn
2499 3611 2654 3657 vande
2684 3613 2899 3658 toecken
2930 3613 3177 3662 waardich

1094 3711 1271 3757 geacht
1300 3712 1360 3758 om
1388 3714 1476 3760 den
1505 3715 1712 3764 keijser
1739 3721 1799 3767 te
1827 3723 2208 3778 presenteeren,
2237 3732 2326 3779 die
2354 3734 2442 3780 ooc
2472 3735 2560 3781 bij
2589 3737 2707 3784 geen
2735 3740 2912 3787 andere
2940 3742 3116 3789 velken

1080 3832 1338 3879 gebruijt
1371 3833 1532 3881 mogen
1563 3837 1789 3887 werden,
1821 3843 1886 3888 de
1917 3844 2241 3895 persiaense
2271 3852 2433 3900 goude
2464 3856 2754 3908 laackenen
2786 3863 2915 3909 sijn
2947 3863 3044 3909 van
3075 3862 3172 3909 ge„

1073 3953 1514 4003 ringehertima,
1548 3958 1616 4003 zo
1650 3958 1719 4004 om
1752 3960 1820 4005 de
1853 3960 2058 4008 Bloem,
2091 3963 2365 4015 Coleuren
2397 3971 2501 4018 als
2533 3975 2669 4023 mede
2702 3978 2806 4025 van
2838 3982 3183 4032 onbequaeme

1087 4075 1274 4122 breffe
1304 4075 1399 4121 tot
1430 4076 1649 4125 Japanse
1679 4081 1868 4128 rocken
1897 4084 1960 4130 of
1991 4086 2334 4138 diergelijke
2364 4094 2740 4149 ondienstien,
2770 4102 3052 4153 ingevolge

2525 4303 2682 4358 None
2720 4301 2759 4347 2
2796 4301 3178 4360 gevoelen/.
