3567 4801
2736 579 2902 643 971

657 574 902 625 Julij
947 574 1142 624 1646

938 727 1111 776 Cleden
1137 731 1253 777 naer
1280 732 1451 778 Bantum
1479 732 1650 779 souden
1678 731 2049 779 geretourneert
2076 733 2219 783 sijn,
2246 738 2475 787 daerdoor
2502 742 2617 788 oock
2644 744 2730 791 p:l
2758 745 2847 791 dit

934 822 1108 870 fluijt
1137 823 1283 869 schip
1311 823 1369 869 d'
1398 824 1602 871 heeblom
1631 827 1747 872 maer
1775 826 1805 871 4
1834 826 1864 872 a
1892 827 1922 873 5
1950 828 2125 877 kisten
2153 831 2242 877 met
2269 832 2444 881 realen
2473 836 2589 885 ende
2618 839 2821 885 weynich
2848 834 2998 885 goudt

935 924 1131 978 souden
1159 916 1387 966 becomen
1418 915 1645 962 hebben,
1676 916 1774 962 den
1804 916 2126 965 Commandeur
2158 920 2352 967 Willem
2383 922 2576 970 Leijel
2608 925 2705 971 was
2736 925 2869 977 uijt

933 1014 1177 1068 oorsaecke
1204 1012 1339 1059 sijne
1366 1010 1528 1057 Cleden
1555 1010 1610 1056 op
1636 1012 1879 1058 maccatsar
1906 1013 2015 1060 niet
2041 1015 2203 1060 conden
2229 1014 2420 1062 venten,
2445 1017 2608 1063 aldaer
2634 1016 2743 1063 noch
2769 1015 2960 1062 blijven

920 1119 1171 1173 leggen,
1199 1113 1348 1162 ende
1384 1113 1491 1158 was
1526 1112 1669 1159 niet
1703 1111 1990 1161 apparent
2024 1117 2132 1163 dat
2166 1119 2274 1167 dit
2307 1119 2522 1166 sachop
2558 1114 2985 1166 trancquebare

930 1222 1050 1272 soude
1073 1219 1214 1267 Comen,
1238 1218 1309 1264 den
1332 1218 1497 1264 Coninck
1521 1218 1593 1264 van
1614 1220 1827 1266 Engelandt
1850 1220 1992 1269 wieret
2015 1224 2204 1271 geseght,
2226 1223 2321 1270 sich
2345 1224 2440 1270 naer
2462 1225 2557 1271 wals
2580 1223 2793 1271 engelandt
2816 1217 3004 1269 behoeven

940 1312 1187 1369 t'hebben

861 1459 952 1510 Den
978 1446 1272 1502 Engelschen
1300 1436 1564 1490 President
1590 1436 1681 1483 yve
1709 1435 1885 1483 wierdt
1914 1434 2118 1481 geseght
2147 1436 2264 1481 noch
2293 1435 2381 1481 een
2409 1432 2527 1479 Jaer
2555 1429 2614 1476 op
2643 1421 2964 1474 madrespatam

932 1544 1221 1603 Continueren
1245 1540 1351 1587 ende
1377 1540 1429 1585 d'
1452 1536 1536 1585 H:r
1559 1538 1717 1585 Pinnes
1743 1538 1822 1584 ton
1847 1537 1952 1583 ende
1978 1536 2057 1582 m:r
2083 1536 2293 1581 ghiuleij
2318 1537 2423 1583 naer
2448 1536 2501 1582 Be
2527 1532 2658 1580 atich
2683 1523 2948 1576 vertrecken

905 1773 1031 1825 ende
1058 1760 1369 1817 Visiadoors
1397 1754 1583 1804 achter
1613 1747 1829 1799 apraken
1860 1743 2045 1790 hebben
2074 1744 2198 1790 haer
2228 1745 2443 1791 t'samen
2473 1737 2906 1790 gecongijngeert

920 1868 1083 1924 sijnde
1107 1863 1242 1911 ruijm
1268 1858 1375 1907 4000
1401 1857 1481 1903 Man
1508 1854 1667 1902 stercq
1693 1850 1933 1900 waermeede
1960 1848 2226 1895 voornemens
2252 1848 2359 1895 sijn
2385 1846 2598 1893 voeroer,
2624 1840 2784 1891 venare

926 1969 1024 2023 ende
1045 1967 1093 2013 't
1115 1961 1279 2011 eylandt
1301 1956 1488 2006 errekaen
1510 1954 1604 2000 soot
1627 1950 1860 1999 doenelijck
1882 1948 1976 1994 was,
1998 1948 2185 1995 vermiets
2208 1947 2301 1993 daer
2323 1944 2417 1991 vele
2439 1942 2604 1989 luijden
2626 1943 2673 1988 om
2695 1940 2837 1988 seguer

921 2072 975 2121 te
997 2064 1149 2115 sitten
1172 2060 1299 2108 waren
1322 2056 1523 2104 gevlught
1548 2056 1598 2101 t'
1623 2052 1948 2102 overrompelen,
1972 2051 2074 2098 ende
2097 2053 2197 2099 uijt
2221 2052 2273 2098 te
2295 2047 2547 2098 plunderen,
2570 2039 2797 2091 oversulcx
2820 2034 2897 2083 den

924 2162 1254 2219 opvercoopman
1279 2157 1364 2207 8=r
1391 2154 1584 2200 Laurens
1611 2155 1694 2200 Pit
1721 2152 1859 2201 goedt
1886 2150 2106 2197 gevonden
2133 2148 2271 2195 heeft
2298 2147 2354 2193 d.
2381 2148 2437 2193 os
2462 2137 2739 2191 Besettinge
2764 2129 2876 2180 noch
2902 2125 2986 2173 met

910 2273 994 2322 een
1018 2261 1347 2317 vloestgaende
1372 2259 1619 2306 g'armeert
1646 2262 1918 2308 Vaertuijch
1944 2260 2027 2306 met
2053 2259 2081 2304 4
2107 2251 2462 2303 slederlanders
2488 2249 2543 2295 en
2570 2247 2598 2293 4
2624 2244 2788 2292 swarte
2815 2239 3039 2289 boldaten

913 2371 1037 2422 voor
1066 2364 1218 2414 eerst
1248 2362 1309 2409 te
1339 2357 1674 2406 verstercken

758 2509 866 2555 Den
900 2500 1114 2555 reijck
1148 2496 1257 2543 van
1289 2489 1506 2540 maeure
1540 2487 1684 2535 wort
1719 2485 1969 2532 geseght
2003 2481 2112 2529 hem
2146 2471 2325 2525 vande
2358 2462 2574 2515 andere
2610 2457 2901 2509 Neijcken

916 2590 1023 2640 ende
1049 2589 1131 2636 den
1156 2583 1344 2637 Coninck
1371 2578 1666 2628 gesepareert
1691 2574 1934 2623 'thebben,
1959 2570 2068 2618 doch
2093 2567 2175 2614 dat
2200 2564 2282 2611 den
2308 2559 2497 2609 Coninck
2520 2551 2791 2605 Voornemens
2816 2547 2898 2595 was

902 2684 988 2735 hem
1012 2677 1098 2727 nae
1125 2676 1180 2721 te
1207 2670 1428 2720 trecken,
1455 2667 1566 2714 ende
1594 2664 1676 2712 den
1703 2661 1842 2708 vrede
1869 2660 1980 2706 over
2007 2659 2062 2704 d'
2090 2657 2283 2704 geresen
2310 2652 2614 2702 verschillen
2640 2644 2780 2696 weder
2803 2636 2863 2686 te

896 2770 1091 2830 maecken
1116 2756 1468 2813 ondertusschen
1493 2748 1819 2800 dommineerden
1845 2746 1900 2792 d'
1926 2740 2305 2791 Goecondaetsche
2330 2733 2494 2784 Mooren
2520 2733 2602 2780 met
2628 2723 2845 2777 besleren
2867 2717 2952 2767 van

922 2862 1165 2917 gouvernos
1190 2859 1273 2907 tot
1299 2853 1434 2903 Boven
1459 2851 1514 2896 S.
1537 2848 1569 2896 t
1594 2841 1783 2890 thouden
1810 2840 1890 2886 dat
1917 2839 2026 2885 woet
2052 2838 2241 2886 doorbij
2265 2831 2510 2881 pomenulli

867 3009 904 3057 T
933 3006 1099 3057 Jacht
1130 2986 1524 3049 grijpskercke
1555 2982 1655 3030 was
1687 2978 1786 3027 den
1816 2973 1917 3021 23.
1948 2972 2015 3019 en
2045 2969 2212 3017 deser
2242 2967 2441 3015 Nevens
2474 2966 2572 3012 den
2604 2961 3002 3011 oppercoopman

923 3101 976 3148 s.
1001 3100 1028 3145 r
1052 3094 1234 3144 Adriaen
1259 3086 1415 3138 vander
1441 3081 1596 3129 Meijde
1621 3077 1699 3125 ter
1725 3069 2010 3121 palliacatse
2034 3067 2164 3113 rhede
2189 3065 2268 3112 met
2293 3059 2552 3110 diveersche
2577 3053 2811 3104 Caralsche

922 3195 1004 3247 als
1026 3182 1396 3239 trumelevaesche
1421 3180 1579 3227 cleden
1603 3171 1788 3223 snevens
1814 3171 1919 3217 noch
1944 3171 2024 3218 300
2048 3168 2129 3216 stx
2153 3165 2233 3212 soo
2258 3160 2416 3209 slaven
2440 3158 2521 3205 als
2546 3155 2783 3203 slavinnen
2807 3150 2968 3198 tsamen

914 3290 1138 3346 Incoops
1168 3281 1421 3334 Costende
1451 3279 1546 3325 ter
1576 3275 1798 3324 monture
1829 3272 1924 3320 van
1955 3268 2144 3317 f26456
2174 3263 2301 3312 18,
2331 3261 2364 3308 8
2395 3259 2521 3305 mede
2552 3259 2899 3307 aengelanght

911 3386 1264 3445 rapporterende
1289 3381 1479 3430 gemelte
1505 3380 1561 3426 d.
1582 3378 1614 3426 k
1639 3373 1802 3422 Vander
1828 3370 1991 3418 meijde
2018 3370 2072 3415 op
2099 3368 2261 3415 Carcal
2286 3366 2342 3413 en
2368 3365 2423 3411 d'
2449 3361 2638 3410 Verdere
2665 3359 2827 3405 suyder

898 3486 1215 3551 quartieren
1244 3478 1434 3529 voors'
1465 3474 1778 3522 Compagnies
1809 3473 2029 3520 Negotie
2059 3470 2248 3520 godlof
2279 3468 2404 3514 noch
2435 3460 2749 3512 welstondt,
2778 3458 2874 3506 dan

880 3586 1104 3643 vermists
1129 3576 1411 3630 d'extremen
1438 3575 1551 3621 rote
1577 3573 1746 3619 suerte
1773 3569 1943 3617 vanden
1969 3571 2110 3617 rijst
2137 3568 2333 3616 wierden
2359 3563 2529 3612 aldaer
2556 3562 2585 3608 E
2611 3556 2753 3607 geene

919 3688 1388 3750 Coopmanschappen
1419 3685 1698 3734 verkocht,
1728 3684 1854 3731 maer
1885 3682 1979 3729 was
2009 3681 2133 3728 voor
2165 3676 2414 3726 Contante
2444 3669 2662 3720 pagoden
2689 3664 2848 3713 aller

914 3806 1001 3853 wel
1026 3804 1088 3853 te
1116 3794 1378 3848 genaecken

859 3951 1009 4012 uijt
1044 3935 1298 3993 seecker
1333 3925 1625 3978 Briefken
1659 3918 1915 3969 doorden
1951 3912 2314 3964 engelschen
2348 3913 2604 3960 presid.
2639 3910 2677 3957 t
2709 3899 2826 3951 wie

903 4034 1016 4087 naer
1043 4026 1318 4079 Pallacatta
1345 4025 1428 4070 aen
1455 4023 1510 4070 d'
1537 4021 1648 4067 onse
1673 4019 1950 4067 geschreven
1977 4014 2197 4064 vernemen
2224 4013 2279 4059 't
2305 4011 2444 4059 Jacht
2471 4008 2582 4056 (lis
2609 4007 2719 4053 Inde
2746 4002 2913 4052 maendt

912 4131 1056 4183 april
1084 4128 1142 4176 op
1168 4122 1369 4172 Batavia
1396 4117 1711 4166 g'arriveert
1738 4115 1853 4163 was,
1879 4108 2194 4158 doervoorpen
2221 4105 2421 4153 Almogen
2449 4103 2678 4150 gedanckt
2705 4103 2826 4149 sij,

898 4236 994 4292 soo
1021 4230 1145 4280 ment
1174 4226 1326 4274 onder
1356 4222 1568 4270 anderen
1598 4221 1689 4267 uyt
1718 4216 1931 4266 seecker
1960 4214 2052 4260 ole
2081 4213 2203 4261 door
2233 4206 2565 4257 ayapaneijck
2595 4184 2807 4252 geschrj

0 1296 128 1341 eert

97 1380 144 1426 -

916 1649 1128 1704 soude,

0 4024 226 4073 deere
