3423 4883
2397 988 2589 1047 1059

1034 770 1523 820 Heeren

699 1002 758 1050 1.
785 1006 957 1054 chitse
985 1010 1329 1068 geschilderde
1354 1025 1562 1082 deecken

726 1110 776 1156 1.
798 1110 850 1156 pr
873 1111 973 1161 tij,
996 1117 1071 1163 out
1094 1118 1243 1169 zilver
1267 1125 1439 1180 gallon.

720 1214 777 1259 1.
805 1214 1033 1263 viercant
1061 1219 1262 1271 doosken
1288 1228 1374 1274 met
1402 1230 1601 1277 weynich
1629 1231 1773 1280 witte
1799 1237 2113 1292 aackertjes,
2140 1247 2227 1293 met
2254 1249 2340 1294 wat
2368 1249 2541 1301 swarte
2566 1256 2683 1304 zyde

799 1310 1006 1361 cnoopen
1034 1317 1210 1367 nevens
1239 1323 1299 1370 2.
1327 1326 1444 1372 hare
1472 1327 1796 1385 hoed-banden

724 1425 785 1472 1.
813 1426 963 1476 pitij
990 1433 1108 1479 geel
1138 1434 1287 1484 pamer
1315 1441 1375 1487 en
1403 1442 1582 1493 swarte
1609 1450 1761 1501 sijde

707 1619 768 1667 In
798 1622 889 1668 een
918 1623 1100 1673 Coffer
1128 1629 1371 1683 meeswart
1397 1640 1519 1687 leer
1548 1643 1883 1700 overtrocken

702 1800 759 1845 1.
788 1800 1018 1846 Colombin
1046 1801 1277 1852 chinees.
1304 1808 1677 1868 Goud-laackens
1706 1823 1879 1872 cleet,
1906 1828 1993 1874 met
2020 1827 2194 1874 silver
2222 1827 2424 1875 verguld
2451 1831 2710 1881 passement

793 1899 1014 1947 geboort

722 1997 777 2042 1.
803 1998 911 2044 root
938 1998 1316 2049 schaarlaackens
1343 2004 1478 2052 cleed
1505 2007 1586 2053 met
1613 2008 1776 2056 silver
1803 2011 2046 2061 vergulede
2072 2016 2317 2065 passement
2342 2020 2559 2065 geboort;

782 2093 957 2141 nevens
983 2097 1214 2148 desselfs
1242 2103 1616 2155 onder-wambes.

712 2206 774 2254 1.
803 2210 954 2257 leyts
983 2212 1164 2258 greyne
1193 2211 1343 2258 cleed
1373 2211 1465 2259 met
1492 2213 1614 2259 rood
1643 2215 1855 2264 feuweel
1882 2212 2156 2265 gevoeyert

700 2312 771 2358 1.
805 2314 1016 2364 swarte
1050 2320 1365 2369 Gouwrouwe
1400 2324 1611 2375 mantel

700 2418 766 2464 2.
800 2419 1098 2465 suratsche
1131 2418 1397 2465 deeckens

706 2518 773 2567 1.
805 2518 933 2568 fyne
964 2524 1123 2569 witte
1155 2523 1284 2569 cas.

698 2612 764 2663 1.
794 2611 919 2658 fyne
948 2611 1104 2658 witte
1134 2614 1324 2662 percal

698 2714 762 2761 1
789 2710 855 2757 el
886 2708 981 2754 wit
1012 2708 1201 2756 satyn,

698 2814 758 2861 4.
787 2813 907 2858 eljk
935 2811 1270 2861 binne-wercq

704 2912 800 2958 9.
832 2912 927 2957 elk
957 2909 1118 2957 witte
1148 2907 1248 2956 cam

708 3020 761 3066 4.
786 3018 920 3065 ellen
946 3017 1344 3065 camerijse-doec.

708 3129 767 3174 1.
797 3126 1005 3174 weynich
1035 3125 1124 3171 wit
1153 3125 1303 3171 garen

700 3221 755 3269 1:
782 3222 998 3269 slechten
1024 3220 1241 3267 graauwen
1268 3220 1376 3266 hoet
1402 3219 1484 3265 aan
1510 3219 1566 3269 de
1591 3225 1889 3271 Lyfschutten

678 3357 738 3404 1.
767 3353 949 3403 groote
978 3348 1310 3398 schilderije
1338 3351 1490 3399 aande
1520 3354 1640 3399 muer
1669 3345 1919 3399 hangende

689 3462 748 3512 1.
775 3463 950 3511 kelder
978 3464 1065 3509 met
1094 3463 1181 3509 12.
1210 3464 1412 3510 flessen

714 3645 844 3692 Jnde
876 3643 1265 3689 middel-Camer
1297 3642 1363 3689 't
1394 3641 1524 3687 naar
1557 3634 1840 3689 volgende

787 3736 1011 3786 eerstl.
1042 3736 1201 3782 aande
1232 3737 1397 3786 muer.

701 3873 765 3921 1.
793 3868 1013 3916 spiegel
1044 3867 1138 3912 met
1169 3866 1262 3912 een
1293 3860 1636 3910 ebben-houte
1666 3857 1825 3906 lijst

692 3976 743 4021 3.
765 3973 893 4020 stvx.
919 3973 1246 4021 schilderytjes
1271 3973 1321 4018 op
1346 3971 1498 4018 copere
1523 3972 1725 4021 plaatsen

677 4140 769 4201 Op
808 4134 935 4180 een
974 4135 1272 4185 geweer-
1312 4142 1481 4189 Rack

697 4259 761 4306 1.
791 4257 1012 4303 chinese
1043 4256 1270 4304 souwer.

697 4370 753 4415 1.
779 4367 948 4414 zilver
974 4366 1224 4414 vergulden
1252 4365 1393 4412 degen

696 4470 765 4519 1.
797 4468 963 4514 degen
996 4467 1095 4513 met
1128 4468 1228 4515 een
1260 4466 1459 4515 silver
1491 4464 1691 4515 massif
1722 4465 1922 4517 gevest

2208 4586 2269 4634 1.
2298 4588 2481 4636 silver
2506 4594 2629 4650 ver
2655 4608 2689 4655 &

0 3326 194 3373 woort

0 4583 66 4630 te
