3573 4801
2826 461 2997 522 796

908 614 1088 662 ende
1132 618 1313 665 daet
1357 621 1626 670 hebben
1670 617 2255 670 g'assisteert,
2295 614 2434 661 ten
2478 602 2793 659 anderen

910 736 997 782 't
1035 731 1595 782 golcondaetsch
1634 731 1851 778 leger
1892 726 2106 778 onder
2145 716 2491 770 geleijde
2532 708 2789 761 vanden
2829 704 2960 753 H=r

899 834 1372 884 miersumela
1418 832 1560 879 tot
1606 828 1796 876 noch
1843 822 2079 873 meest
2124 819 2220 865 op
2266 814 2408 864 een
2454 808 2550 858 en
2592 788 2926 851 d'selve

893 939 1193 996 plaetse
1234 934 1406 983 (als
1448 932 1619 978 uEd:
1661 927 1918 977 Jongst
1959 905 2473 971 g'adviseert)
2515 895 2771 948 sonder
2811 888 3070 940 verder

906 1041 1199 1093 intocht
1239 1039 1324 1085 te
1365 1033 1576 1083 doen,
1616 1023 1993 1079 wachtende
2035 1016 2370 1068 eenlijck
2410 1013 2496 1060 op
2536 1013 2621 1060 d'
2662 994 3040 1058 resolutie

892 1146 983 1200 en
1024 1142 1112 1191 't
1153 1131 1541 1186 voornemen
1581 1125 1842 1175 vanden
1884 1116 2444 1170 visiapourder,
2486 1102 2918 1159 verbleven,

875 1241 1064 1291 niet
1110 1234 1347 1287 verre
1393 1226 1630 1279 vande
1676 1213 2149 1270 waerheijt,
2196 1208 2384 1256 maer
2431 1207 2575 1254 wel
2614 1208 3050 1257 apvarenst

886 1342 1011 1397 is,
1048 1332 1213 1384 doch
1252 1329 1333 1375 d'
1373 1318 1859 1374 seeckerheijt
1899 1316 2061 1364 hier
2099 1309 2223 1360 van
2263 1304 2385 1354 sal
2425 1302 2547 1348 den
2586 1291 3032 1346 alleerenden

900 1433 1080 1485 tijt
1122 1431 1214 1479 jn
1258 1428 1530 1475 corten
1573 1416 2067 1476 openbaeren,
2110 1404 2382 1460 jntrim
2426 1395 2741 1448 staende
2785 1382 2966 1438 dees

892 1535 1272 1590 troublen
1319 1533 1414 1580 en
1461 1519 1934 1576 oorlooghen
1980 1513 2170 1563 noch
2214 1482 2974 1557 ongeredresseert,

888 1630 1159 1691 blijft
1202 1624 1337 1672 den
1381 1619 1653 1670 handel
1696 1618 1831 1666 aen
1873 1612 2056 1662 dees
2100 1608 2280 1656 kant
2319 1598 2640 1652 buijten
2683 1588 3058 1641 posture,

893 1735 982 1787 en
1020 1724 1152 1778 wij
1191 1708 1706 1765 onvermogend,
1747 1708 1833 1754 d'
1875 1701 2344 1755 vereijschte
2386 1691 3067 1748 nootwendicheden,

887 1821 1145 1884 immers
1187 1813 1357 1865 niet
1397 1807 1526 1857 van
1565 1793 2076 1850 geschilderde
2117 1786 2456 1836 doecken,
2498 1785 2583 1830 te
2623 1784 3048 1832 versorgen,

872 1927 1027 1984 wat
1076 1918 1229 1969 ons
1278 1899 1682 1961 gemelten
1731 1895 1833 1941 h.
1880 1891 1934 1940 r
1982 1877 2488 1933 Miersumela
2537 1861 2993 1921 aengaende

899 2026 986 2073 't
1027 2012 1373 2070 gouverno
1415 2002 1545 2054 der
1588 1992 1803 2045 stadt
1846 1974 2363 2036 Palliacatta,
2405 1969 2622 2018 onder
2664 1958 2968 2013 anderen

889 2104 1483 2178 aengeschreven,
1522 2101 1610 2148 en
1650 2094 1779 2145 wij
1819 2080 1990 2137 sijn
2031 2074 2158 2122 Ed:
2200 2069 2370 2119 daer
2412 2069 2497 2115 op
2538 2065 2665 2114 tot
2706 2056 3050 2109 antwoord

880 2213 1192 2278 gedient
1235 2200 1545 2257 hebben,
1588 2184 1942 2244 gelieven
1985 2178 2162 2227 ued:
2206 2175 2340 2223 bij
2380 2170 2471 2216 d'
2510 2138 2957 2213 ingeleijde

890 2298 1411 2367 translaeten
1458 2294 1553 2341 t'
1598 2282 1979 2339 beoogen,
2023 2274 2215 2326 daer
2261 2268 2405 2317 toe
2451 2265 2641 2315 mij,
2676 2257 2783 2307 om
2829 2248 3019 2301 niet

870 2404 1271 2464 reditueus
1313 2396 1404 2447 te
1447 2387 1670 2439 sijn,
1715 2377 2115 2432 referere,
2159 2369 2427 2421 sonder
2470 2365 2604 2414 dat
2647 2362 2783 2410 Tot
2826 2359 3007 2407 noch

875 2514 1108 2571 ijets
1152 2499 1430 2556 verder
1474 2495 1522 2542 n
1566 2487 1752 2538 hier
1797 2483 1890 2531 op
1933 2469 2303 2526 gevolcht
2348 2466 2487 2513 is,
2533 2462 2717 2510 maer
2762 2459 3042 2508 hebben

879 2596 1514 2669 middelerwijle
1562 2585 1709 2638 met
1756 2579 1904 2627 den
1952 2570 2245 2623 selven
2291 2560 2489 2614 hier
2536 2557 2635 2603 in
2682 2546 2927 2600 goede

877 2692 1600 2778 conrespondentie
1647 2690 1744 2737 en
1791 2679 2272 2733 vruntschap
2316 2653 2992 2723 gecontinueert,

883 2814 1094 2866 doch
1146 2803 1357 2856 niet
1409 2799 1515 2846 te
1567 2794 1726 2842 min
1770 2783 2094 2838 tegens
2146 2778 2357 2827 alle
2409 2774 3046 2824 onverwachten

884 2906 1283 2963 overval,
1308 2898 1632 2948 listen
1666 2891 1782 2941 en
1828 2878 2131 2934 lagen,
2176 2873 2330 2922 wel
2378 2870 2479 2917 op
2516 2862 2678 2914 ons
2727 2849 2978 2907 hoede

877 3005 1222 3066 geweest,
1262 2999 1394 3049 soo
1434 2990 1565 3043 ist
1608 2985 1780 3034 oock
1823 2979 1952 3030 bij
1994 2973 2166 3022 dees
2206 2964 2510 3018 occasie
2552 2961 2939 3008 geschiet,

887 3108 1074 3171 sijn
1118 3100 1255 3150 ed:
1299 3097 1346 3144 4
1389 3088 1528 3139 stx
1570 3081 1709 3131 van
1752 3078 2072 3126 scomp=s
2115 3066 2572 3124 eliphanten
2616 3065 2754 3111 ons
2798 3057 2936 3109 aff

868 3198 1327 3269 gehandelt,
1372 3194 1556 3243 ende
1601 3191 1738 3237 ten
1783 3186 2058 3236 prijse
2102 3183 2240 3231 van
2285 3181 2423 3227 p=a
2467 3170 2697 3224 3606.
2741 3163 3017 3212 aenge

854 3310 1154 3378 nomen
1202 3297 1498 3351 heeft,
1546 3289 1842 3341 sijnde
1889 3281 2137 3333 vande
2186 3272 2728 3327 2resterende
2777 3273 3030 3322 d'een

871 3406 1320 3478 gesturven,
1364 3398 1543 3450 ende
1587 3396 1678 3441 d'
1721 3393 1945 3442 ander
1990 3390 2124 3437 tot
2164 3383 2704 3435 schenckagie,
2748 3380 3017 3428 nevens

873 3524 1023 3577 een
1069 3511 1315 3568 bhaer
1361 3495 1704 3553 rompen,
1851 3495 1998 3541 do
2045 3492 2436 3542 giroffel
2483 3483 2876 3537 nagelen,

962 3621 1122 3674 d=o.
1158 3603 1623 3666 sandelhoudt,
1660 3602 1700 3648 1
1737 3595 1970 3646 sockel
2008 3592 2240 3639 foelij
2277 3594 2316 3639 1
2354 3591 2471 3639 stx
2508 3586 2703 3634 roodt
2740 3588 2971 3636 schaer

867 3722 1233 3776 laecken,
1278 3712 1461 3764 ende
1504 3707 1643 3755 een
1687 3703 1916 3751 goude
1960 3696 2372 3748 kettingh,
2416 3686 2736 3740 buijten
2782 3683 2964 3731 noch

847 3849 896 3896 3
924 3835 1084 3891 stx
1126 3817 1607 3880 persiaense
1654 3809 1989 3862 paerden
2028 3805 2178 3857 met
2224 3801 2368 3849 hun
2415 3791 2988 3845 gereetschap,

872 3940 1072 3996 ende
1119 3929 1417 3983 eenige
1461 3916 2009 3973 clenicheden
2057 3914 2156 3960 jn
2202 3904 2798 3960 masulipatnam

826 4036 1205 4106 present,
1252 4034 1393 4080 tot
1439 4025 1629 4077 dien
1669 4022 1956 4071 eijnde
2003 4021 2191 4067 noch
2238 4006 2896 4065 geprojecteert,

857 4148 993 4203 aen
1036 4139 1212 4191 sijn
1255 4136 1387 4184 Ed:
1428 4122 1782 4181 vereert,
1825 4119 2091 4167 echter
2131 4118 2221 4167 en
2265 4112 2440 4161 niet
2483 4109 3013 4161 jegenstaende

872 4269 972 4316 d'
993 4237 1713 4310 gesupporteerde
1756 4229 2158 4282 oncosten
2203 4226 2357 4274 van
2400 4223 3003 4273 onderhouden,

0 636 276 703 rslar,

0 716 205 778 den

0 801 81 847 en
118 799 247 853 wij

0 897 240 949 daer

0 993 95 1044 ie

125 1000 271 1049 eren

0 1405 268 1455 natschen

129 1773 210 1820 n

128 2064 202 2111 ten

129 2444 244 2493 ele

11 2847 236 2895 sende

69 2943 224 2991 wer,

2262 4453 2825 4510 geduijrende
