3410 4985
1159 545 1229 593 te
1262 548 1604 597 versenden,
1637 553 1705 598 vE
1739 553 1946 604 eijsch
1978 561 2082 609 van
2114 565 2217 610 200
2251 565 2456 613 lasten
2489 567 2660 616 hadde
2693 571 2899 622 geerne
2933 577 3173 634 voldaen

1156 636 1328 683 sulcx
1362 636 1432 682 de
1465 638 1842 691 vhinderinge
1875 648 1980 697 van
2012 654 2115 702 non
2148 658 2491 714 becominge,
2524 669 2662 716 dier
2696 672 3073 727 quantiteijt
3106 681 3176 729 de

1158 724 1390 776 Tolcken
1420 733 1880 797 toegeschreven,
1912 753 2011 800 die
2043 756 2207 804 onder
2239 759 2403 806 hooge
2436 760 2830 809 protestatien
2861 765 3194 828 verclaeren

1153 814 1350 868 nobijt
1380 824 1641 882 licentie
1672 839 1771 888 tot
1802 844 2030 897 liberen
2061 853 2354 906 uijtvoer,
2385 862 2515 909 maer
2548 863 2744 914 alleen
2774 870 3003 921 gelijck
3034 877 3199 933 boven

1158 916 1530 971 aengeroert,
1562 927 1631 975 de
1662 932 1900 989 schepen
1931 945 2034 995 tot
2066 951 2136 999 de
2167 956 2438 1008 voijagie
2470 963 2875 1015 geprovideert
2908 970 2978 1018 te
3009 975 3217 1033 werden

1120 1021 1348 1071 vgunt,
1382 1027 1533 1079 ende
1567 1037 1755 1088 alsoo
1791 1045 2127 1097 somwijlen
2161 1054 2237 1101 de
2273 1057 2534 1110 ruijmte
2570 1066 2684 1113 met
2718 1071 3202 1125 oogluijckinge

1151 1117 1287 1167 drie
1318 1124 1353 1170 a
1384 1126 1719 1189 viermaelen
1751 1145 1886 1193 meer
1917 1150 2018 1198 als
2050 1154 2152 1203 tot
2183 1159 2252 1206 de
2283 1162 2484 1213 reijse
2517 1168 2751 1216 noodich
2782 1171 3084 1223 versonden
3116 1180 3223 1228 is,

1068 1302 1188 1355 Wat
1227 1300 1306 1346 vE
1344 1302 1700 1353 aengaende
1738 1308 1818 1355 S'
1856 1311 2093 1364 Comp=s
2132 1320 2328 1370 Tolck
2368 1325 2528 1374 ende
2563 1333 2842 1385 Chinees
2878 1343 3157 1397 Coopman

1150 1392 1473 1441 kimptingh
1504 1399 1576 1447 is
1610 1402 2142 1473 recommanderende
2175 1429 2388 1480 hebben
2422 1435 2530 1483 soo
2564 1439 2707 1486 veel
2740 1443 2812 1489 in
2846 1445 2954 1493 ons
2987 1449 3203 1508 vermo=

1145 1492 1244 1538 gen
1275 1494 1539 1547 getracht
1570 1503 1638 1552 te
1668 1510 1963 1570 vorderen,
1994 1526 2127 1573 waer
2158 1530 2258 1578 van
2289 1535 2388 1581 als
2420 1537 2551 1586 noch
2583 1542 2715 1591 geen
2747 1547 3043 1597 bescheet,
3074 1553 3173 1599 hoe

1148 1598 1223 1646 de
1259 1602 1481 1656 saecke
1516 1613 1775 1668 gelegen
1810 1626 1921 1673 is,
1957 1629 2178 1680 hebben
2214 1635 2436 1688 connen
2471 1645 2767 1699 becomen,
2802 1655 2878 1702 de
2911 1659 3171 1722 brieven

1140 1702 1282 1754 zijn
1314 1711 1387 1761 de
1418 1719 1666 1774 Tolcken
1698 1732 2154 1790 overhandicht,
2189 1745 2259 1791 om
2293 1747 2399 1795 met
2434 1750 2714 1801 kennisse
2748 1757 2854 1804 des
2888 1760 3137 1812 Gouv=rs

1144 1810 1330 1864 aende
1364 1820 1621 1872 Chinese
1656 1827 1951 1888 Tolcken,
1985 1845 2060 1893 te
2095 1849 2461 1904 bestellen,
2498 1859 2609 1907 met
2644 1863 2937 1910 ernstige
2973 1865 3198 1919 recom

1139 1929 1447 1983 mandatie
1484 1940 1602 1991 nae
1636 1949 1869 1998 vmogen
1905 1955 2212 2006 daerinne
2250 1961 2327 2008 te
2365 1963 2673 2019 wercken,
2710 1974 2826 2020 wat
2863 1976 3017 2025 daer
3055 1980 3134 2028 op

1140 2038 1359 2091 volgen
1395 2047 1505 2094 sal
1539 2051 1722 2102 staet
1756 2058 1866 2105 ons
1902 2060 1939 2106 e
1975 2062 2048 2110 U.
2083 2067 2156 2112 E.
2192 2067 2302 2116 nae
2337 2072 2519 2122 desen
2554 2077 2628 2125 te
2663 2080 2918 2132 vnemen,
2952 2086 3172 2134 Indien

1142 2148 1365 2197 sulcke
1400 2153 1549 2203 ofte
1584 2160 2025 2219 diergelijcke
2062 2174 2321 2225 saecken
2356 2182 2503 2231 meer
2540 2186 2946 2242 voorvallen,
2981 2198 3167 2247 waere

1136 2245 1320 2296 mijns
1353 2253 1682 2317 gevoelens
1716 2274 1899 2326 beter
1932 2283 2368 2341 g'excuseert,
2403 2296 2512 2345 hoe
2548 2300 2658 2347 wel
2693 2303 2766 2350 te
2801 2305 2984 2358 deser
3016 2312 3165 2360 tijt

1140 2356 1286 2405 daer
1321 2361 1468 2410 uijt
1503 2367 1759 2422 geenige
1793 2378 1868 2426 de
1902 2383 2122 2436 minste
2157 2393 2485 2447 fastidien
2519 2402 2884 2459 ontmoeten,
2919 2415 3030 2463 soo
3065 2419 3139 2465 is

1130 2457 1437 2507 nochtans
1473 2465 1778 2521 geschiet
1813 2477 2082 2535 wanneer
2117 2492 2195 2540 't
2231 2497 2459 2549 casken
2496 2504 2612 2554 met
2648 2511 2952 2568 papieren
2989 2522 3105 2574 van

1128 2568 1294 2615 boort
1327 2570 1428 2619 aen
1460 2575 1596 2623 lant
1625 2581 1893 2635 gebracht
1925 2591 2159 2642 zijnde,
2190 2599 2324 2647 inde
2356 2603 2523 2656 poort
2556 2612 2690 2659 vant
2722 2615 2990 2669 eijlant,
3020 2626 3202 2677 bijde

1124 2677 1303 2730 wacht
1337 2686 1586 2740 geopent
1621 2696 1695 2744 en
1726 2702 2084 2756 dierhalven
2116 2714 2295 2762 bijde
2329 2718 2685 2767 Gouverneur
2719 2723 3039 2774 gebracht,
3073 2726 3217 2772 niet

1136 2790 1547 2847 tegenstaende
1579 2804 1682 2851 ons
1715 2807 2092 2867 genoechsaem
2124 2824 2602 2881 verseeckerden,
2636 2835 2773 2885 geen
2806 2840 2978 2887 ander
3011 2840 3148 2887 als.

1133 2903 1612 2954 gelicentieert
1648 2909 1981 2968 schrijven
2016 2924 2202 2978 conde
2237 2934 2459 2986 wesen,
2495 2941 2606 2987 soo
2642 2943 2790 2989 gaff
2827 2944 3125 2998 nochtans

1132 3006 1304 3054 sulcx
1335 3012 1672 3070 alteratie,
1704 3026 1942 3079 naedien
1973 3036 2042 3083 de
2075 3039 2312 3092 saecken
2344 3048 2547 3097 alhier
2579 3053 2715 3102 seer
2748 3057 2850 3104 nau
2882 3059 3219 3110 luijsteren

1133 3110 1266 3158 ofte
1298 3111 1398 3162 wel
1428 3119 1593 3170 ijets
1624 3127 1888 3177 daerinne
1918 3134 2181 3189 verhaelt
2212 3144 2443 3192 qualick
2473 3149 2736 3205 verstaen
2768 3161 2901 3210 ofte
2930 3167 3202 3225 g'inter

1125 3216 1446 3271 preteert,
1480 3227 1695 3281 mochte
1728 3237 2013 3293 gevonden
2047 3250 2295 3300 werden,
2330 3255 2578 3303 wijders
2613 3258 2756 3307 zijn
2790 3262 2863 3310 de
2896 3266 3112 3317 packet

1129 3315 1370 3370 brieven
1401 3328 1609 3387 nooijt
1640 3345 1915 3400 geopent,
1947 3357 2084 3408 waer
2118 3364 2255 3412 uijt
2288 3367 2357 3413 te
2390 3368 2699 3419 beduchten
2732 3374 2835 3420 wel
2869 3373 3040 3419 licht
3074 3370 3177 3420 die

1129 3424 1474 3485 servituijt
1506 3442 1612 3491 dat
1643 3449 1953 3506 doorgaens
1986 3462 2056 3510 de
2089 3466 2329 3518 brieven
2363 3474 2568 3520 voorde
2603 3475 2843 3525 Gouv=rs
2877 3480 3151 3531 gebracht

1121 3534 1193 3582 en
1227 3538 1613 3597 gevisiteert
1647 3553 2032 3609 onderworpen
2067 3564 2242 3612 soude
2277 3567 2454 3619 mogen
2486 3572 2742 3624 blijven

1046 3713 1128 3762 Op
1165 3708 1287 3759 ons
1325 3713 1651 3764 aenwesen
1690 3721 1772 3767 in
1811 3723 2013 3771 Jedo,
2053 3725 2255 3777 hadde
2295 3732 2458 3784 drie
2496 3741 2821 3799 vsoucken
2859 3757 3144 3814 gedaen,

1125 3810 1197 3857 te
1233 3812 1415 3863 weten
1450 3819 1667 3868 eenige
1703 3823 1958 3872 meerder
1992 3828 2355 3877 liberteijt
2388 3832 2572 3881 onser
2606 3837 2825 3888 natie,
2859 3844 3149 3894 licentie

1126 3907 1237 3958 tot
1269 3916 1453 3966 vcoop
1486 3924 1596 3972 der
1631 3928 1813 3975 grove
1848 3930 2066 3978 waeren
2100 3933 2282 3981 voort
2318 3937 2571 3988 maecken
2607 3944 2715 3989 der
2751 3944 2933 3991 prijs
2968 3944 3151 3995 vande

1114 4021 1306 4072 rouwe
1342 4027 1571 4076 zijde,
1609 4031 1761 4079 ende
1797 4034 1913 4080 den
1949 4034 2254 4083 uijtvoer
2292 4038 2407 4084 van
2443 4040 2484 4088 t
2520 4044 2787 4098 Cooper,
2824 4054 2976 4101 daer
3014 4055 3133 4105 van

2728 4157 2915 4206 opde
2961 4154 3148 4206 twee
