3567 4883
1225 839 1358 892 Dan
1399 830 1576 882 voor
1612 827 1836 878 eerst
1879 824 2141 872 Bijder
2183 824 2402 873 hande
2445 825 2750 877 nemende
2793 832 3407 895 vooraengesagen

1262 992 1469 1047 mede
1516 979 1931 1034 missiven
1983 969 2343 1026 Bevinde
2391 957 2754 1013 d'selve
2801 956 3011 1003 geen
3063 946 3320 1002 ample

1259 1125 1766 1179 rescriptie,
1813 1122 1951 1171 als
1996 1119 2135 1165 ten
2180 1114 2642 1164 meerendeel
2687 1110 3194 1160 vervagtende
3237 1102 3333 1153 de

1271 1250 2000 1314 Beantwoordinge
2050 1250 2207 1298 van
2257 1249 2518 1297 mijne
2567 1246 2881 1300 vorige
2931 1240 3088 1290 aen
3139 1233 3353 1284 ued„

1283 1387 1808 1449 gededuceerde
1851 1382 2244 1433 advijsen,
2286 1378 2592 1429 naerder
2635 1373 2723 1422 op
2765 1364 3158 1416 merckinge
3200 1354 3376 1409 ende

1295 1531 1499 1590 ordre
1538 1527 1658 1576 tot
1695 1513 2017 1569 directie
2054 1515 2175 1563 van
2214 1515 2297 1565 's
2326 1520 2572 1568 Comp„s
2610 1508 2971 1564 affaijren
3008 1491 3370 1550 herwaerts

1296 1669 1502 1727 over,
1540 1662 1663 1711 als
1702 1645 2189 1706 Bevorderingh
2228 1646 2350 1692 van
2380 1632 2754 1692 diversche
2792 1623 3402 1675 noodwendicheden

1295 1782 1816 1853 midtsgaders
1862 1768 2428 1825 communicatie
2474 1768 2616 1815 van
2662 1760 2946 1813 eenige
2987 1755 3228 1804 novos
3274 1754 3369 1801 en

1263 1905 2082 1982 particulariteijten,
2125 1900 2212 1950 te
2254 1889 2729 1942 requireren,
2772 1891 2858 1936 te
2896 1888 3074 1936 meer
3114 1879 3375 1931 Bijden

1288 2065 1540 2120 mijnen
1580 2061 1706 2109 p„r
1744 2054 1831 2105 d'
1868 2038 2163 2096 schepen
2202 2034 2329 2082 den
2366 2028 2536 2081 haen
2572 2019 2744 2073 ende
2784 2010 3160 2062 amsterdam
3200 2004 3368 2052 veel

1298 2193 1616 2245 objecten
1655 2191 1774 2238 ten
1813 2179 2288 2235 principaelen
2328 2175 2486 2224 sijn
2525 2166 3000 2220 gesolveerdt,
3040 2165 3199 2212 ende
3232 2162 3396 2212 wegh

1299 2331 1636 2387 genomen,
1678 2331 1846 2379 ende
1881 2320 2265 2375 d'gevolch
2307 2318 2433 2366 van
2475 2307 2769 2363 saecken
2811 2302 2979 2351 ued:
3020 2291 3399 2347 aengecun„

1258 2485 1495 2538 „dicht
1531 2481 1651 2529 js,
1684 2466 1924 2525 sijnde
1961 2454 2235 2508 tsedert
2274 2451 2469 2498 niets
2508 2445 2625 2496 van
2663 2437 2937 2489 jnporto
2974 2424 3405 2482 voorgevalle

1307 2620 1528 2677 midts
1570 2606 1877 2664 welcken
1919 2590 2226 2650 jndesen
2269 2588 2488 2635 cordt
2530 2581 2793 2633 wesen,
2836 2580 3012 2626 ende
3054 2571 3406 2625 eenlijck

1294 2748 1478 2802 maer
1522 2747 1614 2792 't
1658 2740 1976 2791 noodige
2020 2724 2428 2785 aenroeren
2472 2718 2745 2767 sall,—

1310 2936 1776 2999 Seggende
1832 2907 2757 2978 aenvancquelijck,
2815 2905 2988 2953 met
3042 2883 3335 2948 lieff

1300 3066 1618 3121 verstaen
1655 3060 1894 3110 hebbe,
1933 3059 2012 3105 't
2051 3056 2250 3105 overs
2289 3047 2606 3101 gesonden
2644 3044 2725 3091 p.
2763 3045 2803 3090 r
2841 3032 3080 3088 tjacht
3119 3025 3278 3077 lis,

1297 3182 1805 3249 midtsgaders
1850 3177 1943 3226 d'
1988 3167 2265 3220 fluijt
2310 3157 2633 3211 schepen
2677 3141 3092 3201 maeslandt
3137 3133 3322 3184 ende

1240 3313 1771 3400 heemsteede,
1818 3310 2010 3358 ued„
2056 3304 2202 3354 wel
2247 3277 2966 3346 geconditioneert
3014 3272 3397 3322 toegecom

1277 3454 1461 3512 ende
1505 3443 1684 3495 voor
1727 3437 1863 3486 een
1906 3428 2132 3480 goedt
2174 3416 2534 3470 gedeelte
2578 3410 2714 3460 soo
2756 3398 3116 3452 spoedigh
3158 3385 3296 3442 tot

1272 3567 1744 3639 lijdelijcke
1784 3557 2085 3611 advance
2126 3546 2340 3600 vande
2382 3542 2596 3591 handt
2638 3531 2894 3586 gegaen
2935 3525 3064 3573 is,
3104 3514 3277 3569 daer
3319 3510 3405 3558 op

1268 3720 1435 3777 will
1473 3695 1844 3763 verhoopen
1883 3688 2008 3737 den
2046 3682 2212 3732 haen
2253 3680 2458 3728 corts
2498 3668 2868 3724 gevolcht,
2909 3666 3032 3713 met
3072 3652 3402 3710 desselfs

1289 3869 1461 3920 mede
1502 3853 1889 3912 gebrachte
1931 3847 2060 3895 den
2100 3825 2402 3888 handell
2443 3814 2658 3868 weder
2699 3799 3385 3858 redelijckerwijse

1282 3994 1867 4059 gesecundeerdt
1909 3982 2092 4039 ende
2134 3970 2271 4024 den
2314 3953 2631 4013 coopman
2674 3949 2810 3996 tot
2852 3925 3400 3992 t'aenstaende

1289 4142 1548 4203 onseth
1589 4130 1889 4189 gerieft
1926 4115 2102 4173 sall
2142 4101 2358 4158 sijn,
2399 4087 2742 4145 sullende
2784 4083 2913 4131 aen
2955 4078 3084 4127 ons
3122 4065 3382 4122 devoir

1272 4281 1465 4338 (soo
1505 4272 1705 4324 veel
1750 4249 2329 4314 particabell,
2375 4244 2569 4293 ende
2606 4216 3048 4288 mogelijck
3094 4204 3290 4259 omme

1264 4433 1463 4487 uEd:
1496 4415 1807 4476 verder
1855 4387 2496 4458 consentemendt
2543 4383 2644 4431 te
2692 4374 2940 4426 doen,
2987 4363 3186 4418 ende
3234 4360 3383 4407 den

2909 4555 3353 4627 Handell
