3642 4876
744 1019 876 1070 ende
907 1015 1037 1063 niet
1068 1013 1134 1060 te
1165 1011 1391 1058 beteren
1424 1011 1553 1057 maer
1584 1010 1649 1055 te
1682 1007 2004 1055 verslunmen
2036 1001 2230 1052 staet,
2260 997 2326 1044 de
2358 995 2456 1041 man
2487 998 2655 1044 heeft

802 1136 924 1182 dese
954 1132 1291 1181 practijcque
1321 1131 1384 1177 nu
1413 1132 1536 1179 drie
1566 1130 1964 1178 Jarenherwarts
1994 1127 2087 1174 met
2116 1125 2209 1172 het
2239 1122 2515 1170 verbieden
2545 1122 2638 1169 van

808 1253 1067 1302 Cassiens
1098 1253 1293 1300 maeken
1324 1253 1615 1303 gevonden,
1646 1258 1743 1304 dat
1774 1257 1904 1303 alle
1936 1256 2000 1302 de
2032 1254 2258 1301 burgers
2289 1250 2387 1298 die
2418 1249 2612 1298 eenigh

2697 1292 3120 1354 Instructie

815 1369 985 1414 silver
1013 1369 1098 1415 uyt
1126 1370 1212 1416 ons
1240 1371 1411 1420 handen
1438 1375 1580 1423 halen
1608 1377 1694 1423 int
1721 1377 1835 1423 hoff
1862 1376 1949 1422 bij
1975 1374 2090 1422 sijn
2118 1366 2458 1418 Rentmeesters
2485 1363 2657 1411 moeten

2690 1420 2758 1466 de
2790 1422 3089 1478 ampliatie

809 1491 1158 1539 troncqueren
1188 1492 1409 1540 omweder
1440 1496 1629 1544 nieuwe
1660 1497 1881 1545 negotie
1911 1494 1975 1541 te
2005 1493 2132 1539 doen
2164 1493 2227 1539 de
2258 1492 2416 1538 wijle
2447 1490 2678 1537 deselve

2697 1547 2776 1595 te
2812 1545 3050 1596 vooren

822 1624 909 1671 met
938 1625 1169 1672 Cassjens
1198 1627 1314 1672 ende
1343 1627 1458 1673 niet
1487 1628 1575 1673 met
1603 1629 1776 1676 silver
1805 1630 2211 1676 geschiedencan,
2238 1630 2356 1676 waer
2384 1631 2501 1678 door
2528 1634 2644 1682 oocq

2694 1663 3030 1713 Daeromme

823 1765 1152 1813 tennaesten
1184 1765 1283 1810 bij
1315 1763 1414 1809 wel
1447 1763 1776 1809 calculatie
1807 1756 2104 1807 makencan,
2136 1754 2236 1800 wat
2268 1753 2531 1800 Capitael
2563 1751 2631 1799 de

2695 1779 2915 1828 „treck
2951 1784 3025 1830 te

836 1891 989 1938 Comp.
1018 1890 1050 1935 e
1080 1889 1202 1935 daer
1232 1886 1507 1933 Jaerlijcx
1538 1886 1873 1932 aenbrenght,
1904 1885 2087 1931 vorder
2117 1885 2209 1930 als
2239 1881 2671 1934 voorengeseght,

2703 1893 2812 1941 van
2848 1895 3030 1943 goede

813 2018 875 2064 de
905 2015 1057 2063 Comp.
1087 2014 1117 2059 e
1147 2012 1511 2059 alverstaende
1542 2012 1633 2057 tot
1663 2012 1754 2057 het
1784 2012 1997 2058 cladden
2026 2011 2239 2058 tegende
2269 2010 2542 2058 Chinesen,
2572 2013 2755 2062 cunnen
2783 2015 2845 2062 by
2875 2015 2941 2063 de

2700 2135 2849 2180 oten
2881 2133 2998 2181 sij

825 2144 954 2194 oock
986 2140 1115 2189 niet
1146 2139 1243 2184 wel
1274 2138 1500 2184 bequame
1531 2140 1789 2187 middelen
1820 2143 2013 2189 vinden
2044 2142 2109 2188 om
2140 2141 2269 2187 haer
2300 2141 2558 2188 daerinne
2590 2137 2655 2185 te

2714 2241 2949 2291 waer

772 2273 1061 2323 vercloeken
1089 2272 1176 2318 ten
1204 2271 1435 2318 respecte
1463 2269 1665 2315 deselve
1692 2269 1866 2315 nevens
1895 2269 2068 2315 eenigh
2096 2268 2269 2314 sclver
2298 2268 2413 2314 alle
2442 2250 2672 2313 Coopmans

2709 2365 2934 2414 halen

812 2403 905 2450 die
935 2400 1028 2448 den
1057 2399 1396 2449 Ioncquinder
1425 2406 1702 2457 aengenaem
1732 2412 1855 2459 sijn
1883 2413 2007 2459 uijt
2038 2412 2283 2458 hunlandt
2314 2411 2528 2456 brengen
2559 2411 2689 2463 waer

2713 2477 3013 2533 vande

808 2531 931 2577 voor
959 2529 1176 2577 wanneer
1205 2530 1421 2577 deselve
1450 2534 1726 2586 vercoopen
1755 2542 1878 2589 syde
1908 2542 2031 2589 ofte
2061 2540 2275 2586 Stoffen
2305 2540 2642 2590 inbetalinge

2708 2603 2833 2651 gt:
2873 2602 3041 2649 ende

824 2656 1181 2708 contracteren,
1209 2663 1319 2710 daer
1345 2665 1537 2713 enboven
1564 2668 1646 2713 syn
1674 2668 1756 2713 het
1783 2668 1893 2714 land
1920 2669 2003 2717 vol
2029 2672 2249 2717 Chinesen
2275 2673 2358 2719 die
2385 2674 2468 2720 hun
2494 2675 2663 2731 eijgen

2707 2719 2817 2775 en

794 2786 947 2835 natie
976 2791 1188 2840 volgens
1217 2794 1309 2840 den
1339 2794 1552 2841 natuijr
1581 2797 1703 2845 voor
1732 2801 2125 2848 vreemdelingen
2156 2801 2398 2847 beninnen
2428 2802 2489 2848 Jn
2518 2803 2644 2855 fijn

2711 2835 3001 2886 nobendt

819 2929 918 2975 dat
949 2930 1242 2976 patientie
1275 2929 1535 2976 hierinne
1567 2927 1665 2974 het
1696 2926 1860 2972 beste
1892 2927 2087 2976 cruijt
2120 2931 2282 2977 inden
2315 2929 2445 2976 Hoff
2477 2929 2607 2977 voor

2934 2961 3032 3016 lk

2710 2974 2890 3023 eg

830 3069 921 3117 ons
950 3069 1039 3114 tot
1068 3066 1275 3113 medicin
1302 3063 1364 3111 te
1392 3062 1570 3108 vinden
1600 3062 1718 3108 sij,
1747 3061 1807 3107 en
1836 3061 1925 3106 ons
1952 3057 2221 3106 soodanigh
2250 3056 2487 3102 viguland
2516 3057 2696 3104 toomen

2719 3075 3043 3130 incoopt.

831 3195 931 3245 als
963 3193 1061 3241 met
1093 3188 1483 3238 bedenckelijk
1513 3186 1775 3234 middelen
1806 3185 1905 3231 int
1936 3182 2099 3229 werck
2131 3180 2326 3226 cunnen
2359 3179 2586 3226 stellen
2618 3180 2685 3228 om

847 3317 962 3364 hun
999 3317 1076 3364 te
1114 3302 1497 3362 declineren

2723 3346 3054 3395 Indeselve

718 3456 912 3504 Onder
949 3454 1028 3501 de
1066 3449 1376 3498 verleden
1414 3441 1647 3493 gedane
1685 3437 1957 3484 negotie
1995 3432 2111 3480 syn
2149 3431 2304 3477 alle
2342 3429 2652 3477 goederen

2719 3482 2889 3530 schen

837 3567 1078 3617 duijrder
1107 3566 1198 3612 als
1228 3565 1348 3611 oijt
1378 3564 1499 3610 voor
1529 3563 1679 3609 desen
1709 3561 1950 3609 betaelt,
1979 3558 2070 3605 ech
2099 3546 2645 3603 terclagendeluijden

2915 3625 2994 3673 igh

841 3684 959 3731 seer
988 3681 1104 3729 door
1134 3680 1192 3726 de
1220 3678 1396 3724 duerte
1425 3677 1513 3722 der
1541 3671 1746 3721 Casjens
1775 3670 1863 3716 als
1891 3667 1980 3715 het
2008 3667 2154 3712 sobre
2184 3665 2330 3712 gewas
2358 3662 2446 3710 der
2475 3662 2684 3713 wommesn

843 3794 1060 3842 weynigh
1090 3794 1213 3841 ofte
1242 3791 1610 3838 egeenadvance
1641 3789 1825 3836 hebben
1855 3789 2070 3836 gedaen,
2099 3786 2284 3833 gelijk
2313 3785 2561 3832 gebleken
2590 3788 2654 3834 is

826 3909 920 3956 dat
950 3909 1290 3958 Coopluijden
1321 3913 1413 3959 die
1444 3913 1568 3959 voor
1598 3913 1753 3959 desen
1783 3914 1846 3959 de
1875 3911 2123 3959 groetste
2154 3910 2401 3956 partijen
2431 3908 2685 3957 goederen

2723 3204 2789 3255 de
2820 3206 2985 3253 Comp.
3018 3206 3091 3254 e.

1561 458 1787 514 Ordre
1832 457 2056 504 offte
2095 455 2592 504 Instructie,
2637 457 2817 505 voor
2860 462 2995 509 den

1641 548 1843 594 onder
1883 545 2167 593 Coopman
2206 547 2449 597 Janvan
2489 552 2813 607 Kiebeecq
2852 563 3016 613 waer

1648 643 2027 693 naerhemende
2061 647 2130 693 de
2165 646 2371 692 verdre
2405 646 2819 700 overblyvende
2852 656 3059 716 Neder¬

1619 749 1976 798 „landeren,
2010 745 2366 793 geduyrende
2401 745 2473 792 't
2508 747 2793 800 affwesen
2828 756 3044 812 vanden

2673 852 3066 906 Hoeckhorst

2224 4055 2676 4115 aenbrachten

0 512 58 558 als

0 583 111 632 over
135 589 273 643 twate

147 666 248 714 dato

152 2887 198 2932 med

2727 3618 2790 3670 00

2726 3742 2778 3788 an

2732 3870 2786 3916 r

2455 867 2617 913 698

2752 291 2961 342 701

2818 185 2985 233 703
