3567 4801
2729 544 2904 604 914

642 608 1037 670 Januarg
1073 596 1316 650 Anno
1371 586 1596 637 1646

964 803 1231 855 verblijven
1256 802 1310 847 en
1334 800 1417 847 ock
1443 800 1550 847 naer
1576 802 1869 849 palliacatta
1895 804 2028 850 Comen
2054 804 2108 850 om
2134 805 2375 854 bescheijt
2399 811 2480 858 wat
2506 814 2612 859 hier
2638 812 2692 859 op
2719 810 3011 857 andtwoorden

953 906 1093 961 sult,
1119 904 1175 951 nu
1200 900 1283 948 met
1310 898 1392 944 goe
1417 896 1501 943 den
1527 892 1746 941 voorsten
1772 890 1882 936 hope
1909 889 2018 935 alle
2045 890 2317 941 desedingen
2343 893 2399 939 te
2425 893 2725 943 vereffenen,
2752 898 2834 943 8oo
2860 894 2971 943 veel

959 1005 1015 1051 in
1038 997 1229 1048 mijnder
1256 995 1391 1042 macht
1418 995 1499 1040 Is,
1524 992 1661 1040 aende
1687 992 1822 1038 sijde
1849 992 1930 1037 van
1956 990 2254 1037 petapoulij,
2280 991 2577 1038 masulipatam
2604 992 2712 1038 ende
2737 989 2900 1036 elders
2927 989 2955 1035 —

963 1111 1051 1160 sin
1079 1109 1166 1156 mij
1192 1107 1280 1153 uE:
1308 1103 1509 1151 saecken
1537 1101 1738 1148 bekent,
1765 1099 1881 1145 ende
1909 1097 2081 1144 hebben
2110 1097 2225 1143 daer
2253 1098 2310 1143 in
2339 1098 2653 1145 Vrundtschap
2681 1089 2941 1143 geheeft—,

964 1222 1182 1275 daeromme
1208 1219 1346 1266 Wild'
1373 1216 1591 1264 Moeijten
1617 1213 1754 1261 nemen
1781 1212 1836 1258 d'
1863 1208 2000 1256 saeck
2027 1208 2109 1253 tot
2136 1208 2191 1254 UE
2217 1209 2273 1255 E.
2299 1210 2381 1256 wel
2408 1208 2627 1255 gevallen
2653 1205 2709 1252 af
2735 1198 3009 1249 thandelen,

945 1340 1098 1396 sulcx
1122 1333 1217 1384 tot
1245 1330 1336 1377 een
1364 1325 1574 1375 teecken
1604 1320 1753 1369 desen
1782 1318 1932 1364 brief
1961 1312 2260 1362 afveerdige
2288 1310 2319 1355 —

1474 1573 1700 1621 volght
1736 1570 1850 1617 een
1885 1567 2075 1615 ander
2112 1567 2375 1612 missive
2413 1567 2526 1612 aen
2563 1549 2941 1611 padmanaba.

1490 1668 1946 1729 letchemaneijck
1977 1665 2108 1712 ende
2139 1662 2334 1709 andere
2366 1656 2561 1707 alhier
2592 1638 2961 1700 residerende

1502 1771 1773 1828 geschreven
1798 1764 2041 1815 luijdende
2068 1763 2149 1809 als
2175 1754 2364 1808 volght—

702 2035 1139 2122 Mieradula
1186 2031 1431 2081 Sendt
1475 2029 1721 2077 sijne
1769 2020 2060 2073 groete
2109 2019 2254 2065 aen
2302 2003 2934 2063 leschemanesce

951 2142 1346 2202 padinanaba,
1380 2134 1739 2186 Babalachan
1771 2133 1846 2180 en
1878 2122 2238 2178 Assenijne,
2273 2120 2595 2166 aengaende
2630 2120 2666 2166 u
2701 2119 2773 2165 En
2808 2114 3025 2163 saecke

976 2252 1177 2305 t'samen
1204 2249 1348 2297 hebbe
1374 2247 1433 2293 in
1460 2244 1547 2291 een
1575 2242 1747 2290 goeden
1774 2241 1945 2288 standt
1974 2235 2231 2286 gebraght,
2257 2233 2344 2279 den
2372 2227 2573 2277 Coninck
2600 2226 2658 2272 en
2685 2219 2971 2271 Babalachan

938 2360 1119 2413 senden
1147 2354 1416 2405 Babouchan
1444 2351 1594 2398 naerp
1624 2345 2040 2396 alliacattadaer
2067 2342 2159 2389 Ick
2188 2338 2307 2386 mede
2336 2336 2486 2382 Come,
2515 2334 2634 2381 doch
2661 2331 2753 2378 sal
2782 2327 3021 2375 Raboucha

932 2473 987 2522 in
1009 2462 1292 2516 Poenemoelij
1318 2460 1599 2507 verblijven,
1624 2461 1726 2507 ende
1750 2459 1828 2506 ick
1853 2459 1956 2504 voor
1981 2455 2084 2503 uijt
2107 2451 2262 2500 comen,
2287 2451 2364 2497 als
2390 2450 2466 2496 ick
2491 2448 2594 2495 daer
2619 2447 2696 2493 kom
2721 2446 2824 2491 sult
2848 2442 2953 2491 ghij

932 2580 1183 2637 verblijdt
1210 2576 1375 2624 wesen,
1401 2573 1513 2620 ende
1540 2573 1622 2618 sal
1650 2571 1870 2618 tevooren
1897 2569 1980 2616 een
2007 2567 2090 2614 man
2117 2563 2282 2611 senden
2309 2561 2420 2608 voor
2447 2559 2530 2606 eer
2557 2558 2640 2604 dat
2667 2557 2805 2604 Come,
2832 2557 2918 2605 wat

913 2707 1002 2762 hij
1027 2697 1140 2747 miet
1166 2693 1224 2740 d'
1249 2686 1391 2736 mondt
1417 2681 1587 2730 seijdt
1614 2677 1951 2727 Cnueshooren,
1977 2679 2090 2725 ghij
2117 2678 2174 2724 en
2200 2674 2313 2722 moet
2341 2673 2397 2719 in
2423 2672 2453 2718 u
2480 2667 2649 2715 herten
2676 2666 2760 2712 met
2786 2660 3012 2711 bedroeft

960 2808 1126 2859 wesen,
1152 2805 1263 2854 maer
1290 2804 1373 2850 ter
1400 2799 1648 2849 Contrarie
1675 2793 1951 2842 verblijdt,
1978 2793 2033 2839 en
2061 2791 2226 2839 Hooren
2254 2790 2419 2836 naer't
2445 2787 2557 2834 gene
2584 2787 2612 2832 u
2638 2782 2804 2831 seggen
2831 2781 2914 2828 sal
2942 2783 2999 2830 —,

930 2925 1038 2972 ende
1065 2923 1147 2969 soo
1174 2918 1499 2968 daeraerhoort
1524 2916 1634 2962 salt
1660 2915 1688 2960 u
1714 2910 1932 2959 proffijt
1957 2907 2121 2954 wesen,
2147 2905 2257 2952 ghij
2283 2904 2419 2950 Cunet
2445 2900 2581 2950 tegen
2608 2898 2690 2944 den
2717 2893 2997 2943 gouverneur

933 3042 1105 3097 seggen
1133 3039 1218 3086 dat
1245 3031 1642 3084 Connerechittij
1670 3031 1783 3078 oocq
1809 3028 1924 3075 mede
1952 3027 2038 3073 sal
2064 3020 2207 3071 comen
2234 3012 2574 3064 d'oliphanten
2602 3012 2658 3057 en
2686 3010 2856 3056 Cleden

915 3176 1002 3225 Van
1027 3168 1088 3217 u.
1114 3156 1318 3211 genomen
1345 3151 1519 3200 sullen
1547 3150 1577 3195 u
1605 3146 1807 3195 Wederom
1834 3142 2009 3191 geven,
2035 3138 2124 3187 dit
2151 3130 2297 3181 alles
2325 3125 2470 3174 Cundt
2498 3123 2614 3171 ghij
2642 3121 2700 3167 in
2728 3121 2758 3167 u
2784 3118 2901 3168 hent

918 3283 1221 3338 overleggen,
1245 3276 1358 3326 ende
1384 3270 1578 3320 gelijck
1605 3269 1798 3315 Chinana
1823 3268 1935 3315 Vets
1963 3264 2128 3314 aenden
2154 3257 2348 3308 Coninck
2374 3254 2512 3301 geeft
2539 3252 2650 3299 moet
2677 3249 2788 3297 ghij
2814 3247 2925 3293 oock

910 3417 1029 3471 doen
1054 3410 1115 3459 of
1143 3405 1318 3454 anders
1346 3400 1463 3449 sult
1491 3398 1549 3444 in
1577 3392 1839 3443 verdriedt
1867 3387 2041 3436 Comen,
2069 3384 2302 3432 omtrendt
2330 3383 2359 3428 m
2387 3378 2649 3428 asulpatam
2674 3368 2830 3421 hebbe

938 3536 1191 3589 verkeert,
1218 3533 1331 3580 ende
1358 3531 1415 3578 nu
1442 3528 1611 3576 soecke
1638 3527 1695 3572 op
1722 3524 2030 3571 palliacatta
2057 3522 2115 3569 d'
2142 3517 2310 3566 saecke
2338 3515 2395 3562 te
2422 3506 2731 3559 vereenigen,
2757 3503 2814 3549 om
2841 3499 2955 3547 daer

903 3666 1134 3725 bekendt
1166 3658 1396 3710 tewesen
1425 3653 1494 3702 te
1526 3650 1657 3696 meen
1689 3649 1755 3694 om
1788 3649 1886 3694 dat
1918 3647 1984 3694 al
2017 3643 2148 3692 mijn
2180 3637 2409 3687 Vrunden
2441 3626 2736 3681 Coopmansz
2768 3622 2868 3671 met

900 3808 969 3860 d'
1000 3803 1067 3852 E.
1096 3785 1392 3845 Compagnie
1424 3779 1685 3828 gedreven
1718 3774 1946 3824 hebben,
1978 3770 2239 3820 d'moeyte
2271 3767 2369 3814 die
2402 3763 2598 3812 schdoe
2629 3760 2695 3807 en
2728 3758 2866 3805 moet

893 3928 1015 3982 ghij
1042 3922 1163 3971 niet
1190 3914 1459 3965 vergeten,
1488 3910 1608 3958 noch
1635 3902 1845 3953 maecken
1873 3901 1963 3946 die
1993 3901 2230 3947 Verloren
2259 3897 2349 3946 Is,
2377 3893 2497 3941 veel
2526 3890 2735 3937 woorden
2762 3890 2824 3936 en

912 4051 1002 4101 sin
1028 4044 1148 4094 niet
1174 4038 1353 4087 goedt,
1378 4032 1643 4086 verstaedt
1671 4027 1818 4077 aller
1847 4024 1935 4071 ter
1964 4023 2139 4068 degen,
2168 4018 2490 4068 Babalachan,
2518 4018 2577 4064 en
2606 4019 2695 4065 Ick
2721 4018 2889 4067 Comen

900 4160 964 4211 om
992 4156 1082 4203 uwe
1110 4151 1321 4201 specken
1350 4146 1589 4196 daeromme
1618 4143 1738 4189 diet
1767 4142 1857 4188 toe
1886 4140 1976 4187 hyj
2005 4139 2125 4184 niet
2154 4136 2393 4183 verloren
2422 4137 2631 4182 aerbeyt
2661 4137 2722 4183 om
2750 4139 2870 4188 nwem

927 4248 1308 4312 willedoet

140 1051 202 1101 en,

149 1380 218 1427 aders

119 1487 244 1536 Vrede

0 2479 178 2527 geladen
