3567 4883
1269 734 1439 782 niet
1481 734 1608 781 wel
1650 734 1735 781 te
1777 733 2073 782 girven,
2114 732 2368 780 nevens
2410 734 2495 780 92
2537 731 2749 779 Cours
2790 731 3129 777 sjancros
3171 726 3299 774 Van

1250 867 1715 926 Caijlpatam
1760 861 1947 911 Idem
1992 860 2041 907 3
2080 858 2224 908 stx
2271 852 2503 903 Ceijl
2549 851 2735 898 dese
2780 848 3245 899 eliphanten

1285 1005 1382 1053 jn
1424 1002 1672 1053 junio
1718 991 2056 1049 passado
2104 988 2393 1035 nevens
2440 988 2585 1034 een
2621 979 2970 1032 Gesandt
3017 977 3114 1023 op
3162 975 3307 1021 den

1196 1132 1390 1185 naem
1437 1125 1725 1176 vanden
1771 1119 2059 1170 prince
2106 1116 2251 1163 van
2298 1103 2728 1164 Bengaelen
2775 1100 2967 1147 uijt
3015 1093 3400 1145 coutiare

1230 1263 1313 1310 p.
1351 1262 1395 1309 r
1435 1262 1477 1308 t
1512 1251 1722 1306 deens
1762 1240 1967 1293 jacht
2007 1237 2093 1288 d'
2129 1246 2253 1294 S„t
2291 1230 2580 1288 Michiel
2619 1226 2866 1273 alhier
2905 1220 3361 1271 aengebracht

1250 1397 1716 1455 advoicture
1762 1398 1949 1444 naer
1995 1384 2416 1443 Bengaelen
2460 1373 2834 1431 Behooren
2878 1368 2973 1416 te
3019 1365 3395 1421 schicken

1229 1541 1791 1604 Tvoorschreven
1832 1533 1964 1584 van
2003 1526 2179 1576 sijn
2222 1526 2309 1574 E:
2351 1527 2524 1574 medt
2566 1522 2782 1571 goede
2824 1509 3299 1566 voordachten

1245 1683 1657 1746 overleijt,
1696 1674 1862 1726 ende
1902 1659 2478 1718 Geconsidireert
2518 1654 2765 1702 sijnde
2806 1653 2889 1699 d'
2929 1653 3383 1703 oppercoopln

1228 1840 1446 1898 Hren.
1488 1813 2013 1884 Bartholomeus
2056 1811 2144 1857 d'
2187 1799 2536 1855 gruijter
2579 1793 2755 1844 ende
2798 1783 3060 1837 pieter
3101 1770 3366 1826 Lijmes

1235 1973 1388 2023 tot
1438 1959 1898 2017 Transport
1948 1948 2203 2001 vande
2254 1944 2356 1990 in
2406 1932 2865 1987 voorraedt
2916 1910 3324 1977 leggende

1196 2102 1605 2165 retouren
1655 2092 1861 2145 voor
1910 2081 2269 2134 Batavia
2319 2072 2524 2124 omme
2573 2067 2677 2115 d'
2728 2056 3238 2112 verijschte
3288 2054 3343 2103 —

1226 2243 1540 2302 scheeps
1581 2231 1896 2286 ruijmte
1940 2230 2074 2276 ten
2119 2224 2476 2277 hoogsten
2516 2220 2877 2271 Bendicht
2921 2223 3144 2270 sijn,
3189 2215 3368 2267 ende

1254 2397 1594 2466 Gemelte
1642 2390 1883 2442 schip
1930 2386 2027 2432 d'
2073 2383 2364 2432 vreede
2410 2376 2701 2426 aldaer
2747 2372 2941 2421 sijn
2989 2368 3231 2417 volle
3277 2374 3330 2422 —

1209 2545 1524 2597 ladingh
1568 2536 1884 2589 becomen
1928 2530 2109 2579 kan,
2153 2525 2334 2573 ende
2378 2519 2649 2570 tjacht
2691 2515 2829 2563 lis
2873 2513 2964 2559 in
3008 2503 3369 2557 bengaele

1218 2695 1423 2746 mede
1470 2680 1776 2738 nodich
1825 2675 1978 2724 is,
2027 2667 2231 2719 wert
2281 2665 2434 2711 der
2483 2662 2737 2707 halve
2786 2660 2939 2707 met
2989 2649 3345 2704 gemeene

1220 2834 1582 2889 stemmen
1632 2824 1840 2879 goet
1888 2804 2305 2868 gevonden
2355 2800 2563 2848 ende
2612 2796 3292 2848 g'arresteert,

1201 2978 1328 3027 dat
1368 2973 1495 3021 men
1535 2965 1703 3020 (god
1744 2962 1829 3009 d'
1868 2946 2247 3007 voorstelk
2285 2940 2539 2990 tschip
2580 2937 2665 2984 d'
2705 2933 2958 2980 Vreede
2999 2931 3083 2979 op
3124 2925 3375 2975 mergen

1213 3126 1420 3180 over
1469 3108 2037 3169 masulipatam
2088 3103 2295 3152 naer
2345 3095 2707 3147 Batavia
2757 3086 2964 3139 ende
3014 3074 3381 3129 'Tjacht

1211 3260 1351 3306 lis
1389 3247 1678 3304 jegens
1724 3243 1818 3291 26
1863 3235 2098 3286 deser
2140 3231 2331 3279 (als
2376 3226 2705 3276 wanneer
2749 3221 3125 3275 vermoedt
3172 3218 3359 3265 wert

1159 3395 1542 3458 volcomen
1587 3388 1970 3439 veerdigh
2015 3383 2160 3433 sal
2197 3378 2398 3427 sijn
2443 3373 2636 3423 naer
2683 3367 3016 3420 pipelij
3062 3360 3255 3412 doen

1159 3526 1716 3600 vertrecken
1769 3512 1994 3567 sall

1087 3721 1348 3775 Aldus
1398 3716 1708 3765 Gedaen
1759 3708 2378 3761 geresoeveert
2428 3707 2635 3754 ende
2682 3705 3304 3757 g'arresteert

1141 3849 1298 3920 Jnt
1345 3833 1697 3892 Casdeel
1746 3826 2096 3877 Geldria
2142 3825 2246 3871 op
2294 3825 2396 3871 d'
2430 3822 2644 3871 Cust
2694 3806 3243 3867 Choromandel

1166 3958 1445 4016 Datum
1500 3948 1668 4000 vt:
1721 3931 2002 3991 supra

2401 3980 3154 4054 Onderstondt
3222 3977 3358 4026 en

2335 4081 2535 4138 was
2599 4067 3248 4124 Geteeckent

2367 4212 2669 4260 noed
2744 4178 3270 4254 heussen

2292 4364 2915 4430 Lauwrens
2986 4359 3314 4417 Pitt

1459 4029 1542 4081 :
