3458 4917
255 404 553 452 Januarij
589 406 664 453 ao
700 396 925 449 1646/.

2303 364 2391 412 Jn
2433 366 2695 415 osacca

272 1836 607 1891 februarij
641 1839 794 1891 adij

575 652 700 703 adij
730 651 884 697 28:en
913 650 1067 696 ditto
1098 650 1221 697 voor
1251 653 1342 701 den
1373 656 1495 702 dage
1526 657 1648 702 sijn
1678 656 1771 702 den
1799 656 1954 702 toeck
1984 656 2046 702 en
2076 658 2170 705 den
2197 659 2505 707 huijswaart
2535 660 3028 717 sabroseijmondome

871 763 966 812 ten
997 763 1183 811 huijse
1213 766 1307 813 des
1335 768 1678 818 Gouverneurs
1707 774 1925 823 gegaen,
1952 778 2016 824 de
2047 778 2263 825 compste
2293 779 2388 827 der
2417 780 2819 829 Nederlanderen
2849 780 2976 831 sijn

893 883 1006 929 Ed:s
1033 882 1341 929 aengedient,
1368 884 1424 929 en
1452 884 1536 930 pas
1564 885 1619 930 om
1647 885 1731 930 nae
1759 885 1872 933 Jedo
1898 889 1955 934 op
1982 889 2038 935 te
2065 889 2261 936 reijsen
2288 888 2512 935 versocht
2540 885 2736 933 'twelck
2763 884 3017 934 Bequamen,

886 989 1027 1038 sulcx
1053 986 1277 1034 ongevaer
1304 986 1443 1033 wegen
1471 988 1638 1036 uijren
1665 991 1777 1037 voor
1804 992 1999 1039 middach
2026 995 2137 1041 uijt
2165 996 2304 1042 miaco
2332 997 2610 1046 vertrocken
2637 1001 2750 1048 ende
2776 1003 2888 1049 quam
2914 1004 2975 1054 't

890 1102 1006 1149 dien
1033 1103 1176 1150 avond
1204 1105 1263 1152 in
1289 1108 1518 1156 Coesats,
1546 1111 1717 1157 alwaer
1745 1111 1832 1157 ons
1859 1112 1973 1158 door
2001 1110 2201 1157 seecker
2230 1110 2430 1158 Coopman
2457 1113 2572 1161 uijt
2600 1115 2771 1161 osacca
2798 1109 2971 1160 wegens

887 1214 981 1260 den
1012 1215 1233 1262 Connink
1263 1217 1358 1263 van
1389 1217 1673 1266 Cimocinij
1703 1223 2050 1269 toegebracht
2079 1226 2269 1274 wierde
2299 1229 2426 1275 twee
2456 1227 2770 1276 Balijtjens
2801 1225 2990 1272 sockij

899 1324 1009 1374 ofte
1035 1330 1253 1379 Jopansen
1278 1335 1496 1384 stercken
1521 1340 1684 1386 dranck
1710 1340 1819 1386 ende
1846 1340 1927 1385 dat
1953 1339 2008 1385 in
2035 1339 2224 1385 teecken
2251 1340 2332 1385 van
2359 1340 2414 1386 't
2440 1339 2576 1385 geene
2602 1339 2711 1386 sijn
2738 1336 2981 1385 hoocheijt

892 1443 1013 1489 uijt
1043 1444 1223 1492 osacca
1252 1447 1581 1498 toegesonden
1609 1452 1700 1498 wel
1729 1451 2000 1499 ontfangen
2029 1455 2179 1502 hadde
2208 1457 2269 1503 en
2297 1457 2567 1503 aengenaem
2596 1453 2717 1502 ware
2746 1450 2959 1497 geweest

894 1558 983 1608 met
1012 1558 1127 1604 veel
1156 1558 1503 1606 complementos
1530 1562 1589 1610 op
1616 1565 1733 1611 onse
1760 1567 2107 1617 wedercompste
2134 1573 2250 1620 voor
2279 1574 2423 1620 alles
2450 1572 2509 1619 te
2536 1570 2854 1617 Contenteren
2883 1571 3023 1618 sijn

888 1674 1001 1721 dese
1028 1675 1199 1720 sackij
1227 1675 1312 1721 ons
1339 1676 1566 1724 eenlijck
1594 1679 1651 1724 om
1678 1680 1791 1729 inde
1820 1684 1962 1732 konde
1989 1688 2271 1739 onderwegen
2299 1693 2357 1739 te
2384 1694 2611 1742 mitsigen
2638 1697 3006 1751 toegeschrickt

831 1838 914 1884 7o
939 1832 1052 1882 dito
1078 1830 1244 1876 sonder
1272 1831 1575 1879 merckelijke
1602 1834 1714 1882 oste
1740 1837 1962 1889 noterens
1988 1845 2210 1895 waardige
2236 1850 2568 1904 bejegeninghe
2594 1859 2650 1906 op
2677 1862 2733 1909 de
2759 1862 2898 1910 wech,
2925 1863 3008 1910 als

900 1943 1168 1989 dagelijcx
1197 1944 1317 1989 goet
1346 1945 1525 1993 weder,
1554 1948 1615 1994 in
1644 1950 1763 1997 sedo
1792 1952 1882 1999 wel
1911 1954 2209 2001 aengecomen

898 2065 988 2111 den
1017 2063 1167 2110 tolck
1195 2060 1525 2108 sasiscijmon
1553 2063 1823 2114 terstond,
1852 2070 1943 2118 tot
1971 2074 2062 2121 den
2090 2077 2271 2126 heeren
2299 2083 2657 2138 sukingodonne
2685 2087 2836 2134 (door
2863 2086 2988 2135 wien

903 2175 1136 2231 s'Comps
1165 2173 1368 2220 saacken
1395 2176 1511 2224 alle
1539 2180 1769 2229 verricgt
1798 2184 1971 2233 moesen
2000 2188 2202 2239 werden)
2229 2194 2289 2240 er
2316 2196 2835 2253 sabrosetjenondonne

908 2290 1219 2339 Gouverneur
1250 2292 1344 2339 van
1374 2294 1717 2347 Nangasachij
1747 2302 1996 2354 gesonden
2026 2309 2152 2358 haer
2181 2314 2306 2362 Ed:e
2336 2317 2461 2363 onse
2491 2319 2709 2370 compste
2737 2324 2802 2371 te
2831 2323 2957 2370 ver

919 2402 1166 2450 wittigen,
1193 2405 1276 2451 die
1302 2407 1412 2453 niet
1439 2408 1604 2457 thuijs
1630 2413 1850 2463 gevonden
1875 2419 2042 2469 hebben
2066 2426 2177 2473 also
2203 2429 2287 2476 den
2312 2432 2506 2481 keijser
2531 2438 2613 2484 die
2640 2439 2695 2484 in
2722 2437 2804 2483 een
2831 2433 2996 2482 sijner

921 2518 1071 2568 'tsia
1098 2516 1190 2562 ote
1220 2516 1549 2566 speeluijsen
1577 2521 1787 2570 buijten
1816 2525 1877 2571 de
1906 2527 2026 2575 stad
2055 2531 2115 2577 om
2144 2533 2265 2583 sich
2293 2539 2354 2586 te
2382 2542 2681 2596 vermaecken
2711 2551 2920 2606 eenighe

928 2631 1041 2677 fiss
1070 2630 1240 2677 sladde
1268 2632 1382 2678 doen
1410 2634 1723 2686 aenrechten,
1750 2641 1837 2688 ten
1863 2644 2063 2697 aensien
2090 2654 2177 2702 den
2203 2658 2374 2706 prince
2402 2661 2573 2710 sijnen
2600 2665 2828 2717 ondeosen
2855 2672 2970 2720 soon

932 2734 1020 2782 van
1048 2737 1252 2784 eenighe
1280 2740 1484 2789 coortse
1513 2744 1717 2792 wederom
1745 2749 1921 2796 gesont
1948 2753 2183 2808 geworden
2207 2764 2240 2810 /
2267 2765 2384 2813 was,
2412 2769 2471 2815 en
2499 2770 2618 2818 deze
2644 2774 2819 2820 heeren
2848 2772 2995 2819 onder

934 2859 1151 2907 tgevolck
1177 2859 1366 2907 waaren,
1393 2861 1501 2906 doch
1527 2860 1608 2906 bij
1635 2860 2014 2913 desekretarisen
2039 2869 2174 2918 sulcx
2201 2873 2309 2919 hare
2335 2875 2497 2924 heeren
2523 2878 2605 2924 aen
2631 2880 2686 2925 te
2711 2877 2875 2924 dienen

940 2972 1423 3021 gerecommandeert

664 3115 838 3165 adij

875 3118 981 3165 8:en
1005 3115 1140 3161 ditto
1165 3114 1273 3161 niet
1298 3116 1616 3163 tegenstaande
1642 3117 1854 3164 gisteren
1881 3119 1960 3164 den
1986 3119 2120 3168 tolck
2145 3124 2226 3171 tot
2250 3125 2331 3172 den
2357 3125 2490 3172 heere
2516 3126 2834 3174 sukingodonne
2858 3122 2966 3169 ende

952 3227 1461 3279 sabroseijmondenne
1491 3232 1610 3279 onse
1640 3232 1851 3281 compste
1879 3237 2030 3284 hadde
2059 3239 2178 3285 doen
2207 3238 2388 3285 weten,
2417 3237 2597 3285 hebben
2626 3236 2837 3282 evenwel
2864 3235 2971 3284 den

951 3346 1104 3393 tolck
1133 3342 1346 3390 wederom
1376 3342 1649 3390 derwaarts
1679 3345 1952 3393 gesonden,
1982 3348 2104 3396 omme
2134 3352 2255 3399 haer
2285 3353 2407 3399 Ed:e
2437 3352 2498 3398 te
2527 3345 2801 3396 Begroeten
2828 3341 2952 3392 ende

960 3460 1081 3508 onse
1110 3459 1320 3505 zaacken
1350 3459 1411 3505 te
1440 3456 1861 3508 recommanderen,
1889 3464 2249 3513 wederkerende
2278 3465 2609 3513 rapporteert
2638 3456 2908 3510 gesehijde

956 3576 1116 3622 heeken
1142 3575 1249 3622 onse
1275 3574 1462 3622 zaacken
1488 3577 1542 3622 te
1567 3576 1862 3626 favoriseren
1887 3582 2154 3628 aengenomen
2180 3583 2367 3630 hadden,
2393 3583 2660 3629 diekhalven
2685 3582 2819 3628 onder
2846 3580 3032 3628 anderen

949 3689 1127 3736 belast
1155 3690 1244 3737 ons
1272 3692 1363 3741 aen
1391 3696 1450 3742 te
1480 3696 1657 3745 heggen
1686 3701 1745 3746 de
1775 3701 1834 3747 te
1863 3702 2011 3748 doene
2040 3702 2335 3749 schenkagie
2364 3703 2542 3748 aenden
2571 3703 2778 3750 keijser
2807 3702 2867 3749 en

948 3806 1097 3853 prins
1126 3805 1306 3850 sijnen
1336 3805 1486 3852 soone
1515 3809 1577 3856 te
1604 3812 1932 3864 prepareren,
1961 3817 2082 3864 alzo
2111 3818 2171 3863 de
2201 3817 2439 3863 songuato
2469 3815 2708 3862 ophanden
2738 3811 2919 3862 sijnde

956 3930 1044 3976 wel
1072 3928 1307 3975 gebeuren
1337 3928 1513 3975 mochte
1542 3930 1659 3978 noch
1688 3933 1923 3979 tevooren
1952 3934 2010 3980 om
2040 3931 2099 3979 de
2127 3928 2274 3975 zelve
2303 3929 2421 3975 over
2447 3926 2508 3972 te
2537 3923 2743 3971 leveren
2771 3920 2889 3967 ende
2917 3919 3006 3965 Re

942 4046 1164 4094 verentie
1189 4048 1300 4093 voor
1326 4046 1464 4092 sijne
1491 4045 1683 4091 maijs:t
1710 4044 1766 4090 te
1792 4041 1902 4088 doen
1930 4039 2149 4086 geroepen
2177 4039 2341 4084 souden
2367 4036 2533 4084 werden

2350 4221 2727 4283 weshalven
2766 4224 2850 4272 /.

609 335 653 380 En

2796 279 2957 334 630

0 4305 169 4356 itto/.
