3792 4712
1120 1064 1204 1113 die
1230 1061 1312 1108 int
1337 1054 1583 1106 Vaderlant

1677 872 1802 919 Voor
1831 870 1927 917 het
1955 873 2173 923 Latijns
2200 869 2423 923 school,

1640 964 1722 1011 30
1758 957 2129 1008 Rhetorica

1662 1049 1751 1098 30
1791 1039 2053 1089 Logica

1156 1119 1217 1166 in
1243 1116 1305 1162 de
1330 1112 1540 1162 scholen
1569 1111 1772 1181 geleert
1798 1128 1860 1176 30
1888 1123 2184 1172 Grammatica
2214 1123 2361 1172 Graca

1663 1219 1730 1268 20
1763 1221 1994 1269 Lexican
2027 1224 2259 1272 Pasoris
2292 1227 2325 1272 3
2358 1227 2424 1273 N.
2457 1226 2655 1276 Testu.

1675 1307 1749 1352 20
1786 1304 2155 1352 Grammalica
2190 1307 2414 1359 Hebrua
2448 1316 2707 1365 Erpeni.

1678 1399 1753 1447 12
1788 1395 2046 1443 lexicon
2083 1398 2340 1449 Hebraus
2377 1402 2712 1451 Buxtorti.

1671 1481 1765 1527 12
1812 1478 2092 1527 Biblia
2139 1482 2420 1530 Hebua.

1673 1565 1738 1615 12
1769 1564 1864 1610 Loc
1894 1565 2144 1612 commines
2175 1564 2425 1613 Bircami.
2455 1563 2551 1612 nit
2579 1568 2799 1624 latijn.

1658 1647 1731 1694 24
1764 1647 2082 1697 Virgilius

1666 1733 1736 1780 24
1769 1733 2014 1781 Ardonis

1667 1810 1743 1865 24
1776 1812 2102 1868 Horatrus.

1664 1914 1755 1964 20
1782 1908 2113 1963 Plijkca

1687 2005 1772 2056 20
1811 2007 1856 2056 £
1893 1996 2158 2048 thica.

1749 2122 1911 2171 Achtb.
1936 2124 2099 2173 Heeren
2122 2128 2205 2175 dit
2230 2131 2284 2178 is
2309 2132 2392 2179 het
2416 2135 2579 2188 merste
2603 2144 2737 2191 getal
2763 2146 2845 2195 dat
2870 2151 2978 2198 voor
3004 2153 3057 2198 de
3084 2153 3351 2199 Latijnsche
3377 2150 3514 2198 scho=

1705 2212 1757 2257 le
1782 2209 1963 2259 geeijst
1988 2209 2068 2256 can
2091 2212 2272 2259 worden,
2297 2213 2453 2263 souden
2478 2219 2582 2266 meer
2606 2222 2812 2275 eyschen,
2838 2230 2941 2276 doch
2967 2231 3148 2278 nuchten
3172 2231 3276 2278 daer
3301 2230 3405 2275 niet
3430 2227 3511 2274 tot

1715 2294 1803 2342 dat
1831 2292 1889 2338 de
1917 2291 2063 2337 hren.
2092 2292 2294 2338 Meiores
2323 2293 2381 2338 de
2409 2294 2641 2344 vruchten
2669 2300 2757 2347 der
2784 2302 2959 2351 Schole
2987 2306 3161 2358 siene,
3189 2311 3305 2358 meer
3333 2309 3451 2358 sich

1717 2371 1898 2419 genegen
1923 2369 2104 2416 mochten
2129 2369 2285 2417 vinden
2310 2373 2389 2420 tot
2413 2376 2492 2423 het
2516 2379 2801 2431 verstrecken
2825 2387 2903 2434 der
2928 2389 3136 2442 boecken.
3159 2397 3238 2443 end
3261 2396 3447 2445 vermits

1715 2458 1790 2505 dat
1815 2457 1913 2503 seer
1937 2455 2135 2503 ontbloot
2160 2458 2260 2505 sijn
2283 2461 2357 2506 van
2381 2461 2432 2507 de
2455 2463 2628 2511 verdere
2652 2466 2850 2515 geeijste
2874 2470 3047 2520 boecken
3071 2475 3122 2521 in
3145 2477 3195 2524 de
3219 2479 3419 2535 schoolen

1708 2541 1815 2592 niet
1840 2539 1995 2585 alleen
2021 2539 2150 2585 hier,
2175 2539 2279 2587 maer
2304 2543 2537 2594 duergaens
2562 2549 2691 2595 india
2716 2549 2820 2595 door
2844 2549 2897 2595 te
2922 2550 3130 2602 versien,
3154 2558 3232 2604 soo
3257 2555 3470 2604 versoec¬

1708 2617 1790 2667 ken
1816 2616 2081 2662 ernstelyc,
2107 2617 2187 2664 dat
2212 2619 2292 2665 den
2318 2620 2662 2674 voorgestelden
2688 2629 2873 2676 eijsch,
2899 2631 3006 2678 niet
3031 2634 3084 2679 en
3110 2635 3295 2683 gelieft
3320 2635 3379 2682 te

1724 2687 2045 2737 verminderen,
2070 2693 2178 2741 maer
2203 2697 2283 2744 eer
2310 2699 2364 2745 te
2389 2702 2735 2754 vermeerderen,
2761 2708 2868 2755 want
2894 2710 2975 2757 het
2999 2713 3186 2762 brecken
3213 2717 3293 2762 sij
3319 2713 3399 2761 die

1713 2768 1790 2815 mit
1816 2768 1918 2813 ende
1943 2768 2176 2820 dienstigh
2196 2778 2325 2825 sijn,
2350 2781 2428 2828 tot
2451 2785 2783 2834 bevorderingen
2808 2788 2885 2834 van
2910 2789 2987 2836 het
3012 2792 3293 2842 christendon
3317 2797 3426 2846 ende

1705 2853 1870 2904 aennas
1897 2853 2168 2902 desselven,
2195 2857 2305 2904 hier
2330 2860 2386 2906 op
2411 2862 2494 2909 ons
2519 2865 2817 2918 verlatende,
2844 2872 3007 2922 bidden
3033 2877 3115 2923 dat
3142 2879 3224 2924 den
3250 2880 3416 2927 goeden

1706 2937 1826 2982 godt
1855 2935 1945 2981 uwe
1974 2935 2215 2985 personen
2243 2942 2364 2987 ende
2393 2943 2661 2994 besongien
2691 2949 2782 2995 wil
2810 2950 3020 2999 tegenen
3049 2952 3170 2998 Amen

1715 3065 1886 3115 Actum
1919 3059 2157 3109 Batavia
2190 3059 2260 3107 in
2292 3063 2429 3110 onse
2461 3067 2734 3120 kkelycke
2766 3076 3175 3128 Vergaderinge
3207 3083 3309 3130 den
3343 3083 3411 3129 20

1699 3152 2073 3217 Decemb.
2124 3154 2337 3204 1646

2408 3173 2477 3223 Wt
2507 3180 2673 3227 aller
2706 3183 2839 3230 last
2870 3185 3003 3233 ende
3033 3186 3206 3244 naemn

2667 3336 2937 3393 Abrahamus
2967 3348 3178 3398 Fierens
3206 3355 3267 3401 p.
3290 3353 3356 3401 t.
3384 3349 3538 3398 fraes

2732 3498 2913 3549 Daniel
2943 3498 3155 3549 Gravius
3184 3505 3247 3552 p.
3274 3510 3338 3556 t.
3364 3514 3550 3572 Seviba

2737 3673 2980 3733 Abrah
3027 3656 3452 3717 Rogertusz

2597 3663 2685 3713 -

2738 3395 2767 3442 ƒ

1273 1160 1440 1211 werden

2182 493 2315 541 Cavon
2341 490 2526 538 Millime
2553 490 2658 535 daor
2684 489 2764 535 die
2790 489 2871 537 sr.
2896 492 3134 540 directeur
3160 494 3294 540 Arent
