3560 4937
1549 1168 1716 1220 sulcx
1748 1176 1815 1223 in
1847 1177 2014 1223 Julij
2047 1179 2179 1227 daer
2212 1181 2577 1228 aenvolgende
2609 1176 2875 1226 exprelle
2908 1173 3041 1220 last
3074 1173 3207 1220 uijt
3239 1174 3377 1224 Gedo

1562 1292 1796 1339 comende
1829 1294 2098 1345 geseijde
2130 1302 2397 1349 Chinesen
2430 1298 2698 1348 sodanich
2730 1297 2832 1343 als
2864 1297 3098 1343 gecomen
3132 1297 3299 1343 waren
3332 1298 3372 1344 —

1536 1420 1609 1466 te
1644 1411 2007 1465 vertrecken
2042 1412 2187 1458 ende
2223 1413 2368 1460 niet
2404 1414 2585 1460 weder
2621 1412 2693 1459 te
2728 1411 2910 1456 keren
2946 1411 3163 1456 gelast
3199 1405 3381 1456 werde

1521 1540 1627 1588 met
1662 1536 1979 1584 voorgeven
2011 1531 2154 1580 dese
2187 1529 2469 1577 Chinesen
2504 1527 2714 1574 altans
2748 1525 3031 1573 Tartaren
3065 1527 3206 1573 ende
3241 1528 3381 1574 geen

1506 1664 1795 1711 Chinesen
1831 1664 1903 1709 te
1937 1661 2156 1709 achten
2189 1658 2372 1706 sijn,
2407 1654 2516 1702 met
2552 1652 2624 1699 de
2659 1648 2876 1696 welcke
2911 1642 3092 1692 Japan
3128 1640 3333 1687 noijt

1522 1784 1744 1837 handel
1780 1787 1926 1834 ofte
1962 1782 2509 1833 correspondentie
2544 1780 2838 1827 gehouden
2872 1775 3056 1824 heeft
3090 1768 3240 1820 ende

1526 1909 2029 1963 principalijcken
2062 1910 2129 1956 om
2162 1909 2263 1955 dat
2295 1907 2430 1954 voor
2463 1904 2631 1952 desen
2662 1899 2864 1948 alhier
2895 1895 3132 1944 gerucht
3165 1892 3299 1939 sij-

1522 2053 1598 2100 de
1635 2051 1933 2099 Tartaren
1971 2049 2046 2096 de
2081 2035 2568 2093 Christenheijt
2604 2032 2978 2082 excerceren
3015 2029 3165 2076 ofte
3201 2026 3316 2073 ten

1530 2180 1776 2227 minsten
1806 2181 1878 2228 't
1913 2178 2122 2226 cruijs
2156 2176 2470 2224 advreren,
2503 2173 2678 2221 sulcx
2712 2174 2921 2222 Nankin
2955 2170 3060 2219 den
3095 2167 3374 2214 Japansen

1515 2323 1736 2378 handel
1771 2316 2063 2367 quiteren
2099 2315 2281 2361 moet,
2316 2309 2463 2359 ende
2499 2305 2644 2353 sijn
2679 2303 2753 2350 de
2787 2299 3007 2348 Iongst
3042 2297 3299 2344 gecomen

1541 2449 1669 2495 ofte
1701 2448 1991 2496 geschoren
2022 2445 2151 2492 daer
2182 2442 2312 2489 hier
2343 2441 2440 2486 van
2471 2436 2761 2487 spreecken
2792 2433 2985 2480 alrede
3018 2430 3214 2478 beijde

2720 2501 2823 2548 haer
2848 2499 3054 2546 goederen

1520 2575 1871 2624 vertrocken,
1902 2572 2030 2620 doch
2061 2568 2284 2616 alvoren
2316 2567 2411 2613 als
2442 2563 2698 2612 ignorant
2729 2562 2761 2608 „
2792 2560 2920 2607 voor
2950 2556 3079 2605 dese
3110 2554 3270 2600 reijs
3299 2552 3341 2600 —

1531 2695 1601 2742 te
1636 2695 1915 2741 vercopen
1948 2689 2333 2741 toegestaen,
2368 2688 2438 2734 de
2471 2684 2612 2732 rest
2645 2683 2856 2731 alhier
2890 2685 3240 2733 verwintert

1519 2834 1659 2880 ende
1694 2834 1798 2880 een
1833 2834 1902 2880 te
1935 2830 2111 2879 voren
2145 2823 2285 2874 noch
2317 2816 2562 2867 Chinees
2597 2812 2979 2860 ongeschoren
3014 2810 3188 2857 staen
3221 2806 3361 2854 mede

1512 2959 1722 3007 binnen
1756 2955 1966 3004 corten
2001 2954 2071 3000 te
2103 2947 2489 2996 vertrecken,
2523 2943 2664 2992 die,
2698 2938 2804 2987 bij
2838 2934 3047 2982 aldien
3082 2933 3222 2980 naer

1473 3094 1578 3144 Aan
1610 3092 1713 3138 kin
1745 3089 1950 3138 keeren
1983 3089 2119 3135 haer
2153 3087 2254 3134 den
2287 3084 2492 3132 Tartar
2525 3083 2728 3130 sullen
2761 3074 2965 3127 moeten
2997 3068 3373 3119 submitteren

1511 3224 1649 3272 ende
1683 3226 1924 3272 deselve
1958 3221 2164 3271 wijse,
2197 3214 2404 3265 volgen
2438 3211 2576 3258 ofte
2608 3206 2747 3254 voor
2781 3193 3232 3251 wederspannige

1481 3349 1831 3397 gestraft
1874 3352 2136 3399 worden

1372 3517 1630 3566 Wanneer
1665 3522 1775 3568 dit
1812 3522 2141 3568 ontleggen
2176 3521 2287 3568 der
2324 3520 2616 3566 Nankinse
2653 3519 2947 3568 chinesen
2982 3522 3312 3571 verstonde

1510 3640 1966 3690 considereerde
2001 3640 2106 3685 die
2139 3639 2386 3685 luijden
2421 3639 2596 3685 Japan
2629 3639 2910 3685 mussende
2943 3637 3050 3684 met
3085 3632 3191 3682 het

1507 3769 1906 3825 onverheerde
1941 3768 2087 3816 land
2119 3764 2229 3817 van
2264 3759 2444 3807 China
2478 3755 2624 3802 ende
2659 3755 2875 3800 Icquan
2911 3753 3055 3800 ende
3089 3752 3271 3800 sijne

1501 3896 1823 3946 adherenten
1855 3896 1919 3941 in
1950 3889 2176 3940 oorloch
2206 3882 2336 3933 ende
2365 3876 2496 3925 alle
2526 3875 2945 3922 gelegentheijt
2976 3877 3073 3923 van
3104 3877 3137 3923 —

1505 4029 1742 4082 negotie
1774 4024 1877 4072 aff
1909 4016 2181 4068 gesneden
2212 4006 2452 4061 sijnde,
2485 4004 2553 4050 de
2586 3997 2790 4048 Comp„e
2822 3994 2959 4042 daer
2992 3991 3128 4038 uijt
3161 3991 3263 4038 wel

1512 4145 1716 4194 eenich
1749 4141 2020 4192 voordeel
2052 4133 2323 4184 toecomen
2357 4130 2594 4178 mochte,
2627 4126 2830 4175 hebben
2864 4124 2999 4171 goed
3031 4121 3272 4169 gedacht

1502 4275 1650 4328 UEd.
1682 4265 1869 4318 sulcx
1905 4264 1978 4309 te
2015 4257 2308 4309 vertonen
2343 4252 2491 4301 ende
2527 4247 2601 4295 in
2637 4243 2966 4290 bedencken
3003 4243 3076 4289 te
3112 4242 3296 4293 geven

2978 4399 3241 4452 ofte

773 273 961 337 Julio
996 269 1106 316 ao.
1141 265 1290 312 1646

1418 789 1599 838 Dagh
1644 785 2003 834 Register
2047 784 2317 835 wegens
2361 791 2451 838 't
2495 793 2990 841 gepasseerde

2024 564 2265 614 pie

1981 442 2438 491 Tonckem

2974 442 3225 491 1641
