3410 4985
1232 339 1717 398 Transport
1770 338 1933 383 van
1985 339 2202 390 Hier
2255 344 2417 393 om.
2470 348 2525 394 ƒ
2574 338 2908 397 19398:

882 564 1021 612 110
1065 562 1158 610 ed
1201 552 1478 604 laaken
1522 547 1662 598 ras

1126 666 1207 712 10
1244 663 1287 711 @
1325 653 1690 707 filiemort

1116 750 1194 799 10
1232 750 1270 795 @
1306 744 1536 793 leever
1573 739 1804 788 coleur

1152 837 1196 883 5
1232 833 1283 884 l
1325 822 1588 874 groene

1153 916 1210 962 5
1261 913 1321 963 @
1374 895 1769 953 blaauwe

1097 1005 1201 1055 80
1249 1004 1301 1051 @
1349 985 1702 1045 swartte

1063 1138 1189 1188 110
1230 1137 1272 1182 p
1311 1120 1851 1179 laakenrasses.
1891 1121 1935 1170 .
1975 1126 2017 1172 .
2057 1128 2100 1174 a
2140 1129 2306 1175 ƒ80:
2347 1118 2513 1174 jd:r
2551 1113 2637 1160 „.
2677 1107 2886 1159 8800:

1050 1250 1100 1295 6
1115 1237 1696 1292 Croonrassen
1737 1237 1946 1283 ofte
1987 1229 2446 1281 rassetten

830 1243 1025 1296 150

1074 1348 1227 1402 120
1275 1344 1328 1392 @
1374 1329 1678 1385 swarte

1113 1437 1197 1491 10
1236 1432 1277 1479 p
1312 1417 1513 1474 lever
1552 1410 1791 1461 coleur

1118 1516 1210 1570 10
1252 1512 1297 1559 6
1336 1492 1602 1552 groene

1123 1600 1224 1651 10
1270 1595 1322 1644 @
1369 1581 1714 1635 blaauwe

1066 1739 1188 1798 150
1226 1736 1266 1782 p
1299 1720 1734 1780 Croonrassen
1772 1717 1929 1765 offe
1968 1717 2281 1767 rasseren
2319 1722 2359 1768 a
2397 1721 2437 1766 ƒ
2475 1719 2671 1768 60:-„
2707 1717 2906 1769 9000:

895 1845 1039 1896 35.
1086 1842 1135 1889 p
1182 1827 1710 1886 heeresaeyen
1756 1819 2094 1871 swartte
2115 1819 2188 1864 a
2236 1819 2284 1864 ƒ
2332 1817 2476 1864 43:
2522 1816 2668 1863 -:.
2716 1808 2956 1863 1505:

896 1929 1042 1981 30:
1088 1925 1137 1972 p
1183 1916 1616 1969 stametten
1660 1913 1806 1965 960
1852 1906 1949 1955 @.
1997 1904 2092 1951 a.
2135 1901 2188 1948 ƒ
2235 1899 2522 1946 4:13:d
2569 1898 2618 1944 a
2665 1900 2714 1946 „
2760 1890 3000 1945 4464:

904 2020 995 2068 50
1039 2019 1084 2065 p
1124 1999 1659 2062 Cammelotten.
1703 2000 1747 2045 .
1791 1998 1837 2046 .
1879 1993 1924 2039 .
1968 1992 2013 2037 .
2057 1992 2102 2038 .
2145 1994 2191 2040 .
2233 1995 2279 2041 .
2321 1992 2367 2039 a
2410 1988 2456 2035 f
2497 1987 2766 2033 38:—„.
2810 1986 3031 2033 1900:
3076 1985 3122 2032 —

892 2113 981 2161 60
1021 2112 1067 2161 @
1107 2088 1590 2160 perpetuanen
1631 2082 2114 2134 gecoleurde.
2156 2084 2201 2129 .
2244 2085 2288 2131 a
2329 2085 2375 2132 ƒ
2417 2082 2549 2128 35:
2593 2083 2636 2128 -
2680 2083 2767 2128 „.
2811 2081 3030 2128 2100:
3063 2072 3116 2123 -

904 2208 990 2254 40
1032 2207 1119 2255 ps
1157 2189 1462 2249 Engelse
1503 2180 1850 2234 damasten

1100 2302 1187 2349 30
1228 2296 1274 2344 @
1315 2277 1578 2338 swarte

1110 2380 1186 2428 10
1223 2379 1261 2424 p
1291 2367 1674 2424 gecoleurde

1093 2512 1183 2560 40
1223 2511 1269 2559 @
1310 2503 1618 2554 engelse
1659 2502 2053 2549 damasten.
2096 2504 2140 2549 .
2180 2502 2227 2549 .
2267 2498 2314 2545 a
2357 2498 2401 2543 ƒ
2443 2496 2575 2542 36:
2618 2497 2662 2542 -
2704 2494 2749 2541 :
2791 2484 3010 2537 1440:
3053 2485 3097 2531 -

930 2611 1017 2664 15
1057 2606 1099 2652 p
1136 2592 1469 2649 deensche
1507 2590 1921 2638 Carsaaijen
1961 2590 2251 2638 swartte
2291 2589 2333 2635 a
2373 2587 2415 2633 ƒ
2456 2585 2580 2632 40:
2620 2586 2704 2633 -„
2742 2579 2909 2630 600:

855 2695 974 2748 500
1012 2694 1052 2739 p
1090 2682 1324 2739 spaans
1362 2680 1518 2726 leer
1557 2678 1752 2725 spart
1790 2680 1868 2725 a.
1907 2679 1946 2725 .
1984 2678 2024 2723 .
2063 2677 2103 2723 .
2139 2678 2181 2724 .
2218 2680 2258 2725 .
2296 2678 2336 2724 ƒ
2374 2675 2686 2724 3:10:-„.
2723 2672 2925 2723 1750:

934 2785 1028 2831 10
1074 2782 1122 2830 @
1167 2768 1497 2825 swartte
1543 2766 2014 2814 bouratten.
2059 2766 2110 2815 .
2154 2774 2204 2821 .
2247 2779 2295 2825 a
2340 2778 2389 2825 ƒ
2433 2770 2576 2820 60:
2622 2769 2670 2815 —
2715 2762 2909 2815 600:

1957 2936 2296 2988 Somma
2358 2927 2432 2981 ƒ
2498 2913 2907 2970 51557:

1058 3204 1164 3254 Dit
1197 3202 1268 3248 is
1302 3201 1407 3246 dan
1442 3201 1513 3246 't
1546 3203 1720 3249 geene
1755 3204 1860 3253 dat
1894 3209 2034 3257 voor
2068 3213 2452 3266 toecoomende
2486 3222 2625 3270 Jaar
2660 3225 2835 3273 1647:
2869 3228 3254 3280 projecteren

1083 3290 1147 3337 en
1179 3289 1275 3337 met
1307 3287 1564 3333 proffijt
1595 3288 1756 3336 onses
1787 3292 2044 3344 oordeels
2074 3301 2139 3348 te
2170 3304 2459 3355 vertieren
2490 3310 2683 3359 weesen
2714 3315 2843 3363 sal,
2874 3319 2972 3366 den
3002 3323 3195 3375 eijsch

1070 3374 1172 3420 van
1206 3372 1475 3419 laakenen
1509 3372 1678 3418 hebbe
1711 3374 1981 3422 ongeveer
2014 3378 2081 3425 de
2114 3379 2285 3428 helft
2316 3385 2689 3443 vermindert,
2720 3400 2823 3450 ten
2855 3406 3095 3465 aersien
3124 3423 3192 3471 op

1072 3471 1197 3519 seer
1226 3467 1412 3515 leegen
1441 3464 1628 3512 prijse
1659 3463 1783 3509 ende
1814 3462 1906 3508 bij
1937 3462 2277 3513 continuatie
2307 3468 2401 3515 van
2430 3471 2648 3524 toevoer
2677 3480 2802 3530 noch
2831 3486 3018 3538 leeger
3047 3494 3202 3546 olaen

1074 3558 1147 3605 te
1182 3555 1437 3604 daalen.
1473 3551 1546 3599 So
1582 3550 1727 3596 wert
1764 3551 1873 3596 ons
1909 3551 2054 3598 oock
2090 3553 2491 3606 aengeraaden
2526 3562 2600 3610 't
2635 3566 3035 3622 aenbrenghen
3070 3578 3181 3628 van

1067 3640 1293 3689 laaken
1330 3640 1406 3686 en
1440 3637 1595 3684 voor
1632 3637 1746 3684 een
1783 3639 1934 3685 jaar
1971 3639 2123 3685 ofte
2160 3641 2312 3689 twee
2348 3645 2425 3695 te
2461 3652 2802 3704 schortten
2837 3660 3028 3711 sulxs
3063 3668 3177 3718 met

1072 3728 1360 3776 jnsichten
1391 3723 1841 3774 principaelijck
1873 3723 1937 3768 om
1969 3723 2066 3770 den
2097 3726 2323 3778 Coninck
2353 3734 2450 3782 ene
2482 3737 2706 3784 grooten
2738 3739 2805 3787 in
2834 3743 3092 3796 toncquin
3122 3752 3187 3800 te

1075 3812 1333 3865 gerijven
1364 3811 1460 3858 tot
1491 3806 1844 3856 schenckagie
1875 3807 2068 3855 alhier
2098 3811 2163 3857 te
2194 3812 2547 3864 gebruijcken
2577 3821 2705 3868 ende
2737 3821 2803 3868 de
2832 3825 3186 3884 resteerende

1143 3888 1449 3938 weijnige
1488 3893 1603 3940 20,
1640 3892 1909 3939 blaauwe
1947 3892 2062 3938 als
2100 3893 2332 3943 groene
2369 3899 2486 3946 die
2521 3903 2983 3959 treffelijcke
3019 3915 3260 3969 avance

1070 3968 1300 4016 geeven,
1332 3971 1398 4017 te
1430 3971 1759 4018 vercoopen)
1791 3972 1889 4018 den
1922 3972 2120 4020 eijsch
2150 3975 2251 4022 van
2282 3977 2545 4028 laakenen
2577 3982 2874 4037 soodanich
2905 3993 3240 4063 ingesteldt

1070 4055 1170 4105 is,
1201 4054 1331 4100 ofte
1362 4055 1459 4100 wel
1491 4055 1556 4101 so
1588 4056 1749 4102 ved=e
1781 4056 1942 4102 conde
1973 4054 2329 4103 resolveeren
2361 4059 2490 4106 geen
2522 4061 2683 4109 ander
2715 4064 2909 4115 laaken
2940 4070 3007 4120 te
3037 4077 3235 4132 senden

1070 4144 1160 4191 als
1188 4140 1429 4190 eenelijk
1457 4136 1579 4183 voor
1608 4137 1877 4183 toncquijn
1906 4134 2056 4181 soude
2086 4134 2236 4180 mijns
2265 4136 2535 4186 gevoelens
2564 4142 2685 4187 niet
2714 4143 3044 4196 ondienstien
3072 4152 3195 4205 zijn

1058 4221 1499 4279 gebruijckende
1533 4221 1600 4266 in
1634 4221 1837 4267 plaats
1871 4220 1972 4266 van
2006 4218 2209 4265 laaken
2242 4218 2344 4264 dat
2377 4218 2513 4264 alle
2547 4219 2750 4269 Jaaren
2783 4224 3022 4274 alleens
3053 4230 3127 4277 is

2761 4641 3091 4691 andere

1983 545 2141 616 sen

3043 488 3086 534 „

3079 330 3126 377 —

2915 1717 2930 1762 -
