<?xml version="1.0" encoding="UTF-8"?>
<PcGts xmlns="http://schema.primaresearch.org/PAGE/gts/pagecontent/2013-07-15">
  <Metadata externalRef="fb015f09-6453-4b44-a193-0d4557396d9e">
    <Creator>Laypa</Creator>
    <Created>2023-09-08T02:20:53</Created>
    <LastChange>2023-09-08T03:38:15</LastChange>
    <Comment>license: CC0</Comment>
    <MetadataItem type="processingStep" name="layout-analysis" value="laypa">
      <Labels>
        <Label value="228a7d24385cff0e51687c00d0e65a2c2a9703d5" type="githash"/>
        <Label value="61334eb4-edff-4af5-b036-b5927f35bbcf" type="uuid"/>
        <Label value="https://hdl.handle.net/10622/VMSCBR" type="laypamodelremote"/>
      </Labels>
    </MetadataItem>
    <MetadataItem type="processingStep" name="region-analysis" value="laypa">
      <Labels>
        <Label value="0a3442b4-835c-44bc-9115-3fd08263a5dc" type="uuid"/>
        <Label value="https://hdl.handle.net/10622/DMAS2T" type="laypamodelremote"/>
      </Labels>
    </MetadataItem>
    <MetadataItem type="processingStep" name="htr" value="loghi-htr">
      <Labels>
        <Label value="9efb3e0ff4338dc6e07d110ac4d435f27f5b0e16&#10;" type="githash"/>
        <Label value="3a9bdaa3-493c-483e-bbb2-f51961b8e5a0" type="uuid"/>
        <Label value="64" type="batch_size"/>
        <Label value="https://hdl.handle.net/10622/X2JZYY" type="loghihtrmodelremote"/>
      </Labels>
    </MetadataItem>
    <MetadataItem type="processingStep" name="word-splitting" value="loghi-htr-tooling"/>
    <MetadataItem type="other" name="dataset" value="https://hdl.handle.net/10622/LVXSBW">
      <Labels>
        <Label value="VOC transcriptions v2 - GLOBALISE" type="name"/>
        <Label value="Dataset in pagexml and txt format, including data card." type="description"/>
        <Label value="https://globalise.huygens.knaw.nl/" type="creator"/>
        <Label value="https://hdl.handle.net/10622/LVXSBW" type="url"/>
      </Labels>
    </MetadataItem>
  </Metadata>
  <Page imageFilename="NL-HaNA_1.04.02_1161_0511.jpg" imageWidth="3567" imageHeight="4801">
    <ReadingOrder>
      <OrderedGroup id="orderedgroup_fa17024e-de52-4cbe-a007-315342d04beb">
        <RegionRefIndexed index="0" regionRef="region_846ac281-0239-4bdd-8fd1-13ca84c35a63_3"/>
        <RegionRefIndexed index="1" regionRef="region_14153841-3939-4727-a98b-bc09e9705454_4"/>
        <RegionRefIndexed index="2" regionRef="region_990d30fc-59b4-4110-b68a-b7d62eea9598_5"/>
        <RegionRefIndexed index="3" regionRef="region_8152670b-98e6-4fef-99e3-2889ea0715a6_6"/>
        <RegionRefIndexed index="4" regionRef="region_e157ad40-b181-4bc0-89f3-0a496c96eaa0_1"/>
        <RegionRefIndexed index="5" regionRef="region_04739eed-b908-44c5-ac21-4823baa8cce0_2"/>
      </OrderedGroup>
    </ReadingOrder>
    <TextRegion id="region_846ac281-0239-4bdd-8fd1-13ca84c35a63_3" custom="structure {type:page-number;}">
      <Coords points="209,648 216,655 216,658 219,662 219,665 230,676 233,676 237,679 244,679 247,683 289,683 300,672 300,648 296,645 296,641 293,641 282,631 279,631 275,627 272,627 268,624 261,624 258,620 247,620 244,617 240,620 233,620 230,624 226,624 223,627 223,631 212,641 212,645"/>
    </TextRegion>
    <TextRegion id="region_14153841-3939-4727-a98b-bc09e9705454_4" custom="structure {type:page-number;}">
      <Coords points="2755,561 2755,578 2759,582 2759,585 2769,596 2773,596 2780,603 2783,603 2787,606 2808,606 2811,610 2832,610 2835,613 2849,613 2853,610 2905,610 2909,606 2912,606 2930,589 2930,582 2933,578 2933,568 2930,564 2930,561 2923,554 2923,550 2919,547 2919,540 2916,537 2916,533 2912,530 2912,526 2905,519 2902,519 2898,516 2891,516 2888,512 2874,512 2870,509 2839,509 2835,512 2818,512 2815,516 2808,516 2804,519 2794,519 2790,523 2783,523 2780,526 2776,526 2769,533 2769,537 2766,540 2766,544 2762,547 2762,550 2759,554 2759,557"/>
      <TextLine id="line_674e534a-949b-4ecd-8afb-43d34e12106f">
        <Coords points="2732,509 2810,509 2830,518 2967,511 2967,599 2850,597 2827,586 2732,586"/>
        <Baseline points="2775,577 2825,577 2875,576 2925,578"/>
        <Word id="word_d40b13ae-7696-4c9f-99e7-6b66c3e668f4">
          <Coords points="2775,542 2825,542 2874,541 2926,543 2925,588 2875,586 2825,587 2775,587"/>
          <TextEquiv>
            <Unicode>837</Unicode>
          </TextEquiv>
        </Word>
        <TextEquiv conf="0.7951843642594763">
          <Unicode>837</Unicode>
        </TextEquiv>
        <TextStyle xHeight="43"/>
      </TextLine>
    </TextRegion>
    <TextRegion id="region_990d30fc-59b4-4110-b68a-b7d62eea9598_5" custom="structure {type:header;}">
      <Coords points="805,704 798,704 794,707 784,707 780,704 766,704 763,707 756,707 752,711 749,711 745,714 738,714 735,718 732,718 725,725 721,725 704,742 704,763 700,766 700,773 707,780 711,780 721,791 725,791 728,794 738,794 742,798 745,794 745,784 749,780 749,773 752,770 752,753 759,746 759,742 766,735 766,732 777,721 780,721 784,718 787,718 801,704"/>
    </TextRegion>
    <TextRegion id="region_8152670b-98e6-4fef-99e3-2889ea0715a6_6" custom="structure {type:marginalia;}">
      <Coords points="721,3251 714,3251 711,3247 690,3247 686,3251 672,3251 669,3254 662,3254 658,3258 651,3258 648,3261 644,3261 630,3275 627,3275 624,3278 620,3278 606,3292 599,3292 596,3296 571,3296 568,3299 564,3299 561,3303 557,3303 550,3310 547,3310 536,3320 533,3320 533,3324 536,3327 543,3327 547,3331 564,3331 568,3327 575,3327 578,3324 582,3324 596,3310 599,3310 606,3303 617,3303 620,3299 627,3299 630,3296 651,3296 655,3292 662,3292 665,3289 669,3289 672,3285 683,3285 686,3282 700,3282 704,3278 707,3278 718,3268 721,3268"/>
    </TextRegion>
    <TextRegion id="region_e157ad40-b181-4bc0-89f3-0a496c96eaa0_1" custom="structure {type:paragraph;}">
      <Coords points="801,707 756,753 745,798 801,868 808,913 843,965 826,1063 839,1129 846,1404 839,1484 843,2171 829,2286 822,2540 829,2773 819,2899 829,3111 822,3338 833,3474 812,3794 822,4184 812,4233 826,4317 871,4341 1062,4334 1174,4345 1480,4320 1885,4317 2445,4296 2564,4310 2755,4310 2895,4299 2916,4289 2937,4226 2919,4188 2849,4146 2853,4129 2815,4101 2811,4076 2822,4066 2853,4062 2870,4073 2884,4104 2926,4104 2964,4048 2978,3979 2954,3895 2982,3700 2971,3331 2985,3216 2961,3094 2957,2937 2968,2690 2940,2299 2916,2230 2954,1759 2943,1624 2930,1582 2937,1415 2950,1383 2937,1202 2947,1136 2950,965 2940,934 2912,913 2835,906 2808,881 2780,874 2762,850 2696,822 2651,840 2574,794 2581,784 2626,773 2675,780 2693,794 2815,770 2933,773 2975,742 2975,690 2930,672 2766,697 2487,693 2313,669 1777,672 1703,683 1379,690 1271,679 1136,686 958,662"/>
      <TextLine id="line_2f53e00a-c63f-495d-a527-e15ae2c1294e">
        <Coords points="724,579 782,579 814,595 1038,595 1062,616 1509,607 2312,620 2663,615 2695,635 2960,643 2995,655 3008,647 3036,666 3036,754 3026,743 3007,750 2993,743 2985,751 2584,747 2160,763 2104,786 1841,786 1813,814 1277,805 1209,862 1188,853 1165,862 1041,861 989,809 949,814 933,798 906,798 874,810 802,810 742,850 724,854"/>
        <Baseline points="767,801 817,798 867,795 917,790 967,782 1017,773 1067,767 1117,763 1167,760 1217,759 1267,756 1317,754 1367,752 1417,751 1467,750 1517,749 1567,749 1617,749 1667,750 1717,748 1767,748 1817,745 1867,744 1917,743 1967,740 2017,738 2067,737 2117,735 2167,736 2217,735 2267,735 2317,737 2367,737 2417,735 2467,737 2517,737 2567,737 2617,737 2667,736 2717,736 2767,736 2817,736 2867,735 2917,735 2967,736 2994,733"/>
        <Word id="word_64d2650c-4660-4e45-89ea-008758113c79">
          <Coords points="765,766 815,763 865,760 905,756 910,801 868,805 818,808 768,811"/>
          <TextEquiv>
            <Unicode>Hij</Unicode>
          </TextEquiv>
        </Word>
        <Word id="word_e8168f69-899d-4c41-abcd-ccee82e196d0">
          <Coords points="944,753 955,749 1011,739 1063,732 1114,728 1142,726 1144,771 1118,773 1068,777 1019,783 971,791 960,795"/>
          <TextEquiv>
            <Unicode>door</Unicode>
          </TextEquiv>
        </Word>
        <Word id="word_68e96e5c-5fe0-40ff-8048-405c1cdf1786">
          <Coords points="1192,724 1218,724 1265,721 1285,720 1286,765 1268,766 1217,769 1191,769"/>
          <TextEquiv>
            <Unicode>s'</Unicode>
          </TextEquiv>
        </Word>
        <Word id="word_6008ab3e-432e-4dc7-a1b4-b2dbbe40474b">
          <Coords points="1332,718 1366,717 1416,716 1466,715 1516,714 1567,714 1617,714 1666,715 1665,760 1617,759 1567,759 1517,759 1467,760 1417,761 1367,762 1334,763"/>
          <TextEquiv>
            <Unicode>oplaest</Unicode>
          </TextEquiv>
        </Word>
        <Word id="word_0af3c9e3-37c0-4494-a4fe-b3cf23e6e3b5">
          <Coords points="1692,723 1696,720 1767,713 1805,711 1808,756 1767,758 1723,756 1719,759"/>
          <TextEquiv>
            <Unicode>ij</Unicode>
          </TextEquiv>
        </Word>
        <Word id="word_164fb80f-923b-4ee6-89cf-1698fec2b784">
          <Coords points="1858,708 1870,709 1916,708 1965,705 2016,703 2066,702 2116,700 2168,701 2216,700 2267,700 2282,701 2281,746 2267,745 2217,745 2167,746 2117,745 2067,747 2017,748 1968,750 1917,753 1866,754 1853,753"/>
          <TextEquiv>
            <Unicode>gevoughde</Unicode>
          </TextEquiv>
        </Word>
        <Word id="word_33c49913-facb-4abd-98f7-e213df9ce9ab">
          <Coords points="2328,702 2367,702 2416,700 2468,702 2517,702 2567,702 2617,702 2666,701 2717,701 2767,701 2817,701 2866,700 2917,700 2968,701 2989,698 2994,743 2967,746 2917,745 2867,745 2817,746 2767,746 2717,746 2667,746 2617,747 2567,747 2517,747 2467,747 2417,745 2367,747 2329,747"/>
          <TextEquiv>
            <Unicode>misconsentem„t</Unicode>
          </TextEquiv>
        </Word>
        <TextEquiv conf="0.8118019807423908">
          <Unicode>Hij door s' oplaest ij gevoughde misconsentem„t</Unicode>
        </TextEquiv>
        <TextStyle xHeight="65"/>
      </TextLine>
      <TextLine id="line_94a3e35a-5c69-41da-8921-643f1eb81645">
        <Coords points="840,881 898,845 938,806 949,813 989,808 1041,860 1167,861 1237,833 1281,800 1337,808 1788,817 1812,817 1836,796 2628,800 2628,888 2415,888 2387,902 2124,905 2108,913 1968,913 1944,893 1876,893 1805,956 1796,948 1760,948 1738,928 1421,928 1394,905 962,905 840,1024"/>
        <Baseline points="883,898 933,900 983,898 1033,895 1083,894 1133,894 1183,893 1233,891 1283,890 1333,890 1383,890 1433,889 1483,890 1533,890 1583,888 1633,887 1683,885 1733,882 1783,880 1833,877 1883,876 1933,875 1983,873 2033,872 2083,872 2133,872 2183,870 2233,867 2283,866 2333,865 2383,864 2433,865 2483,865 2533,865 2583,864 2586,867"/>
        <Word id="word_d953110a-8276-4983-8ecf-cc1f7bd0ff7c">
          <Coords points="884,863 934,865 982,863 1031,860 1082,859 1096,859 1096,904 1083,904 1034,905 983,908 933,910 883,908"/>
          <TextEquiv>
            <Unicode>Juan</Unicode>
          </TextEquiv>
        </Word>
        <Word id="word_9b61398b-fd69-46f7-9660-246227227488">
          <Coords points="1148,859 1182,858 1232,856 1282,855 1333,855 1383,855 1415,854 1416,899 1383,900 1333,900 1283,900 1233,901 1183,903 1150,904"/>
          <TextEquiv>
            <Unicode>uEd„e</Unicode>
          </TextEquiv>
        </Word>
        <Word id="word_33851ab4-bed1-4f6b-acc7-5d2fc5669f50">
          <Coords points="1473,854 1487,855 1533,855 1582,853 1632,852 1680,850 1682,895 1633,897 1583,898 1533,900 1482,900 1468,898"/>
          <TextEquiv>
            <Unicode>over</Unicode>
          </TextEquiv>
        </Word>
        <Word id="word_6e797a3f-d841-4bf2-b18f-2092d124dec0">
          <Coords points="1733,848 1781,845 1831,842 1882,841 1932,840 1947,839 1948,884 1933,885 1883,886 1834,887 1784,890 1736,893"/>
          <TextEquiv>
            <Unicode>mijn</Unicode>
          </TextEquiv>
        </Word>
        <Word id="word_0835fbe1-5b96-465c-b1c2-b6d4bd6a36fd">
          <Coords points="2001,837 2033,837 2083,837 2133,837 2182,835 2231,832 2282,831 2332,830 2382,829 2434,830 2483,830 2533,830 2582,829 2611,842 2583,874 2579,874 2533,875 2483,875 2433,875 2383,874 2333,875 2283,876 2234,877 2183,880 2133,882 2083,882 2033,882 2001,882"/>
          <TextEquiv>
            <Unicode>aengevangen</Unicode>
          </TextEquiv>
        </Word>
        <TextEquiv conf="0.8779154862240359">
          <Unicode>Juan uEd„e over mijn aengevangen</Unicode>
        </TextEquiv>
        <TextStyle xHeight="35"/>
      </TextLine>
      <TextLine id="line_135031e9-a6a3-4981-a4af-81e2a8fc3d0c">
        <Coords points="856,996 946,909 1393,904 1421,926 1737,926 1761,948 1796,948 1806,956 1865,901 1923,900 1989,961 2408,961 2436,944 2532,944 2668,948 2676,956 2761,952 2781,971 2808,971 2865,913 2865,1001 2428,997 2372,1005 1933,1013 1925,1021 1829,1021 1793,1057 902,1048 856,1072"/>
        <Baseline points="899,1036 949,1029 999,1025 1049,1022 1099,1020 1149,1017 1199,1015 1249,1014 1299,1014 1349,1013 1399,1013 1449,1011 1499,1010 1549,1010 1599,1011 1649,1010 1699,1013 1749,1012 1799,1009 1849,1006 1899,1005 1949,1004 1999,1001 2049,1000 2099,999 2149,998 2199,996 2249,994 2299,993 2349,992 2399,991 2449,990 2499,990 2549,989 2599,988 2649,988 2699,987 2749,987 2799,979 2823,980"/>
        <Word id="word_cddc88a5-93b9-466f-b15f-d6c115acd34f">
          <Coords points="894,1001 944,994 996,990 1047,987 1098,985 1147,982 1198,980 1248,979 1299,979 1348,978 1399,978 1447,976 1449,1021 1399,1023 1349,1023 1299,1024 1249,1024 1199,1025 1150,1027 1099,1030 1050,1032 1000,1035 950,1039 900,1046"/>
          <TextEquiv>
            <Unicode>huwelijck,</Unicode>
          </TextEquiv>
        </Word>
        <Word id="word_056263ab-0bbf-4e4f-b846-391b895bfe1b">
          <Coords points="1504,974 1550,975 1600,976 1648,975 1671,976 1668,1021 1649,1020 1599,1021 1549,1020 1503,1019"/>
          <TextEquiv>
            <Unicode>als</Unicode>
          </TextEquiv>
        </Word>
        <Word id="word_2c643a73-a1a9-46ff-8ae5-71446885a3d9">
          <Coords points="1720,980 1746,977 1797,974 1847,971 1898,970 1948,969 1997,966 2048,965 2098,964 2107,964 2108,1009 2099,1009 2049,1010 2000,1011 1949,1014 1899,1015 1850,1016 1800,1019 1750,1022 1724,1024"/>
          <TextEquiv>
            <Unicode>Buijten</Unicode>
          </TextEquiv>
        </Word>
        <Word id="word_3d3b8df2-2829-49ed-b33c-4e7779888c69">
          <Coords points="2162,963 2197,961 2248,959 2298,958 2348,957 2398,956 2448,955 2499,955 2548,954 2598,953 2649,953 2698,952 2749,952 2793,944 2824,945 2822,990 2801,989 2749,997 2699,997 2649,998 2599,998 2549,999 2499,1000 2449,1000 2399,1001 2349,1002 2299,1003 2249,1004 2199,1006 2164,1008"/>
          <TextEquiv>
            <Unicode>communicatie</Unicode>
          </TextEquiv>
        </Word>
        <TextEquiv conf="0.8782887007622209">
          <Unicode>huwelijck, als Buijten communicatie</Unicode>
        </TextEquiv>
        <TextStyle xHeight="37"/>
      </TextLine>
      <TextLine id="line_46fd6fb6-5eb1-48c0-934f-93864060daf2">
        <Coords points="822,1080 852,1076 904,1047 1795,1056 1815,1039 2938,1040 2938,1128 2617,1133 2546,1176 2490,1196 2402,1196 2358,1239 2334,1238 2290,1206 2058,1211 2038,1195 1823,1196 1783,1223 1714,1222 1688,1199 1519,1211 1072,1207 1048,1231 980,1231 968,1222 822,1214"/>
        <Baseline points="865,1162 915,1155 965,1154 1015,1150 1065,1146 1115,1144 1165,1144 1215,1145 1265,1144 1315,1143 1365,1142 1415,1141 1465,1140 1515,1138 1565,1138 1615,1137 1665,1135 1715,1134 1765,1132 1815,1130 1865,1126 1915,1125 1965,1123 2015,1123 2065,1122 2115,1120 2165,1117 2215,1115 2265,1112 2315,1110 2365,1110 2415,1112 2465,1114 2515,1116 2565,1118 2615,1117 2665,1115 2715,1114 2765,1113 2815,1110 2865,1107 2896,1107"/>
        <Word id="word_b3f25631-8784-4a76-8d91-04db16c26976">
          <Coords points="860,1127 910,1120 964,1119 1012,1115 1062,1111 1114,1109 1165,1109 1216,1110 1264,1109 1314,1108 1325,1108 1326,1153 1315,1153 1265,1154 1215,1155 1165,1154 1115,1154 1066,1156 1016,1160 965,1164 916,1165 866,1172"/>
          <TextEquiv>
            <Unicode>geschiedt,</Unicode>
          </TextEquiv>
        </Word>
        <Word id="word_85530893-a29d-4590-a3fc-f830f025330b">
          <Coords points="1372,1107 1414,1106 1464,1105 1514,1103 1565,1103 1614,1102 1664,1100 1714,1099 1764,1097 1787,1096 1788,1141 1765,1142 1715,1144 1665,1145 1615,1147 1565,1148 1515,1148 1465,1150 1415,1151 1373,1152"/>
          <TextEquiv>
            <Unicode>Bedroeft,</Unicode>
          </TextEquiv>
        </Word>
        <Word id="word_8f1408ce-39fd-434f-bc72-4b28e4326446">
          <Coords points="1831,1094 1861,1091 1914,1090 1964,1088 1973,1088 1973,1133 1965,1133 1915,1135 1866,1136 1835,1139"/>
          <TextEquiv>
            <Unicode>jck</Unicode>
          </TextEquiv>
        </Word>
        <Word id="word_5c87bb11-60cb-47d9-b0fb-e6ba6cfbb0a4">
          <Coords points="2018,1088 2064,1087 2114,1085 2163,1082 2214,1080 2263,1077 2314,1075 2365,1075 2390,1076 2388,1121 2365,1120 2315,1120 2266,1122 2215,1125 2166,1127 2115,1130 2065,1132 2019,1133"/>
          <TextEquiv>
            <Unicode>verclare</Unicode>
          </TextEquiv>
        </Word>
        <Word id="word_9db4d60e-886c-4e67-aab8-e5fed5d8e83e">
          <Coords points="2436,1078 2466,1079 2516,1081 2566,1083 2572,1083 2573,1128 2565,1128 2515,1126 2465,1124 2434,1123"/>
          <TextEquiv>
            <Unicode>ed,</Unicode>
          </TextEquiv>
        </Word>
        <Word id="word_9adc7727-7e7c-40ea-8570-b57a38d84a83">
          <Coords points="2618,1082 2664,1080 2714,1079 2764,1078 2813,1075 2863,1072 2896,1072 2896,1117 2866,1117 2816,1120 2765,1123 2715,1124 2665,1125 2619,1127"/>
          <TextEquiv>
            <Unicode>heeren</Unicode>
          </TextEquiv>
        </Word>
        <TextEquiv conf="0.9432170233504822">
          <Unicode>geschiedt, Bedroeft, jck verclare ed, heeren</Unicode>
        </TextEquiv>
        <TextStyle xHeight="51"/>
      </TextLine>
      <TextLine id="line_527a3fc9-9745-41fb-bfbd-4c56808d9cb7">
        <Coords points="810,1204 983,1204 1020,1183 1048,1183 1072,1196 1136,1196 1148,1187 1527,1187 1611,1191 1619,1199 1687,1199 1715,1223 1779,1224 1819,1196 2038,1195 2058,1212 2290,1207 2302,1219 2318,1219 2338,1239 2358,1240 2402,1196 2490,1196 2609,1144 2897,1148 2926,1168 2926,1256 2621,1265 2585,1296 2302,1300 2094,1312 1667,1316 1132,1307 1092,1328 810,1328"/>
        <Baseline points="853,1303 903,1299 953,1295 1003,1293 1053,1290 1103,1286 1153,1286 1203,1286 1253,1283 1303,1282 1353,1281 1403,1279 1453,1278 1503,1276 1553,1274 1603,1271 1653,1270 1703,1268 1753,1265 1803,1262 1853,1261 1903,1259 1953,1257 2003,1257 2053,1257 2103,1256 2153,1255 2203,1253 2253,1252 2303,1251 2353,1255 2403,1258 2453,1260 2503,1261 2553,1258 2603,1256 2653,1253 2703,1249 2753,1245 2803,1244 2853,1240 2884,1235"/>
        <Word id="word_766b4d5c-f790-4a0c-88cb-2d64651874ae">
          <Coords points="850,1268 900,1264 950,1260 1002,1258 1051,1255 1092,1252 1095,1297 1054,1300 1003,1303 954,1305 904,1309 854,1313"/>
          <TextEquiv>
            <Unicode>sulcx</Unicode>
          </TextEquiv>
        </Word>
        <Word id="word_2ded47b4-dfeb-4602-b46e-73485c46296e">
          <Coords points="1153,1249 1163,1253 1203,1251 1251,1248 1302,1247 1335,1246 1336,1291 1303,1292 1254,1293 1203,1296 1150,1296 1140,1292"/>
          <TextEquiv>
            <Unicode>niet</Unicode>
          </TextEquiv>
        </Word>
        <Word id="word_78a2e855-6d8f-4a71-9dfa-274eac87ceca">
          <Coords points="1382,1245 1400,1244 1452,1243 1502,1241 1552,1239 1576,1238 1578,1282 1553,1284 1503,1286 1453,1288 1404,1289 1385,1290"/>
          <TextEquiv>
            <Unicode>mede</Unicode>
          </TextEquiv>
        </Word>
        <Word id="word_c77b175a-19a3-46f9-b740-a42f5e4c4bd3">
          <Coords points="1627,1235 1654,1235 1702,1233 1751,1230 1801,1227 1852,1226 1902,1224 1952,1222 2003,1222 2013,1222 2013,1267 2003,1267 1953,1267 1903,1269 1853,1271 1804,1272 1754,1275 1703,1278 1653,1280 1626,1280"/>
          <TextEquiv>
            <Unicode>opsetten</Unicode>
          </TextEquiv>
        </Word>
        <Word id="word_fcdf05a3-4769-463c-954a-b0913d66c34f">
          <Coords points="2061,1222 2102,1221 2152,1220 2202,1218 2252,1217 2302,1216 2355,1220 2351,1265 2303,1261 2253,1262 2203,1263 2153,1265 2103,1266 2062,1267"/>
          <TextEquiv>
            <Unicode>wille,</Unicode>
          </TextEquiv>
        </Word>
        <Word id="word_08f88e3b-ec8a-4f55-ada5-c29b4174dcd9">
          <Coords points="2391,1225 2394,1224 2454,1225 2504,1226 2551,1223 2602,1221 2651,1218 2700,1214 2750,1210 2802,1209 2850,1205 2878,1201 2885,1245 2854,1250 2803,1254 2754,1255 2704,1259 2654,1263 2603,1266 2554,1268 2503,1271 2453,1270 2406,1268 2403,1268"/>
          <TextEquiv>
            <Unicode>strijdende</Unicode>
          </TextEquiv>
        </Word>
        <TextEquiv conf="0.9358621848382621">
          <Unicode>sulcx niet mede opsetten wille, strijdende</Unicode>
        </TextEquiv>
        <TextStyle xHeight="45"/>
      </TextLine>
      <TextLine id="line_4cedca12-0714-4a85-92a7-5460a6ca4446">
        <Coords points="811,1338 845,1343 857,1335 1045,1331 1971,1323 2099,1310 2219,1311 2231,1302 2515,1303 2523,1295 2587,1295 2619,1267 2957,1271 2992,1306 3027,1317 3027,1406 3013,1407 2995,1423 2949,1414 2866,1414 2846,1419 2830,1435 2718,1430 2643,1455 2599,1459 2095,1463 1999,1454 1380,1451 1372,1459 1300,1459 1252,1482 1157,1482 1141,1470 811,1462"/>
        <Baseline points="854,1441 904,1434 954,1428 1004,1427 1054,1425 1104,1423 1154,1422 1204,1421 1254,1420 1304,1417 1354,1415 1404,1412 1454,1410 1504,1409 1554,1408 1604,1407 1654,1408 1704,1408 1754,1409 1804,1407 1854,1406 1904,1406 1954,1405 2004,1405 2054,1404 2104,1403 2154,1403 2204,1403 2254,1403 2304,1402 2354,1400 2404,1399 2454,1399 2504,1398 2554,1396 2604,1395 2654,1395 2704,1394 2754,1392 2804,1390 2854,1386 2904,1384 2954,1382 2985,1384"/>
        <Word id="word_b396b5cb-02cc-483f-b298-9a1f8ad33c25">
          <Coords points="849,1406 899,1399 950,1393 1003,1392 1053,1390 1098,1388 1100,1433 1054,1435 1004,1437 955,1438 905,1444 855,1451"/>
          <TextEquiv>
            <Unicode>tegens</Unicode>
          </TextEquiv>
        </Word>
        <Word id="word_f0160ce2-8977-49d5-9d98-f236f5f09ec1">
          <Coords points="1141,1387 1155,1387 1203,1386 1221,1386 1222,1431 1204,1431 1154,1432 1140,1432"/>
          <TextEquiv>
            <Unicode>d'</Unicode>
          </TextEquiv>
        </Word>
        <Word id="word_719b673f-44ce-4393-a2e8-a48fd46a5c6b">
          <Coords points="1261,1385 1302,1382 1353,1380 1402,1377 1453,1375 1503,1374 1553,1373 1603,1372 1633,1373 1632,1418 1604,1417 1554,1418 1504,1419 1454,1420 1405,1422 1354,1425 1305,1427 1264,1430"/>
          <TextEquiv>
            <Unicode>schuldige</Unicode>
          </TextEquiv>
        </Word>
        <Word id="word_8e6e0eb7-8e2c-47eb-8515-e905916513cf">
          <Coords points="1673,1373 1704,1373 1755,1374 1803,1372 1853,1371 1904,1371 1953,1370 2004,1370 2053,1369 2103,1368 2124,1368 2124,1413 2104,1413 2054,1414 2004,1415 1954,1415 1904,1416 1854,1416 1804,1417 1754,1419 1704,1418 1673,1418"/>
          <TextEquiv>
            <Unicode>obedientie,</Unicode>
          </TextEquiv>
        </Word>
        <Word id="word_d537e808-6ce2-4532-a956-431c2d740a67">
          <Coords points="2165,1368 2204,1368 2254,1368 2303,1367 2328,1366 2330,1411 2304,1412 2254,1413 2204,1413 2165,1413"/>
          <TextEquiv>
            <Unicode>ende</Unicode>
          </TextEquiv>
        </Word>
        <Word id="word_1a695a6f-6e6d-496e-b52a-9995639e5ac6">
          <Coords points="2370,1364 2404,1364 2454,1364 2503,1363 2553,1361 2603,1360 2654,1360 2703,1359 2753,1357 2803,1355 2851,1351 2903,1349 2953,1347 2987,1349 2984,1394 2954,1392 2904,1394 2855,1396 2804,1400 2754,1402 2704,1404 2654,1405 2604,1405 2554,1406 2504,1408 2454,1409 2404,1409 2370,1409"/>
          <TextEquiv>
            <Unicode>eerbiedicheijt,</Unicode>
          </TextEquiv>
        </Word>
        <TextEquiv conf="0.932201201660816">
          <Unicode>tegens d' schuldige obedientie, ende eerbiedicheijt,</Unicode>
        </TextEquiv>
        <TextStyle xHeight="50"/>
      </TextLine>
      <TextLine id="fe8be3bd-6be5-4c6b-9fd6-d2b7c4d77cd9">
        <Coords points="806,1462 1264,1479 1300,1459 1372,1459 1380,1451 1999,1454 2095,1463 2599,1459 2663,1450 2916,1456 2916,1544 2379,1540 1999,1552 1971,1571 1915,1591 806,1583"/>
        <Baseline points="849,1570 899,1570 949,1566 999,1565 1049,1563 1099,1561 1149,1558 1199,1556 1249,1554 1299,1552 1349,1551 1399,1551 1449,1552 1499,1551 1549,1550 1599,1550 1649,1548 1699,1546 1749,1545 1799,1545 1849,1543 1899,1541 1949,1541 1999,1542 2049,1541 2099,1539 2149,1539 2199,1537 2249,1537 2299,1535 2349,1533 2399,1531 2449,1531 2499,1531 2549,1530 2599,1530 2649,1529 2699,1528 2749,1526 2799,1524 2849,1522 2874,1523"/>
        <Word id="word_e01e654c-2e31-44cd-8f89-2a700e2b297e">
          <Coords points="849,1535 899,1535 946,1531 998,1530 1045,1528 1047,1573 999,1575 950,1576 899,1580 849,1580"/>
          <TextEquiv>
            <Unicode>daer</Unicode>
          </TextEquiv>
        </Word>
        <Word id="word_58f1b81b-d756-4c4d-b01d-542bd4c432fb">
          <Coords points="1094,1526 1098,1526 1147,1523 1198,1521 1243,1519 1244,1564 1199,1566 1150,1568 1099,1571 1096,1571"/>
          <TextEquiv>
            <Unicode>toe</Unicode>
          </TextEquiv>
        </Word>
        <Word id="word_d596c252-7ff5-49d6-b832-2a7d782503bf">
          <Coords points="1292,1517 1298,1517 1348,1516 1399,1516 1442,1517 1441,1562 1399,1561 1349,1561 1299,1562 1294,1562"/>
          <TextEquiv>
            <Unicode>aen</Unicode>
          </TextEquiv>
        </Word>
        <Word id="word_5dd14cc3-798e-475d-a419-6b988d48c057">
          <Coords points="1483,1519 1491,1517 1548,1515 1599,1515 1648,1513 1687,1511 1689,1556 1649,1558 1599,1560 1549,1560 1501,1561 1493,1563"/>
          <TextEquiv>
            <Unicode>ued„</Unicode>
          </TextEquiv>
        </Word>
        <Word id="word_8c0a3d2b-41cb-43e7-9ef5-b75a3dc11d77">
          <Coords points="1739,1509 1751,1510 1799,1510 1848,1508 1898,1506 1949,1506 2000,1507 2048,1506 2098,1504 2149,1504 2181,1503 2183,1548 2149,1549 2099,1549 2049,1551 1999,1552 1949,1551 1899,1551 1849,1553 1799,1555 1749,1555 1737,1554"/>
          <TextEquiv>
            <Unicode>verplicht</Unicode>
          </TextEquiv>
        </Word>
        <Word id="word_d4efc574-cd42-4421-a3e1-8bb5da6a633d">
          <Coords points="2234,1501 2252,1502 2298,1500 2348,1498 2398,1496 2429,1496 2429,1541 2399,1541 2349,1543 2299,1545 2248,1547 2231,1546"/>
          <TextEquiv>
            <Unicode>Ben,</Unicode>
          </TextEquiv>
        </Word>
        <Word id="word_d542263b-7f7c-463e-8add-318e0ebb9cf2">
          <Coords points="2479,1496 2499,1496 2548,1495 2599,1495 2648,1494 2675,1493 2676,1538 2649,1539 2599,1540 2549,1540 2499,1541 2479,1541"/>
          <TextEquiv>
            <Unicode>maer</Unicode>
          </TextEquiv>
        </Word>
        <Word id="word_1ad9dc96-555a-4bc2-a12a-fe2d0c005742">
          <Coords points="2723,1493 2747,1491 2798,1489 2848,1487 2875,1488 2873,1533 2849,1532 2799,1534 2750,1536 2726,1537"/>
          <TextEquiv>
            <Unicode>als</Unicode>
          </TextEquiv>
        </Word>
        <TextEquiv conf="0.8833334414364358">
          <Unicode>daer toe aen ued„ verplicht Ben, maer als</Unicode>
        </TextEquiv>
        <TextStyle xHeight="38"/>
      </TextLine>
      <TextLine id="ec99e535-b4ae-4a90-9cad-34b2111bb510">
        <Coords points="828,1604 1090,1592 2470,1588 2478,1580 2770,1579 2939,1591 2939,1679 2918,1679 2902,1664 2822,1676 2586,1676 2578,1684 2358,1684 2338,1692 1646,1691 966,1704 942,1728 894,1728 867,1755 858,1749 828,1768"/>
        <Baseline points="871,1704 921,1701 971,1697 1021,1694 1071,1691 1121,1688 1171,1686 1221,1684 1271,1683 1321,1685 1371,1685 1421,1684 1471,1683 1521,1682 1571,1681 1621,1680 1671,1680 1721,1679 1771,1677 1821,1676 1871,1676 1921,1676 1971,1677 2021,1676 2071,1675 2121,1676 2171,1676 2221,1677 2271,1675 2321,1676 2371,1675 2421,1674 2471,1673 2521,1672 2571,1670 2621,1668 2671,1668 2721,1667 2771,1666 2821,1665 2871,1662 2897,1658"/>
        <Word id="word_56437425-7792-460d-bc98-3d2089851cf5">
          <Coords points="869,1669 919,1666 968,1662 1019,1659 1069,1656 1119,1653 1170,1651 1220,1649 1270,1648 1277,1648 1275,1693 1271,1693 1221,1694 1171,1696 1122,1698 1072,1701 1022,1704 972,1707 922,1711 872,1714"/>
          <TextEquiv>
            <Unicode>ignorandt</Unicode>
          </TextEquiv>
        </Word>
        <Word id="word_c12590ca-f7d2-42b8-ab2d-68fbbc1043ae">
          <Coords points="1322,1650 1322,1650 1371,1650 1420,1649 1455,1648 1456,1693 1421,1694 1371,1695 1321,1695 1320,1695"/>
          <TextEquiv>
            <Unicode>van</Unicode>
          </TextEquiv>
        </Word>
        <Word id="word_7d354dff-01bb-4521-a646-96134efe6bfe">
          <Coords points="1500,1647 1520,1647 1570,1646 1590,1646 1591,1691 1571,1691 1521,1692 1501,1692"/>
          <TextEquiv>
            <Unicode>al</Unicode>
          </TextEquiv>
        </Word>
        <Word id="word_aab27784-991b-4f4d-b257-f9d9e25ffab5">
          <Coords points="1637,1645 1671,1645 1720,1644 1770,1642 1820,1641 1871,1641 1921,1641 1952,1642 1951,1687 1921,1686 1871,1686 1821,1686 1771,1687 1721,1689 1671,1690 1636,1690"/>
          <TextEquiv>
            <Unicode>voorens</Unicode>
          </TextEquiv>
        </Word>
        <Word id="word_17231839-dcdc-43bf-8414-911df6e33846">
          <Coords points="1994,1643 2019,1641 2070,1640 2122,1641 2171,1641 2177,1641 2177,1686 2171,1686 2121,1686 2071,1685 2022,1686 1997,1687"/>
          <TextEquiv>
            <Unicode>ued„</Unicode>
          </TextEquiv>
        </Word>
        <Word id="word_9c2e7da1-88cb-4377-b672-4abf9f50ba1b">
          <Coords points="2220,1642 2270,1640 2322,1641 2370,1640 2420,1639 2470,1638 2520,1637 2570,1635 2620,1633 2671,1633 2671,1633 2672,1678 2671,1678 2621,1678 2571,1680 2521,1682 2471,1683 2421,1684 2371,1685 2321,1686 2271,1685 2222,1687"/>
          <TextEquiv>
            <Unicode>approbatie</Unicode>
          </TextEquiv>
        </Word>
        <Word id="word_868b2ee8-1611-4898-9f84-cf8da879a6e7">
          <Coords points="2716,1632 2720,1632 2770,1631 2820,1630 2869,1627 2892,1623 2898,1668 2872,1672 2821,1675 2771,1676 2721,1677 2717,1677"/>
          <TextEquiv>
            <Unicode>daer</Unicode>
          </TextEquiv>
        </Word>
        <TextEquiv conf="0.8735991765117047">
          <Unicode>ignorandt van al voorens ued„ approbatie daer</Unicode>
        </TextEquiv>
        <TextStyle xHeight="37"/>
      </TextLine>
      <TextLine id="line_928db5ab-f350-495d-a61c-56aef37754c0">
        <Coords points="801,1707 885,1715 903,1728 939,1728 955,1712 1503,1707 1767,1707 1795,1724 1811,1716 1899,1715 2103,1715 2119,1727 2759,1723 2799,1751 2823,1751 2835,1760 2861,1760 2912,1712 2912,1800 2547,1804 2531,1817 2479,1821 2031,1821 2003,1848 1939,1848 1931,1856 891,1859 801,1943"/>
        <Baseline points="844,1835 894,1833 944,1830 994,1829 1044,1830 1094,1826 1144,1825 1194,1825 1244,1825 1294,1823 1344,1821 1394,1819 1444,1817 1494,1816 1544,1815 1594,1814 1644,1813 1694,1812 1744,1811 1794,1811 1844,1811 1894,1810 1944,1808 1994,1807 2044,1808 2094,1807 2144,1807 2194,1805 2244,1804 2294,1802 2344,1800 2394,1799 2444,1797 2494,1796 2544,1794 2594,1792 2644,1790 2694,1790 2744,1789 2794,1787 2844,1784 2870,1779"/>
        <Word id="word_150a9e7c-1433-4064-a114-d5cda7d25fea">
          <Coords points="843,1800 893,1798 942,1795 993,1794 1045,1795 1091,1791 1139,1790 1140,1835 1095,1836 1044,1840 994,1839 945,1840 894,1843 844,1845"/>
          <TextEquiv>
            <Unicode>over„te</Unicode>
          </TextEquiv>
        </Word>
        <Word id="word_f95df56b-6d6c-43ee-bee7-9a4dc838a1d5">
          <Coords points="1184,1789 1196,1790 1244,1790 1293,1788 1343,1786 1393,1784 1433,1782 1435,1827 1394,1829 1344,1831 1294,1833 1244,1835 1193,1835 1181,1834"/>
          <TextEquiv>
            <Unicode>moeden</Unicode>
          </TextEquiv>
        </Word>
        <Word id="word_8f53000c-330f-428b-a7ea-3fd6999f154f">
          <Coords points="1478,1781 1495,1781 1543,1780 1593,1779 1643,1778 1693,1777 1743,1776 1794,1776 1844,1776 1893,1775 1940,1773 1942,1818 1894,1820 1844,1821 1794,1821 1744,1821 1694,1822 1644,1823 1594,1824 1544,1825 1494,1826 1477,1826"/>
          <TextEquiv>
            <Unicode>versoecken,</Unicode>
          </TextEquiv>
        </Word>
        <Word id="word_8997fcc7-e449-41cf-b8ae-96c24acd0743">
          <Coords points="1986,1771 1996,1772 2045,1773 2093,1772 2144,1772 2151,1772 2153,1817 2144,1817 2094,1817 2044,1818 1993,1817 1983,1816"/>
          <TextEquiv>
            <Unicode>uijt</Unicode>
          </TextEquiv>
        </Word>
        <Word id="word_8f4513a9-88e5-41d0-9811-e69d4eac4d43">
          <Coords points="2194,1770 2243,1769 2293,1767 2343,1765 2393,1764 2443,1762 2493,1761 2531,1759 2533,1804 2494,1806 2444,1807 2394,1809 2344,1810 2294,1812 2244,1814 2195,1815"/>
          <TextEquiv>
            <Unicode>sinceren</Unicode>
          </TextEquiv>
        </Word>
        <Word id="word_d4ef5eb0-c846-4fc0-afe0-d866574a612f">
          <Coords points="2573,1758 2593,1757 2643,1755 2694,1755 2743,1754 2793,1752 2842,1749 2863,1745 2872,1789 2845,1794 2794,1797 2744,1799 2694,1800 2644,1800 2594,1802 2575,1803"/>
          <TextEquiv>
            <Unicode>gemoede</Unicode>
          </TextEquiv>
        </Word>
        <TextEquiv conf="0.827849441938591">
          <Unicode>over„te moeden versoecken, uijt sinceren gemoede</Unicode>
        </TextEquiv>
        <TextStyle xHeight="43"/>
      </TextLine>
      <TextLine id="line_30d7a67a-669d-43cf-9118-4305cbafed13">
        <Coords points="815,1926 897,1846 2005,1846 2029,1823 2165,1822 2317,1826 2329,1835 2626,1834 2637,1841 2922,1848 2922,1936 2501,1931 2341,1951 2013,1950 1849,1955 1837,1966 1649,1965 1613,1974 1437,1978 1049,1978 1037,1969 929,1969 889,1974 869,1990 815,1990"/>
        <Baseline points="858,1960 908,1961 958,1957 1008,1956 1058,1953 1108,1951 1158,1950 1208,1949 1258,1946 1308,1944 1358,1942 1408,1940 1458,1938 1508,1938 1558,1938 1608,1939 1658,1940 1708,1938 1758,1936 1808,1936 1858,1935 1908,1934 1958,1933 2008,1930 2058,1928 2108,1927 2158,1927 2208,1926 2258,1925 2308,1924 2358,1924 2408,1925 2458,1924 2508,1924 2558,1923 2608,1921 2658,1920 2708,1919 2758,1918 2808,1915 2858,1913 2880,1915"/>
        <Word id="word_a2229b42-b9c4-46c8-838e-6d002f7e5b17">
          <Coords points="859,1925 909,1926 955,1922 1007,1921 1056,1918 1107,1916 1139,1915 1140,1960 1108,1961 1059,1963 1008,1966 959,1967 908,1971 858,1970"/>
          <TextEquiv>
            <Unicode>gedaen</Unicode>
          </TextEquiv>
        </Word>
        <Word id="word_cb0aa99d-850c-462d-8db7-86ee69fdb4e9">
          <Coords points="1186,1914 1207,1914 1256,1911 1280,1910 1281,1955 1259,1956 1208,1959 1187,1959"/>
          <TextEquiv>
            <Unicode>te</Unicode>
          </TextEquiv>
        </Word>
        <Word id="word_03a10eb8-b9a6-4fdd-99a4-aaed9cda2276">
          <Coords points="1327,1908 1357,1907 1407,1905 1457,1903 1508,1903 1558,1903 1609,1904 1658,1905 1657,1950 1608,1949 1558,1948 1508,1948 1458,1948 1408,1950 1358,1952 1328,1953"/>
          <TextEquiv>
            <Unicode>hebben,</Unicode>
          </TextEquiv>
        </Word>
        <Word id="word_14a88a89-894a-4f9b-8e70-ce38e5a35ddd">
          <Coords points="1683,1914 1686,1911 1757,1901 1808,1901 1857,1900 1907,1899 1957,1898 2006,1895 2057,1893 2107,1892 2158,1892 2207,1891 2257,1890 2307,1889 2358,1889 2409,1890 2455,1889 2456,1934 2408,1935 2358,1934 2308,1934 2258,1935 2208,1936 2158,1937 2108,1937 2058,1938 2009,1940 1958,1943 1908,1944 1858,1945 1808,1946 1758,1946 1714,1946 1711,1949"/>
          <TextEquiv>
            <Unicode>presupponerende,</Unicode>
          </TextEquiv>
        </Word>
        <Word id="word_00ef188b-847c-4582-87b9-0c9b95826f40">
          <Coords points="2509,1889 2514,1890 2557,1888 2607,1886 2657,1885 2707,1884 2757,1883 2806,1880 2857,1878 2882,1880 2878,1925 2858,1923 2809,1925 2758,1928 2708,1929 2658,1930 2608,1931 2558,1933 2506,1934 2501,1933"/>
          <TextEquiv>
            <Unicode>naerdien</Unicode>
          </TextEquiv>
        </Word>
        <TextEquiv conf="0.9414070402515675">
          <Unicode>gedaen te hebben, presupponerende, naerdien</Unicode>
        </TextEquiv>
        <TextStyle xHeight="39"/>
      </TextLine>
      <TextLine id="line_37aaff1c-0c20-490f-9d0e-d63bbd863e4c">
        <Coords points="802,1989 872,1989 884,1977 904,1977 912,1969 1036,1968 1052,1977 1596,1977 1652,1964 1832,1969 1848,1957 1888,1957 1907,1949 1987,1948 2946,1956 2971,1980 2996,1985 2991,2080 2471,2073 2391,2077 2291,2113 1624,2112 1580,2121 1500,2121 1492,2129 1444,2133 1264,2133 1204,2193 1168,2188 1160,2180 956,2180 920,2144 802,2145"/>
        <Baseline points="845,2097 895,2096 945,2093 995,2091 1045,2088 1095,2086 1145,2085 1195,2082 1245,2080 1295,2078 1345,2077 1395,2075 1445,2073 1495,2071 1545,2070 1595,2069 1645,2069 1695,2068 1745,2072 1795,2073 1845,2072 1895,2072 1945,2070 1995,2069 2045,2069 2095,2069 2145,2069 2195,2068 2245,2069 2295,2068 2345,2067 2395,2067 2445,2067 2495,2066 2545,2065 2595,2065 2645,2063 2695,2061 2745,2061 2795,2062 2845,2060 2895,2059 2945,2051 2954,2053"/>
        <Word id="word_82eb0b13-a809-436a-871a-bb121f39e35f">
          <Coords points="844,2062 894,2061 943,2058 994,2056 1043,2053 1094,2051 1144,2050 1157,2049 1160,2094 1145,2095 1095,2096 1046,2098 995,2101 946,2103 895,2106 845,2107"/>
          <TextEquiv>
            <Unicode>anderen</Unicode>
          </TextEquiv>
        </Word>
        <Word id="word_12705c3f-ccf9-4bca-af3a-fc884cb377e1">
          <Coords points="1203,2046 1244,2045 1292,2043 1294,2088 1245,2090 1204,2091"/>
          <TextEquiv>
            <Unicode>jn</Unicode>
          </TextEquiv>
        </Word>
        <Word id="word_a609e31d-967c-48e0-8c8d-556e5552d0d4">
          <Coords points="1343,2041 1349,2042 1394,2040 1444,2038 1494,2036 1544,2035 1594,2034 1645,2034 1694,2033 1700,2033 1697,2078 1695,2078 1645,2079 1595,2079 1545,2080 1495,2081 1445,2083 1395,2085 1344,2087 1337,2086"/>
          <TextEquiv>
            <Unicode>gelijcke</Unicode>
          </TextEquiv>
        </Word>
        <Word id="word_b4d7eb40-8ac9-4cc4-b328-c5f59de8dd98">
          <Coords points="1745,2037 1748,2037 1796,2038 1844,2037 1895,2037 1944,2035 1994,2034 2045,2034 2095,2034 2145,2034 2191,2033 2192,2078 2145,2079 2095,2079 2045,2079 1995,2079 1945,2080 1895,2082 1845,2082 1795,2083 1744,2082 1742,2082"/>
          <TextEquiv>
            <Unicode>voorvallen</Unicode>
          </TextEquiv>
        </Word>
        <Word id="word_20c3c736-c627-4007-8be9-583719fc7678">
          <Coords points="2244,2033 2252,2035 2294,2033 2344,2032 2395,2032 2445,2032 2494,2031 2544,2030 2551,2030 2551,2075 2545,2075 2495,2076 2445,2077 2395,2077 2345,2077 2295,2078 2243,2079 2234,2077"/>
          <TextEquiv>
            <Unicode>alhier,</Unicode>
          </TextEquiv>
        </Word>
        <Word id="word_a5b767ad-8347-4704-8054-ed8225cb9c63">
          <Coords points="2594,2030 2644,2028 2694,2026 2745,2026 2796,2027 2844,2025 2894,2024 2939,2016 2961,2019 2952,2063 2947,2061 2895,2069 2845,2070 2795,2072 2745,2071 2695,2071 2645,2073 2596,2075"/>
          <TextEquiv>
            <Unicode>licensie</Unicode>
          </TextEquiv>
        </Word>
        <TextEquiv conf="0.9469686720709707">
          <Unicode>anderen jn gelijcke voorvallen alhier, licensie</Unicode>
        </TextEquiv>
        <TextStyle xHeight="49"/>
      </TextLine>
      <TextLine id="line_53799853-9fd6-4de1-96a0-078ae7817134">
        <Coords points="802,2145 920,2144 956,2180 1160,2180 1168,2188 1204,2193 1264,2133 1444,2133 1492,2129 1500,2121 1580,2121 1624,2112 2292,2113 2376,2085 2472,2073 2936,2080 2973,2112 2973,2200 2959,2205 2140,2201 2112,2217 2068,2261 1916,2261 1880,2277 1820,2281 1632,2280 1552,2232 1464,2232 1428,2237 1416,2249 1092,2248 1044,2257 802,2265"/>
        <Baseline points="845,2233 895,2226 945,2222 995,2219 1045,2216 1095,2214 1145,2212 1195,2208 1245,2206 1295,2208 1345,2206 1395,2204 1445,2204 1495,2203 1545,2202 1595,2204 1645,2205 1695,2202 1745,2201 1795,2200 1845,2199 1895,2199 1945,2198 1995,2197 2045,2196 2095,2192 2145,2191 2195,2189 2245,2191 2295,2192 2345,2192 2395,2193 2445,2193 2495,2193 2545,2193 2595,2192 2645,2191 2695,2189 2745,2188 2795,2187 2845,2185 2895,2182 2931,2179"/>
        <Word id="word_12e16c9d-a7b0-45c8-9045-511dfe423374">
          <Coords points="840,2198 890,2191 934,2188 938,2233 896,2236 846,2243"/>
          <TextEquiv>
            <Unicode>te</Unicode>
          </TextEquiv>
        </Word>
        <Word id="word_71af680a-0f5e-48fc-8787-990fe6e77841">
          <Coords points="984,2184 995,2184 1043,2181 1094,2179 1144,2177 1192,2173 1214,2172 1215,2217 1196,2218 1145,2222 1095,2224 1046,2226 995,2229 983,2229"/>
          <TextEquiv>
            <Unicode>mogen</Unicode>
          </TextEquiv>
        </Word>
        <Word id="word_d381b342-8999-4da4-b2e3-063f4c90c497">
          <Coords points="1264,2170 1298,2173 1344,2171 1394,2169 1445,2169 1494,2168 1539,2167 1540,2212 1495,2213 1445,2214 1395,2214 1345,2216 1294,2218 1261,2215"/>
          <TextEquiv>
            <Unicode>geven,</Unicode>
          </TextEquiv>
        </Word>
        <Word id="word_a36d635a-b3ca-4d7b-b487-9dbf4b3ac791">
          <Coords points="1597,2168 1606,2171 1646,2170 1693,2167 1744,2166 1794,2165 1844,2164 1895,2164 1944,2163 1994,2162 2044,2161 2092,2157 2144,2156 2194,2154 2246,2156 2296,2157 2328,2157 2328,2202 2295,2202 2245,2201 2195,2199 2145,2201 2096,2202 2045,2206 1995,2207 1945,2208 1895,2209 1845,2209 1795,2210 1745,2211 1696,2212 1645,2215 1592,2214 1583,2211"/>
          <TextEquiv>
            <Unicode>g'authoriseerdt,</Unicode>
          </TextEquiv>
        </Word>
        <Word id="word_1570ddf8-0c38-48ae-9263-e8b3d2a1f530">
          <Coords points="2376,2157 2397,2158 2445,2158 2495,2158 2545,2158 2594,2157 2644,2156 2694,2154 2744,2153 2794,2152 2844,2150 2893,2147 2928,2144 2931,2189 2896,2192 2845,2195 2795,2197 2745,2198 2695,2199 2645,2201 2595,2202 2545,2203 2495,2203 2445,2203 2395,2203 2374,2202"/>
          <TextEquiv>
            <Unicode>d'approbatie</Unicode>
          </TextEquiv>
        </Word>
        <TextEquiv conf="0.9148265425501938">
          <Unicode>te mogen geven, g'authoriseerdt, d'approbatie</Unicode>
        </TextEquiv>
        <TextStyle xHeight="43"/>
      </TextLine>
      <TextLine id="b3fc7490-6bd5-446d-bd65-d944d16a66b6">
        <Coords points="803,2249 1069,2254 1109,2242 1129,2227 1169,2222 1460,2226 1549,2230 1576,2253 1628,2274 1884,2274 1916,2262 2068,2262 2096,2237 2228,2233 2960,2242 2960,2331 2864,2425 2854,2417 2843,2428 2799,2425 2787,2417 2559,2418 2547,2409 2435,2405 1896,2409 1872,2385 1856,2381 803,2390"/>
        <Baseline points="846,2361 896,2358 946,2357 996,2355 1046,2353 1096,2351 1146,2349 1196,2347 1246,2346 1296,2346 1346,2346 1396,2345 1446,2345 1496,2344 1546,2344 1596,2344 1646,2345 1696,2345 1746,2345 1796,2346 1846,2345 1896,2346 1946,2347 1996,2347 2046,2348 2096,2346 2146,2346 2196,2345 2246,2345 2296,2344 2346,2342 2396,2341 2446,2338 2496,2337 2546,2334 2596,2332 2646,2330 2696,2329 2746,2327 2796,2322 2846,2318 2896,2313 2918,2309"/>
        <Word id="word_7906abae-305b-4c86-8fa5-1e322856c2b5">
          <Coords points="844,2326 894,2323 942,2322 943,2367 897,2368 847,2371"/>
          <TextEquiv>
            <Unicode>al</Unicode>
          </TextEquiv>
        </Word>
        <Word id="word_c8746d45-3227-4c6e-a4c5-893d1d43680a">
          <Coords points="984,2322 989,2321 1045,2318 1095,2316 1145,2314 1195,2312 1245,2311 1280,2311 1280,2356 1246,2356 1196,2357 1146,2359 1096,2361 1046,2363 998,2365 993,2366"/>
          <TextEquiv>
            <Unicode>vorens</Unicode>
          </TextEquiv>
        </Word>
        <Word id="word_a3e5a0d7-e4f7-494c-9576-ee9a9de3d6d0">
          <Coords points="1328,2311 1346,2311 1395,2310 1446,2310 1472,2309 1473,2354 1446,2355 1396,2355 1346,2356 1328,2356"/>
          <TextEquiv>
            <Unicode>van</Unicode>
          </TextEquiv>
        </Word>
        <Word id="word_0ba29b09-243d-4268-9a3c-280886895d83">
          <Coords points="1521,2309 1547,2309 1596,2309 1647,2310 1696,2310 1714,2310 1714,2355 1696,2355 1646,2355 1596,2354 1546,2354 1521,2354"/>
          <TextEquiv>
            <Unicode>uEd„</Unicode>
          </TextEquiv>
        </Word>
        <Word id="word_dd1cf546-46f2-49c0-97d3-6960d2b46aef">
          <Coords points="1763,2310 1797,2311 1845,2310 1897,2311 1947,2312 1955,2312 1955,2357 1946,2357 1896,2356 1846,2355 1796,2356 1762,2355"/>
          <TextEquiv>
            <Unicode>over</Unicode>
          </TextEquiv>
        </Word>
        <Word id="word_3a585bd0-6e3e-45b3-a72a-4c4470e26b1a">
          <Coords points="2004,2312 2047,2313 2095,2311 2146,2311 2195,2310 2196,2355 2146,2356 2096,2356 2046,2358 2003,2357"/>
          <TextEquiv>
            <Unicode>mijn</Unicode>
          </TextEquiv>
        </Word>
        <Word id="word_2233b978-ada8-4fbd-9f10-2c58eeab3541">
          <Coords points="2260,2313 2262,2314 2295,2309 2345,2307 2395,2306 2444,2303 2495,2302 2544,2299 2595,2297 2645,2295 2695,2294 2745,2292 2793,2287 2819,2285 2823,2330 2797,2332 2746,2337 2696,2339 2646,2340 2596,2342 2547,2344 2496,2347 2447,2348 2396,2351 2346,2352 2296,2354 2242,2354 2240,2353"/>
          <TextEquiv>
            <Unicode>perticuliere</Unicode>
          </TextEquiv>
        </Word>
        <Word id="word_7a1547c3-4006-4963-8eac-797a9ba71e3c">
          <Coords points="2866,2281 2892,2278 2911,2275 2919,2319 2897,2323 2871,2326"/>
          <TextEquiv>
            <Unicode>—</Unicode>
          </TextEquiv>
        </Word>
        <TextEquiv conf="0.8880088682683721">
          <Unicode>al vorens van uEd„ over mijn perticuliere —</Unicode>
        </TextEquiv>
        <TextStyle xHeight="51"/>
      </TextLine>
      <TextLine id="ab75b848-a84e-493a-bd86-2f78e5bdc0f6">
        <Coords points="798,2401 992,2402 1000,2394 1331,2390 1343,2382 1855,2381 1871,2385 1895,2409 2434,2405 2549,2409 2558,2418 2786,2417 2826,2429 2838,2440 2873,2441 2919,2394 2919,2482 1891,2490 1839,2498 1735,2498 1707,2526 798,2526"/>
        <Baseline points="841,2508 891,2503 941,2500 991,2498 1041,2496 1091,2496 1141,2495 1191,2494 1241,2495 1291,2495 1341,2494 1391,2492 1441,2490 1491,2490 1541,2487 1591,2485 1641,2483 1691,2481 1741,2481 1791,2480 1841,2480 1891,2481 1941,2480 1991,2478 2041,2477 2091,2476 2141,2475 2191,2474 2241,2473 2291,2472 2341,2472 2391,2470 2441,2471 2491,2471 2541,2470 2591,2469 2641,2468 2691,2467 2741,2466 2791,2465 2841,2465 2877,2461"/>
        <Word id="word_0a5febc2-1984-46b6-acf6-6190dd94788f">
          <Coords points="838,2473 888,2468 939,2465 990,2463 1040,2461 1091,2461 1118,2460 1119,2505 1091,2506 1041,2506 991,2508 942,2510 892,2513 842,2518"/>
          <TextEquiv>
            <Unicode>saecke</Unicode>
          </TextEquiv>
        </Word>
        <Word id="word_edb2672b-ba0a-4824-be52-3360d9e4f52b">
          <Coords points="1164,2460 1190,2459 1242,2460 1291,2460 1303,2460 1304,2505 1291,2505 1241,2505 1191,2504 1165,2505"/>
          <TextEquiv>
            <Unicode>van</Unicode>
          </TextEquiv>
        </Word>
        <Word id="word_35a87b42-81f8-42b4-a444-dd95746d779d">
          <Coords points="1348,2459 1389,2457 1440,2455 1491,2455 1539,2452 1590,2450 1640,2448 1690,2446 1741,2446 1790,2445 1813,2445 1813,2490 1791,2490 1741,2491 1691,2491 1641,2493 1591,2495 1542,2497 1491,2500 1441,2500 1391,2502 1350,2504"/>
          <TextEquiv>
            <Unicode>huwelijck,</Unicode>
          </TextEquiv>
        </Word>
        <Word id="word_f576c5f4-da5d-4247-92e4-d67e3d3dc2f8">
          <Coords points="1860,2445 1892,2446 1940,2445 1990,2443 1997,2443 1998,2488 1991,2488 1941,2490 1891,2491 1859,2490"/>
          <TextEquiv>
            <Unicode>ten</Unicode>
          </TextEquiv>
        </Word>
        <Word id="word_a6883738-4e30-4dc5-ae28-466a62673468">
          <Coords points="2043,2442 2090,2441 2140,2440 2190,2439 2240,2438 2290,2437 2341,2437 2367,2436 2368,2481 2341,2482 2291,2482 2241,2483 2191,2484 2141,2485 2091,2486 2044,2487"/>
          <TextEquiv>
            <Unicode>aensien</Unicode>
          </TextEquiv>
        </Word>
        <Word id="word_b464c444-439e-4eee-a5db-b4218d453912">
          <Coords points="2417,2434 2444,2436 2491,2436 2506,2436 2507,2481 2491,2481 2440,2481 2414,2479"/>
          <TextEquiv>
            <Unicode>d'</Unicode>
          </TextEquiv>
        </Word>
        <Word id="word_e7ceb26e-aa50-4807-a78e-7cd86d374b0d">
          <Coords points="2552,2435 2590,2434 2640,2433 2690,2432 2740,2431 2790,2430 2841,2430 2873,2426 2878,2471 2841,2475 2791,2475 2741,2476 2691,2477 2641,2478 2591,2479 2553,2480"/>
          <TextEquiv>
            <Unicode>occasie</Unicode>
          </TextEquiv>
        </Word>
        <TextEquiv conf="0.9539493325722932">
          <Unicode>saecke van huwelijck, ten aensien d' occasie</Unicode>
        </TextEquiv>
        <TextStyle xHeight="39"/>
      </TextLine>
      <TextLine id="line_74148928-6e0c-4001-81fd-7adf2542140e">
        <Coords points="785,2525 1339,2524 1359,2537 1607,2537 1615,2529 1703,2529 1719,2513 2187,2508 2211,2517 2932,2516 2932,2604 2563,2598 2475,2606 2451,2629 2139,2629 1987,2637 1979,2645 1439,2633 1375,2692 1223,2692 1179,2660 1123,2660 1103,2673 785,2680"/>
        <Baseline points="828,2639 878,2636 928,2635 978,2636 1028,2636 1078,2634 1128,2633 1178,2633 1228,2630 1278,2629 1328,2625 1378,2623 1428,2621 1478,2618 1528,2616 1578,2615 1628,2614 1678,2614 1728,2613 1778,2612 1828,2611 1878,2609 1928,2607 1978,2604 2028,2602 2078,2602 2128,2603 2178,2603 2228,2603 2278,2605 2328,2604 2378,2603 2428,2598 2478,2596 2528,2594 2578,2590 2628,2588 2678,2587 2728,2585 2778,2583 2828,2581 2878,2580 2890,2583"/>
        <Word id="word_dbdc849d-c765-412d-8eb9-c4767f200abc">
          <Coords points="826,2604 876,2601 927,2600 979,2601 1028,2601 1077,2599 1102,2599 1103,2643 1078,2644 1028,2646 978,2646 928,2645 879,2646 829,2649"/>
          <TextEquiv>
            <Unicode>alhier</Unicode>
          </TextEquiv>
        </Word>
        <Word id="word_579f5cb2-8c2d-4373-bd81-219200bbf2e0">
          <Coords points="1149,2598 1179,2598 1226,2595 1277,2594 1325,2590 1331,2590 1333,2635 1329,2635 1278,2639 1229,2640 1178,2643 1149,2643"/>
          <TextEquiv>
            <Unicode>oock</Unicode>
          </TextEquiv>
        </Word>
        <Word id="word_692e4054-97db-4e1b-8e3e-a64820e5ff8d">
          <Coords points="1377,2588 1377,2588 1427,2586 1467,2584 1470,2628 1428,2631 1378,2633 1378,2633"/>
          <TextEquiv>
            <Unicode>jn</Unicode>
          </TextEquiv>
        </Word>
        <Word id="word_79821f11-f3e3-4583-9a2a-4ba4f3c13807">
          <Coords points="1516,2581 1529,2581 1577,2580 1627,2579 1678,2579 1727,2578 1744,2578 1745,2623 1728,2623 1678,2624 1628,2624 1578,2625 1528,2626 1515,2626"/>
          <TextEquiv>
            <Unicode>loco,</Unicode>
          </TextEquiv>
        </Word>
        <Word id="word_0a11f7c4-1579-4da2-b102-afad0fb9f386">
          <Coords points="1790,2577 1827,2576 1877,2574 1927,2572 1972,2569 1974,2614 1928,2617 1878,2619 1828,2621 1791,2622"/>
          <TextEquiv>
            <Unicode>ende</Unicode>
          </TextEquiv>
        </Word>
        <Word id="word_88c166ff-3a62-45f4-b8d5-4dd8b93f949c">
          <Coords points="2022,2567 2030,2567 2078,2567 2129,2568 2178,2568 2228,2568 2279,2570 2294,2570 2295,2615 2278,2615 2228,2613 2178,2613 2128,2613 2078,2612 2027,2612 2019,2611"/>
          <TextEquiv>
            <Unicode>sulcks</Unicode>
          </TextEquiv>
        </Word>
        <Word id="word_7e3c00e4-a491-4588-99a9-1f33e0128507">
          <Coords points="2340,2569 2377,2568 2425,2563 2476,2561 2478,2606 2429,2608 2378,2613 2341,2614"/>
          <TextEquiv>
            <Unicode>tot</Unicode>
          </TextEquiv>
        </Word>
        <Word id="word_118cfa26-da5c-42d4-bd9a-303297e96977">
          <Coords points="2522,2559 2527,2559 2575,2555 2627,2553 2677,2552 2706,2551 2707,2596 2678,2597 2628,2598 2579,2600 2528,2604 2524,2604"/>
          <TextEquiv>
            <Unicode>geen</Unicode>
          </TextEquiv>
        </Word>
        <Word id="word_b2acf52d-15ab-4272-aacf-15d40714dc23">
          <Coords points="2751,2549 2777,2548 2827,2546 2877,2545 2898,2549 2887,2593 2878,2590 2828,2591 2778,2593 2753,2594"/>
          <TextEquiv>
            <Unicode>min</Unicode>
          </TextEquiv>
        </Word>
        <TextEquiv conf="0.9682881471855046">
          <Unicode>alhier oock jn loco, ende sulcks tot geen min</Unicode>
        </TextEquiv>
        <TextStyle xHeight="43"/>
      </TextLine>
      <TextLine id="bcec0f32-7502-465e-9cbc-0f35af905a8e">
        <Coords points="802,2679 904,2679 936,2662 1184,2662 1220,2691 1376,2691 1436,2636 1531,2636 1584,2627 1988,2636 2444,2632 2468,2615 2928,2615 2980,2659 3013,2659 3013,2747 2204,2747 2124,2787 1040,2791 1020,2811 802,2815"/>
        <Baseline points="845,2770 895,2769 945,2766 995,2765 1045,2764 1095,2762 1145,2762 1195,2763 1245,2762 1295,2762 1345,2762 1395,2762 1445,2759 1495,2757 1545,2754 1595,2750 1645,2746 1695,2743 1745,2740 1795,2739 1845,2738 1895,2739 1945,2738 1995,2737 2045,2737 2095,2737 2145,2735 2195,2733 2245,2730 2295,2728 2345,2727 2395,2726 2445,2726 2495,2726 2545,2728 2595,2729 2645,2729 2695,2729 2745,2729 2795,2728 2845,2728 2895,2729 2945,2729 2971,2726"/>
        <Word id="word_d813a1ad-c470-46fe-b019-dd0e7860b222">
          <Coords points="844,2735 894,2734 943,2731 994,2730 1044,2729 1094,2727 1145,2727 1196,2728 1235,2727 1236,2772 1195,2773 1145,2772 1095,2772 1045,2774 995,2775 946,2776 895,2779 845,2780"/>
          <TextEquiv>
            <Unicode>eerlijck,</Unicode>
          </TextEquiv>
        </Word>
        <Word id="word_f7eb65ea-cea2-41ee-8da2-5284b3b79ff4">
          <Coords points="1280,2726 1296,2727 1345,2727 1395,2727 1443,2724 1451,2724 1453,2769 1446,2769 1395,2772 1345,2772 1295,2772 1279,2771"/>
          <TextEquiv>
            <Unicode>ende</Unicode>
          </TextEquiv>
        </Word>
        <Word id="word_07d0bfda-10a0-464b-b36f-2af1b5732630">
          <Coords points="1494,2722 1543,2719 1592,2715 1642,2711 1693,2708 1743,2705 1794,2704 1844,2703 1896,2704 1944,2703 1994,2702 2045,2702 2060,2702 2060,2747 2045,2747 1995,2747 1945,2748 1895,2749 1845,2748 1795,2749 1746,2750 1696,2753 1646,2756 1596,2760 1546,2764 1497,2767"/>
          <TextEquiv>
            <Unicode>godtvruchtich</Unicode>
          </TextEquiv>
        </Word>
        <Word id="word_b95ecf98-7d65-4388-a642-a1fc79a352c8">
          <Coords points="2101,2702 2143,2700 2194,2698 2243,2695 2294,2693 2344,2692 2394,2691 2445,2691 2494,2691 2494,2736 2445,2736 2395,2736 2345,2737 2295,2738 2246,2740 2195,2743 2145,2745 2104,2747"/>
          <TextEquiv>
            <Unicode>ooghmerck</Unicode>
          </TextEquiv>
        </Word>
        <Word id="word_1bf024a2-98b0-4074-8d5e-15d2ffa559be">
          <Coords points="2546,2692 2554,2694 2596,2694 2645,2694 2695,2694 2745,2694 2794,2693 2845,2693 2896,2694 2945,2694 2967,2691 2972,2736 2945,2739 2895,2739 2845,2738 2795,2738 2745,2739 2695,2739 2645,2739 2595,2739 2543,2738 2535,2736"/>
          <TextEquiv>
            <Unicode>tendeerde,</Unicode>
          </TextEquiv>
        </Word>
        <TextEquiv conf="0.93306010426086">
          <Unicode>eerlijck, ende godtvruchtich ooghmerck tendeerde,</Unicode>
        </TextEquiv>
        <TextStyle xHeight="47"/>
      </TextLine>
      <TextLine id="line_13e38a8c-2308-45c1-9a03-1c6968e285d0">
        <Coords points="801,2815 1023,2811 1059,2778 1295,2774 1327,2778 1335,2786 1554,2791 2122,2787 2178,2762 2773,2766 2789,2782 2817,2782 2825,2790 2954,2794 2954,2882 2433,2882 2366,2946 2342,2954 2038,2946 2030,2938 1279,2939 1147,2930 801,2930"/>
        <Baseline points="844,2905 894,2904 944,2901 994,2899 1044,2899 1094,2897 1144,2896 1194,2895 1244,2894 1294,2894 1344,2891 1394,2889 1444,2888 1494,2887 1544,2886 1594,2886 1644,2888 1694,2888 1744,2887 1794,2886 1844,2883 1894,2883 1944,2883 1994,2882 2044,2880 2094,2878 2144,2876 2194,2876 2244,2875 2294,2874 2344,2872 2394,2868 2444,2866 2494,2864 2544,2863 2594,2863 2644,2861 2694,2861 2744,2861 2794,2859 2844,2858 2894,2859 2912,2861"/>
        <Word id="word_b6da908e-4bfa-4aef-99c8-4921e8597762">
          <Coords points="843,2870 893,2869 942,2866 993,2864 1044,2864 1093,2862 1102,2862 1103,2907 1094,2907 1044,2909 994,2909 945,2911 894,2914 844,2915"/>
          <TextEquiv>
            <Unicode>miedt</Unicode>
          </TextEquiv>
        </Word>
        <Word id="word_1d8c3633-20c5-4ffd-adb0-748dcf9fc3b5">
          <Coords points="1153,2861 1193,2860 1243,2859 1294,2859 1342,2856 1393,2854 1443,2853 1464,2853 1465,2898 1444,2898 1394,2899 1345,2901 1294,2904 1244,2904 1194,2905 1154,2906"/>
          <TextEquiv>
            <Unicode>nodigh</Unicode>
          </TextEquiv>
        </Word>
        <Word id="word_c6beb663-c92b-4d75-995b-3224b000ccf5">
          <Coords points="1515,2852 1543,2851 1594,2851 1645,2853 1694,2853 1722,2852 1723,2897 1694,2898 1644,2898 1594,2896 1544,2896 1516,2897"/>
          <TextEquiv>
            <Unicode>was,</Unicode>
          </TextEquiv>
        </Word>
        <Word id="word_7334ac97-7141-4eba-ba81-e7c7bdfb0ed5">
          <Coords points="1774,2851 1793,2851 1842,2848 1878,2848 1878,2893 1845,2893 1794,2896 1775,2896"/>
          <TextEquiv>
            <Unicode>nu</Unicode>
          </TextEquiv>
        </Word>
        <Word id="word_cd94bbdf-cf2e-4ef7-8683-9caf3364a9a0">
          <Coords points="1930,2848 1944,2848 1993,2847 2043,2845 2093,2843 2143,2841 2194,2841 2239,2840 2240,2885 2194,2886 2144,2886 2094,2888 2044,2890 1994,2892 1944,2893 1930,2893"/>
          <TextEquiv>
            <Unicode>echter</Unicode>
          </TextEquiv>
        </Word>
        <Word id="word_7c8c6847-4c7c-4258-bbfd-ae54b3ef74cf">
          <Coords points="2291,2839 2293,2839 2343,2837 2391,2833 2443,2831 2493,2829 2498,2829 2499,2874 2494,2874 2444,2876 2395,2878 2344,2882 2294,2884 2292,2884"/>
          <TextEquiv>
            <Unicode>hier</Unicode>
          </TextEquiv>
        </Word>
        <Word id="word_6258ff8b-5859-486f-ac62-15c099576fa7">
          <Coords points="2550,2828 2594,2828 2643,2826 2694,2826 2744,2826 2756,2826 2757,2870 2744,2871 2694,2871 2644,2871 2594,2873 2550,2873"/>
          <TextEquiv>
            <Unicode>inne</Unicode>
          </TextEquiv>
        </Word>
        <Word id="word_d82aedbc-4742-44d2-ab2f-844a776f22e6">
          <Coords points="2808,2823 2844,2823 2895,2824 2916,2826 2911,2871 2894,2869 2844,2868 2809,2868"/>
          <TextEquiv>
            <Unicode>de</Unicode>
          </TextEquiv>
        </Word>
        <TextEquiv conf="0.8812443119115484">
          <Unicode>miedt nodigh was, nu echter hier inne de</Unicode>
        </TextEquiv>
        <TextStyle xHeight="46"/>
      </TextLine>
      <TextLine id="b84537f9-1e0f-43bf-86af-558c168cf4e0">
        <Coords points="799,2929 1129,2929 1277,2938 2028,2937 2040,2946 2340,2954 2372,2942 2424,2890 2436,2889 2779,2889 2803,2898 2899,2893 2927,2905 2996,2908 2996,2997 2981,2981 2899,2994 2782,2994 2763,2998 2727,3026 2611,3026 2583,3042 2316,3046 2308,3054 2076,3054 2044,3078 1824,3078 1792,3057 1628,3057 1612,3049 799,3050"/>
        <Baseline points="842,3030 892,3027 942,3027 992,3025 1042,3023 1092,3023 1142,3022 1192,3022 1242,3022 1292,3022 1342,3023 1392,3022 1442,3021 1492,3019 1542,3018 1592,3017 1642,3017 1692,3017 1742,3018 1792,3018 1842,3016 1892,3015 1942,3013 1992,3012 2042,3010 2092,3007 2142,3005 2192,3003 2242,3003 2292,3001 2342,2999 2392,2999 2442,2998 2492,2996 2542,2995 2592,2996 2642,2992 2692,2988 2742,2984 2792,2984 2842,2983 2892,2981 2942,2979 2954,2976"/>
        <Word id="word_b449464e-0073-4524-a38b-a315cba424d0">
          <Coords points="840,2995 890,2992 942,2992 991,2990 1041,2988 1092,2988 1141,2987 1192,2987 1242,2987 1292,2987 1292,3032 1242,3032 1192,3032 1142,3032 1092,3033 1042,3033 992,3035 942,3037 893,3037 843,3040"/>
          <TextEquiv>
            <Unicode>absoluijdt</Unicode>
          </TextEquiv>
        </Word>
        <Word id="word_be8408bf-58f3-45c5-97af-7bb377d26933">
          <Coords points="1343,2988 1348,2989 1391,2987 1441,2986 1491,2984 1541,2983 1591,2982 1642,2982 1692,2982 1742,2983 1741,3028 1692,3027 1642,3027 1592,3027 1542,3028 1492,3029 1442,3031 1392,3032 1340,3033 1335,3032"/>
          <TextEquiv>
            <Unicode>getreden,</Unicode>
          </TextEquiv>
        </Word>
        <Word id="word_20d84723-0d5d-4104-8b40-b785c9926607">
          <Coords points="1781,2984 1787,2983 1841,2981 1891,2980 1941,2978 1965,2978 1966,3023 1942,3023 1892,3025 1842,3026 1793,3028 1788,3029"/>
          <TextEquiv>
            <Unicode>ende</Unicode>
          </TextEquiv>
        </Word>
        <Word id="word_b0b4f4d4-ba79-4861-8b11-d23cdbbc133c">
          <Coords points="2009,2977 2040,2975 2090,2972 2141,2970 2191,2968 2242,2968 2279,2966 2281,3011 2242,3013 2192,3013 2142,3015 2093,3017 2043,3020 2011,3022"/>
          <TextEquiv>
            <Unicode>tegens</Unicode>
          </TextEquiv>
        </Word>
        <Word id="word_72258ea7-4eef-426a-87d3-a94d73a76ad5">
          <Coords points="2324,2965 2341,2964 2392,2964 2441,2963 2459,2962 2461,3007 2442,3008 2392,3009 2342,3009 2326,3010"/>
          <TextEquiv>
            <Unicode>ued</Unicode>
          </TextEquiv>
        </Word>
        <Word id="word_9ad1047a-ca9e-463b-87a1-69451e87643b">
          <Coords points="2505,2960 2542,2960 2593,2961 2639,2957 2689,2953 2739,2949 2792,2949 2841,2948 2891,2946 2941,2944 2945,2942 2956,2986 2942,2989 2892,2991 2842,2993 2792,2994 2743,2994 2693,2998 2643,3002 2592,3006 2542,3005 2505,3005"/>
          <TextEquiv>
            <Unicode>gepexeerdt</Unicode>
          </TextEquiv>
        </Word>
        <TextEquiv conf="0.8971517031000857">
          <Unicode>absoluijdt getreden, ende tegens ued gepexeerdt</Unicode>
        </TextEquiv>
        <TextStyle xHeight="42"/>
      </TextLine>
      <TextLine id="line_00460961-7543-4772-89bd-094749da3c00">
        <Coords points="772,3050 1613,3049 1629,3057 1793,3057 1825,3078 2044,3078 2076,3054 2647,3054 2743,3041 2900,3041 2900,3129 2579,3126 2520,3130 2480,3162 2252,3166 2204,3186 2136,3250 2116,3250 2080,3225 2032,3229 1996,3209 1681,3201 1653,3173 1569,3174 1517,3226 1181,3230 1165,3217 894,3218 865,3209 826,3209 772,3234"/>
        <Baseline points="815,3170 865,3163 915,3160 965,3159 1015,3157 1065,3155 1115,3154 1165,3153 1215,3154 1265,3153 1315,3153 1365,3153 1415,3152 1465,3150 1515,3148 1565,3146 1615,3144 1665,3143 1715,3144 1765,3143 1815,3141 1865,3140 1915,3137 1965,3136 2015,3134 2065,3133 2115,3131 2165,3132 2215,3132 2265,3132 2315,3131 2365,3128 2415,3126 2465,3125 2515,3123 2565,3120 2615,3118 2665,3117 2715,3114 2765,3113 2815,3110 2858,3108"/>
        <Word id="word_f20e7d18-b80b-4704-a3ca-5aeb253da69b">
          <Coords points="810,3135 860,3128 913,3125 964,3124 1014,3122 1064,3120 1114,3119 1164,3118 1216,3119 1252,3118 1253,3163 1215,3164 1165,3163 1115,3164 1065,3165 1015,3167 965,3169 916,3170 866,3173 816,3180"/>
          <TextEquiv>
            <Unicode>hebbende,</Unicode>
          </TextEquiv>
        </Word>
        <Word id="word_77b5ea38-d3f9-41e5-90e8-87ecbfb1ffaa">
          <Coords points="1303,3117 1317,3118 1365,3118 1414,3117 1464,3115 1514,3113 1564,3111 1614,3109 1664,3108 1691,3109 1690,3154 1665,3153 1615,3154 1565,3156 1515,3158 1465,3160 1415,3162 1365,3163 1314,3163 1301,3162"/>
          <TextEquiv>
            <Unicode>verhopen</Unicode>
          </TextEquiv>
        </Word>
        <Word id="word_b71d2a44-2f57-4ade-8055-3a4cd7739e62">
          <Coords points="1737,3110 1763,3108 1814,3106 1864,3105 1913,3102 1933,3102 1934,3147 1916,3147 1865,3150 1815,3151 1766,3153 1740,3154"/>
          <TextEquiv>
            <Unicode>ued,</Unicode>
          </TextEquiv>
        </Word>
        <Word id="word_149a27d3-96b0-4d19-8ce3-56759336d46f">
          <Coords points="1981,3101 2013,3099 2064,3098 2114,3096 2166,3097 2215,3097 2265,3097 2314,3096 2321,3096 2324,3141 2315,3141 2265,3142 2215,3142 2165,3142 2115,3141 2065,3143 2016,3144 1983,3146"/>
          <TextEquiv>
            <Unicode>volgens</Unicode>
          </TextEquiv>
        </Word>
        <Word id="word_4aa25128-bf75-49f8-96b4-edef204e94ee">
          <Coords points="2370,3093 2414,3091 2464,3090 2514,3088 2515,3088 2518,3133 2515,3133 2465,3135 2415,3136 2372,3138"/>
          <TextEquiv>
            <Unicode>hun</Unicode>
          </TextEquiv>
        </Word>
        <Word id="word_02952c9f-036c-4227-9cec-a83b996a1ff0">
          <Coords points="2565,3085 2614,3083 2664,3082 2713,3079 2764,3078 2813,3075 2856,3073 2858,3118 2816,3120 2765,3123 2716,3124 2665,3127 2615,3128 2567,3130"/>
          <TextEquiv>
            <Unicode>gewone</Unicode>
          </TextEquiv>
        </Word>
        <TextEquiv conf="0.9128268039962371">
          <Unicode>hebbende, verhopen ued, volgens hun gewone</Unicode>
        </TextEquiv>
        <TextStyle xHeight="46"/>
      </TextLine>
      <TextLine id="line_49a9ef2a-4337-4b69-9b57-d9f53ff89c9b">
        <Coords points="811,3212 865,3211 909,3221 1153,3221 1177,3232 1512,3228 1572,3168 1608,3167 1656,3171 1684,3199 1864,3199 1876,3211 2003,3211 2031,3228 2087,3227 2115,3251 2128,3251 2147,3244 2207,3184 2247,3168 2291,3164 2906,3159 2977,3163 2994,3179 3014,3176 3027,3187 3027,3276 3018,3267 2988,3267 2970,3268 2958,3280 2343,3283 2311,3312 1884,3311 1856,3336 1796,3340 1376,3335 1097,3339 1081,3340 1069,3352 811,3352"/>
        <Baseline points="854,3308 904,3301 954,3297 1004,3295 1054,3294 1104,3292 1154,3290 1204,3288 1254,3285 1304,3283 1354,3282 1404,3280 1454,3277 1504,3275 1554,3274 1604,3274 1654,3274 1704,3274 1754,3273 1804,3271 1854,3267 1904,3264 1954,3262 2004,3261 2054,3261 2104,3260 2154,3261 2204,3261 2254,3261 2304,3259 2354,3259 2404,3257 2454,3255 2504,3254 2554,3255 2604,3256 2654,3259 2704,3258 2754,3258 2804,3258 2854,3257 2904,3259 2954,3258 2985,3255"/>
        <Word id="word_c377937a-dd44-4383-aef5-87cdbf7a6f74">
          <Coords points="849,3273 899,3266 951,3262 1003,3260 1053,3259 1103,3257 1153,3255 1203,3253 1252,3250 1303,3248 1353,3247 1403,3245 1452,3242 1503,3240 1553,3239 1604,3239 1628,3239 1628,3284 1604,3284 1554,3284 1504,3285 1455,3287 1404,3290 1354,3292 1304,3293 1255,3295 1204,3298 1154,3300 1104,3302 1054,3304 1004,3305 955,3307 905,3311 855,3318"/>
          <TextEquiv>
            <Unicode>goederthierentheijt,</Unicode>
          </TextEquiv>
        </Word>
        <Word id="word_5a4c874e-b734-4957-abae-f15e0f360f69">
          <Coords points="1667,3239 1704,3239 1753,3238 1803,3236 1819,3235 1823,3280 1804,3281 1754,3283 1704,3284 1667,3284"/>
          <TextEquiv>
            <Unicode>ende</Unicode>
          </TextEquiv>
        </Word>
        <Word id="word_5b3dfbd6-d5cf-4921-8ffc-cb2b996e2b50">
          <Coords points="1859,3232 1902,3229 1953,3227 2003,3226 2054,3226 2103,3225 2155,3226 2204,3226 2210,3226 2210,3271 2204,3271 2154,3271 2104,3270 2054,3271 2004,3271 1954,3272 1905,3274 1862,3276"/>
          <TextEquiv>
            <Unicode>discretie</Unicode>
          </TextEquiv>
        </Word>
        <Word id="word_d5339373-4da0-432f-94ef-d3ccab8dd7bf">
          <Coords points="2249,3226 2254,3226 2303,3224 2354,3224 2364,3224 2365,3269 2354,3269 2304,3269 2254,3271 2249,3271"/>
          <TextEquiv>
            <Unicode>mij</Unicode>
          </TextEquiv>
        </Word>
        <Word id="word_25c06730-9254-4481-97e8-f67d39a3a490">
          <Coords points="2402,3222 2403,3222 2453,3220 2503,3219 2555,3220 2598,3221 2597,3266 2554,3265 2504,3264 2454,3265 2404,3267 2404,3267"/>
          <TextEquiv>
            <Unicode>vande</Unicode>
          </TextEquiv>
        </Word>
        <Word id="word_a2ebb1ae-b624-4b0d-a498-2fce0d93f127">
          <Coords points="2641,3222 2659,3224 2703,3223 2754,3223 2804,3223 2853,3222 2905,3224 2953,3223 2982,3220 2986,3265 2954,3268 2904,3269 2854,3267 2804,3268 2754,3268 2704,3268 2653,3269 2635,3267"/>
          <TextEquiv>
            <Unicode>verdiende</Unicode>
          </TextEquiv>
        </Word>
        <TextEquiv conf="0.9287022213599644">
          <Unicode>goederthierentheijt, ende discretie mij vande verdiende</Unicode>
        </TextEquiv>
        <TextStyle xHeight="45"/>
      </TextLine>
      <TextLine id="line_933d6d0a-033e-4a51-a5ef-865a6a09c459">
        <Coords points="778,3351 1072,3351 1343,3339 1367,3326 1375,3334 1459,3334 1467,3342 2150,3343 2733,3334 2773,3370 2789,3371 2833,3333 2898,3333 2898,3421 2753,3421 2733,3428 2235,3420 1611,3428 1567,3467 1088,3467 1037,3483 960,3483 940,3491 778,3490"/>
        <Baseline points="821,3438 871,3442 921,3442 971,3438 1021,3436 1071,3435 1121,3433 1171,3430 1221,3429 1271,3427 1321,3425 1371,3425 1421,3425 1471,3423 1521,3423 1571,3422 1621,3421 1671,3420 1721,3418 1771,3418 1821,3417 1871,3418 1921,3419 1971,3420 2021,3415 2071,3413 2121,3414 2171,3414 2221,3413 2271,3411 2321,3408 2371,3406 2421,3404 2471,3402 2521,3401 2571,3401 2621,3401 2671,3400 2721,3398 2771,3399 2821,3398 2856,3400"/>
        <Word id="word_02f7609e-f70f-44ee-81d2-f7f6f1d916c2">
          <Coords points="824,3403 874,3407 921,3407 968,3403 1020,3401 1070,3400 1120,3398 1169,3395 1210,3394 1211,3439 1172,3440 1121,3443 1071,3445 1021,3446 972,3448 921,3452 870,3452 820,3448"/>
          <TextEquiv>
            <Unicode>reprochen</Unicode>
          </TextEquiv>
        </Word>
        <Word id="word_e10f37a9-8a2d-4e78-8753-28d4e7d281aa">
          <Coords points="1251,3393 1268,3392 1320,3390 1371,3390 1421,3390 1470,3388 1514,3388 1514,3433 1471,3433 1421,3435 1371,3435 1321,3435 1272,3437 1255,3438"/>
          <TextEquiv>
            <Unicode>sullen</Unicode>
          </TextEquiv>
        </Word>
        <Word id="word_2e3d882a-c53c-434d-966e-541a51cdcb80">
          <Coords points="1554,3388 1569,3387 1620,3386 1670,3385 1720,3383 1771,3383 1820,3382 1872,3383 1904,3384 1903,3429 1871,3428 1821,3427 1771,3428 1721,3428 1671,3430 1621,3431 1572,3432 1558,3433"/>
          <TextEquiv>
            <Unicode>gelieven</Unicode>
          </TextEquiv>
        </Word>
        <Word id="word_6efcd765-89cd-4829-9185-7b0b3c9e3b76">
          <Coords points="1947,3385 1972,3385 2018,3380 2032,3380 2034,3425 2022,3425 1971,3430 1947,3430"/>
          <TextEquiv>
            <Unicode>te</Unicode>
          </TextEquiv>
        </Word>
        <Word id="word_71a4ce47-53a9-4605-9651-8a963502c4ba">
          <Coords points="2077,3378 2122,3379 2171,3379 2220,3378 2270,3376 2319,3373 2370,3371 2420,3369 2470,3367 2509,3366 2510,3411 2471,3412 2421,3414 2371,3416 2322,3418 2271,3421 2221,3423 2171,3424 2121,3424 2076,3423"/>
          <TextEquiv>
            <Unicode>releveren,</Unicode>
          </TextEquiv>
        </Word>
        <Word id="word_1fe6118d-ed26-49f3-bb03-e99ad9f4f5c5">
          <Coords points="2554,3365 2572,3366 2621,3366 2670,3365 2720,3363 2727,3363 2726,3408 2721,3408 2671,3410 2621,3411 2571,3411 2552,3410"/>
          <TextEquiv>
            <Unicode>ende</Unicode>
          </TextEquiv>
        </Word>
        <Word id="word_ae473241-3368-4c1e-bb23-0d4149f9a469">
          <Coords points="2770,3364 2772,3364 2820,3363 2858,3365 2855,3410 2821,3408 2771,3409 2769,3409"/>
          <TextEquiv>
            <Unicode>d'</Unicode>
          </TextEquiv>
        </Word>
        <TextEquiv conf="0.9514913763130549">
          <Unicode>reprochen sullen gelieven te releveren, ende d'</Unicode>
        </TextEquiv>
        <TextStyle xHeight="38"/>
      </TextLine>
      <TextLine id="line_54c06c66-0d15-42cb-96a7-a0b9d792ad32">
        <Coords points="779,3488 941,3488 965,3480 1057,3480 1077,3472 1149,3468 1564,3468 1612,3428 2176,3431 2288,3435 2308,3452 2376,3448 2384,3440 2471,3439 2479,3447 2543,3451 2859,3451 2948,3463 2948,3551 2779,3552 2771,3560 2615,3564 2535,3600 2264,3599 2252,3608 1384,3608 1229,3616 853,3612 825,3639 779,3659"/>
        <Baseline points="822,3591 872,3591 922,3586 972,3584 1022,3582 1072,3581 1122,3580 1172,3579 1222,3578 1272,3578 1322,3578 1372,3578 1422,3579 1472,3579 1522,3578 1572,3578 1622,3577 1672,3575 1722,3573 1772,3570 1822,3568 1872,3567 1922,3566 1972,3563 2022,3560 2072,3558 2122,3557 2172,3556 2222,3552 2272,3550 2322,3550 2372,3548 2422,3546 2472,3543 2522,3542 2572,3540 2622,3538 2672,3536 2722,3534 2772,3532 2822,3531 2872,3530 2906,3530"/>
        <Word id="word_10ca9b14-746a-494f-89e4-99ef60845d26">
          <Coords points="822,3556 872,3556 919,3551 971,3549 1021,3547 1071,3546 1121,3545 1132,3545 1132,3590 1122,3590 1072,3591 1022,3592 972,3594 923,3596 872,3601 822,3601"/>
          <TextEquiv>
            <Unicode>gedaene</Unicode>
          </TextEquiv>
        </Word>
        <Word id="word_69a12543-90b3-45d4-b266-9c8a6f3d0550">
          <Coords points="1176,3544 1221,3543 1272,3543 1322,3543 1372,3543 1423,3544 1443,3544 1443,3589 1422,3589 1372,3588 1322,3588 1272,3588 1222,3588 1177,3589"/>
          <TextEquiv>
            <Unicode>saecke</Unicode>
          </TextEquiv>
        </Word>
        <Word id="word_7901a1fc-ad57-444b-8c53-cb26c8c27806">
          <Coords points="1486,3544 1521,3543 1572,3543 1620,3542 1620,3587 1572,3588 1522,3588 1487,3589"/>
          <TextEquiv>
            <Unicode>ten</Unicode>
          </TextEquiv>
        </Word>
        <Word id="word_ed06f28d-51ee-4e34-8977-ecbef762f06e">
          <Coords points="1659,3542 1667,3540 1721,3538 1770,3535 1821,3533 1871,3532 1921,3531 1928,3531 1931,3575 1922,3576 1872,3577 1822,3578 1773,3580 1722,3583 1674,3585 1666,3586"/>
          <TextEquiv>
            <Unicode>goeden</Unicode>
          </TextEquiv>
        </Word>
        <Word id="word_7ae24746-b1f0-4ce5-b47b-142f29892144">
          <Coords points="1973,3528 2020,3525 2062,3523 2064,3568 2023,3570 1975,3573"/>
          <TextEquiv>
            <Unicode>te</Unicode>
          </TextEquiv>
        </Word>
        <Word id="word_15804cc7-8326-4983-9b94-068ccfc95d85">
          <Coords points="2109,3522 2123,3522 2171,3521 2219,3517 2271,3515 2322,3515 2371,3513 2421,3511 2460,3509 2463,3554 2422,3556 2372,3558 2322,3560 2272,3560 2223,3562 2172,3566 2122,3567 2108,3567"/>
          <TextEquiv>
            <Unicode>duijden,</Unicode>
          </TextEquiv>
        </Word>
        <Word id="word_ddf18376-acb9-49c8-b922-1787daa43382">
          <Coords points="2509,3506 2524,3507 2571,3505 2621,3503 2671,3501 2683,3501 2684,3546 2672,3546 2622,3548 2572,3550 2521,3552 2506,3551"/>
          <TextEquiv>
            <Unicode>doch</Unicode>
          </TextEquiv>
        </Word>
        <Word id="word_f498986b-bb1f-423b-bdd4-381e4ee3a1bf">
          <Coords points="2727,3499 2771,3497 2821,3496 2871,3495 2906,3495 2906,3540 2872,3540 2822,3541 2772,3542 2729,3544"/>
          <TextEquiv>
            <Unicode>niet</Unicode>
          </TextEquiv>
        </Word>
        <TextEquiv conf="0.9456669013736244">
          <Unicode>gedaene saecke ten goeden te duijden, doch niet</Unicode>
        </TextEquiv>
        <TextStyle xHeight="50"/>
      </TextLine>
      <TextLine id="b7618c7a-5a2b-4aed-a2c7-3ee4e2f3a517">
        <Coords points="793,3652 855,3612 1227,3616 1483,3607 2251,3608 2263,3599 2535,3600 2563,3591 2996,3589 2996,3677 2823,3672 2759,3724 2635,3772 2559,3772 2531,3747 2459,3743 1819,3748 1802,3735 1247,3736 1223,3752 1171,3764 1039,3763 991,3780 793,3779"/>
        <Baseline points="836,3728 886,3726 936,3722 986,3721 1036,3720 1086,3716 1136,3714 1186,3712 1236,3711 1286,3711 1336,3710 1386,3709 1436,3709 1486,3708 1536,3707 1586,3707 1636,3708 1686,3709 1736,3706 1786,3705 1836,3703 1886,3701 1936,3699 1986,3699 2036,3699 2086,3701 2136,3703 2186,3704 2236,3704 2286,3702 2336,3700 2386,3699 2436,3697 2486,3693 2536,3691 2586,3690 2636,3689 2686,3688 2736,3682 2786,3676 2836,3660 2886,3655 2936,3654 2954,3656"/>
        <Word id="word_490cd7b8-96f9-41e4-9ad7-82fc21e7c46f">
          <Coords points="835,3693 885,3691 933,3687 974,3686 974,3731 937,3732 886,3736 836,3738"/>
          <TextEquiv>
            <Unicode>ten</Unicode>
          </TextEquiv>
        </Word>
        <Word id="word_7c7db9a1-1c92-4ab1-8314-cf2320f316dd">
          <Coords points="1020,3685 1035,3685 1083,3681 1135,3679 1185,3677 1235,3676 1286,3676 1335,3675 1385,3674 1435,3674 1435,3719 1386,3719 1336,3720 1286,3721 1236,3721 1186,3722 1136,3724 1087,3726 1036,3730 1021,3730"/>
          <TextEquiv>
            <Unicode>jnsichte,</Unicode>
          </TextEquiv>
        </Word>
        <Word id="word_cee549ec-0325-4fcf-8339-4970a40924b3">
          <Coords points="1474,3675 1478,3674 1535,3672 1586,3672 1621,3673 1620,3718 1586,3717 1536,3717 1488,3718 1484,3719"/>
          <TextEquiv>
            <Unicode>mij</Unicode>
          </TextEquiv>
        </Word>
        <Word id="word_934b1079-de8a-4cde-ad82-d289fa5bc337">
          <Coords points="1667,3674 1687,3674 1734,3671 1785,3670 1835,3668 1849,3667 1851,3712 1836,3713 1786,3715 1737,3716 1686,3719 1666,3719"/>
          <TextEquiv>
            <Unicode>daer</Unicode>
          </TextEquiv>
        </Word>
        <Word id="word_a0209fc4-12b3-4daa-9f10-605d96dcba4a">
          <Coords points="1895,3666 1935,3664 1986,3664 2036,3664 2082,3666 2081,3711 2036,3709 1986,3709 1936,3709 1897,3711"/>
          <TextEquiv>
            <Unicode>mede</Unicode>
          </TextEquiv>
        </Word>
        <Word id="word_ee9e0efb-bb02-4402-b721-54a65b1a6ca1">
          <Coords points="2129,3668 2137,3668 2187,3669 2236,3669 2285,3667 2335,3665 2385,3664 2435,3662 2447,3661 2451,3706 2436,3707 2386,3709 2336,3710 2286,3712 2236,3714 2186,3714 2136,3713 2127,3713"/>
          <TextEquiv>
            <Unicode>d'ordre</Unicode>
          </TextEquiv>
        </Word>
        <Word id="word_00b071e3-3e54-4ed8-bcd2-a33626955ac5">
          <Coords points="2495,3657 2535,3656 2585,3655 2635,3654 2685,3653 2722,3648 2728,3693 2686,3698 2636,3699 2586,3700 2536,3701 2496,3702"/>
          <TextEquiv>
            <Unicode>vande</Unicode>
          </TextEquiv>
        </Word>
        <Word id="word_27e3fff3-86c8-4929-be6a-acdc83e666d5">
          <Coords points="2768,3643 2782,3641 2825,3627 2883,3620 2935,3619 2958,3621 2953,3666 2936,3664 2887,3665 2839,3670 2787,3686 2773,3688"/>
          <TextEquiv>
            <Unicode>h=re</Unicode>
          </TextEquiv>
        </Word>
        <TextEquiv conf="0.9070366144691687">
          <Unicode>ten jnsichte, mij daer mede d'ordre vande h=re</Unicode>
        </TextEquiv>
        <TextStyle xHeight="48"/>
      </TextLine>
      <TextLine id="line_1e27266d-74d2-480b-a88c-70dfce5b5f1e">
        <Coords points="794,3778 988,3779 1016,3775 1036,3763 1196,3759 1248,3738 1807,3734 2459,3742 2531,3746 2559,3771 2639,3771 2695,3747 2788,3746 2788,3834 2479,3830 2407,3895 2363,3895 2347,3882 1991,3882 1971,3895 1935,3899 1704,3899 1664,3915 1572,3911 1516,3935 1176,3934 1156,3914 794,3918"/>
        <Baseline points="837,3867 887,3867 937,3865 987,3863 1037,3862 1087,3861 1137,3862 1187,3862 1237,3861 1287,3858 1337,3854 1387,3852 1437,3850 1487,3848 1537,3848 1587,3847 1637,3845 1687,3845 1737,3843 1787,3841 1837,3840 1887,3837 1937,3836 1987,3836 2037,3834 2087,3833 2137,3833 2187,3831 2237,3829 2287,3826 2337,3823 2387,3820 2437,3818 2487,3814 2537,3814 2587,3816 2637,3815 2687,3814 2737,3814 2746,3813"/>
        <Word id="word_889c9835-24b8-4655-acb1-7e562febf06c">
          <Coords points="837,3832 887,3832 936,3830 986,3828 1036,3827 1086,3826 1138,3827 1187,3827 1236,3826 1265,3824 1267,3869 1237,3871 1187,3872 1137,3872 1087,3871 1037,3872 987,3873 937,3875 887,3877 837,3877"/>
          <TextEquiv>
            <Unicode>meesters,</Unicode>
          </TextEquiv>
        </Word>
        <Word id="word_ff7223ff-0e7f-4782-8e1a-9923add78e2d">
          <Coords points="1311,3822 1333,3819 1386,3817 1436,3815 1456,3814 1458,3859 1437,3860 1387,3862 1338,3864 1315,3866"/>
          <TextEquiv>
            <Unicode>van</Unicode>
          </TextEquiv>
        </Word>
        <Word id="word_a9ba62fb-a071-47f3-be33-36f077b9d8c9">
          <Coords points="1506,3812 1538,3813 1586,3812 1636,3810 1687,3810 1695,3810 1697,3855 1687,3855 1637,3855 1587,3857 1537,3858 1505,3857"/>
          <TextEquiv>
            <Unicode>noch</Unicode>
          </TextEquiv>
        </Word>
        <Word id="word_3545e3a1-dca1-45a5-ae94-dd77c28bf9ee">
          <Coords points="1742,3808 1786,3806 1836,3805 1885,3802 1936,3801 1983,3801 1983,3846 1937,3846 1888,3847 1837,3850 1787,3851 1744,3853"/>
          <TextEquiv>
            <Unicode>thien</Unicode>
          </TextEquiv>
        </Word>
        <Word id="word_afde2a1c-e35d-4c46-b1f8-27608eaf9f65">
          <Coords points="2020,3802 2027,3800 2086,3798 2137,3798 2186,3796 2236,3794 2285,3791 2314,3789 2317,3834 2288,3836 2237,3839 2187,3841 2137,3843 2087,3843 2040,3844 2033,3846"/>
          <TextEquiv>
            <Unicode>jaeren</Unicode>
          </TextEquiv>
        </Word>
        <Word id="word_cb902b47-c478-483d-861f-ff8a92e18629">
          <Coords points="2362,3786 2385,3785 2436,3783 2457,3781 2460,3826 2437,3828 2388,3830 2365,3831"/>
          <TextEquiv>
            <Unicode>jn</Unicode>
          </TextEquiv>
        </Word>
        <Word id="word_32a82dd3-fbe6-4137-88de-01196a983ee6">
          <Coords points="2509,3777 2539,3779 2588,3781 2636,3780 2686,3779 2737,3779 2742,3778 2747,3823 2737,3824 2687,3824 2637,3825 2587,3826 2536,3824 2506,3822"/>
          <TextEquiv>
            <Unicode>jndia</Unicode>
          </TextEquiv>
        </Word>
        <TextEquiv conf="0.9583250194362215">
          <Unicode>meesters, van noch thien jaeren jn jndia</Unicode>
        </TextEquiv>
        <TextStyle xHeight="46"/>
      </TextLine>
      <TextLine id="cd22b88c-dc1d-4f51-8b9a-0bba625952a0">
        <Coords points="778,3917 1159,3917 1175,3933 1519,3934 1619,3893 1934,3898 1970,3894 1990,3881 2346,3881 2362,3897 2398,3898 2446,3861 2482,3893 2857,3901 2869,3913 2981,3914 3006,3901 3006,3989 2979,3969 2965,3978 2865,3986 2634,3986 2606,4014 2542,4022 2514,4022 2501,4009 2482,4009 2474,4001 2266,4001 2030,4005 1998,4034 1207,4042 778,4037"/>
        <Baseline points="821,4021 871,4016 921,4013 971,4010 1021,4007 1071,4006 1121,4005 1171,4005 1221,4002 1271,4000 1321,3999 1371,3999 1421,3998 1471,3998 1521,3996 1571,3996 1621,3997 1671,3997 1721,3997 1771,3996 1821,3994 1871,3991 1921,3988 1971,3988 2021,3986 2071,3984 2121,3984 2171,3980 2221,3979 2271,3981 2321,3980 2371,3979 2421,3978 2471,3977 2521,3975 2571,3974 2621,3974 2671,3973 2721,3972 2771,3973 2821,3972 2871,3970 2921,3972 2964,3968"/>
        <Word id="word_e7ab7697-e44a-4116-9669-281948a2c3bb">
          <Coords points="818,3986 868,3981 904,3979 907,4024 872,4026 822,4031"/>
          <TextEquiv>
            <Unicode>te</Unicode>
          </TextEquiv>
        </Word>
        <Word id="word_e66f3cb3-2892-4afc-bc25-8c7d529476d4">
          <Coords points="947,3976 969,3975 1019,3972 1070,3971 1120,3970 1171,3970 1204,3968 1207,4013 1171,4015 1121,4015 1071,4016 1022,4017 972,4020 950,4021"/>
          <TextEquiv>
            <Unicode>moeten</Unicode>
          </TextEquiv>
        </Word>
        <Word id="word_db8f9cdd-c8cc-45e6-a838-a9c9a16d230f">
          <Coords points="1249,3965 1271,3965 1320,3964 1371,3964 1420,3963 1471,3963 1520,3961 1571,3961 1622,3962 1671,3962 1720,3962 1721,3962 1721,4007 1721,4007 1671,4007 1621,4007 1571,4006 1521,4006 1471,4008 1421,4008 1371,4009 1321,4009 1271,4010 1249,4010"/>
          <TextEquiv>
            <Unicode>verblijven,</Unicode>
          </TextEquiv>
        </Word>
        <Word id="word_42826906-c553-42e8-ba17-9dc1faf575e0">
          <Coords points="1763,3961 1770,3961 1820,3959 1869,3956 1919,3953 1971,3953 2020,3951 2070,3949 2121,3949 2168,3945 2220,3944 2272,3946 2320,3945 2363,3944 2364,3989 2321,3990 2271,3991 2221,3989 2172,3990 2121,3994 2071,3994 2021,3996 1971,3998 1922,3998 1872,4001 1821,4004 1771,4006 1764,4006"/>
          <TextEquiv>
            <Unicode>gesubjecteerdt</Unicode>
          </TextEquiv>
        </Word>
        <Word id="word_2d1325ff-6dca-4f74-b193-0e8f69bc2cf9">
          <Coords points="2406,3943 2420,3943 2470,3942 2520,3940 2570,3939 2620,3939 2621,3939 2621,3984 2621,3984 2571,3984 2521,3985 2471,3987 2421,3988 2407,3988"/>
          <TextEquiv>
            <Unicode>soude</Unicode>
          </TextEquiv>
        </Word>
        <Word id="word_fc3719a3-8e29-4fd0-adf2-f0f5eee2c608">
          <Coords points="2663,3938 2670,3938 2720,3937 2772,3938 2820,3937 2870,3935 2922,3937 2961,3933 2965,3978 2921,3982 2871,3980 2821,3982 2771,3983 2721,3982 2671,3983 2664,3983"/>
          <TextEquiv>
            <Unicode>hebben,</Unicode>
          </TextEquiv>
        </Word>
        <TextEquiv conf="0.948495727434213">
          <Unicode>te moeten verblijven, gesubjecteerdt soude hebben,</Unicode>
        </TextEquiv>
        <TextStyle xHeight="44"/>
      </TextLine>
      <TextLine id="line_83be0519-2395-4830-85f1-3f2b641aeaf5">
        <Coords points="782,4037 1211,4041 2050,4032 2066,4045 2347,4044 2414,4041 2422,4033 2577,4028 2609,4049 2766,4049 2766,4137 2701,4137 2693,4145 2123,4152 1910,4152 1903,4145 1866,4145 1735,4149 1707,4153 1699,4161 1167,4160 1155,4169 782,4165"/>
        <Baseline points="825,4157 875,4153 925,4150 975,4149 1025,4150 1075,4150 1125,4148 1175,4148 1225,4147 1275,4145 1325,4145 1375,4145 1425,4144 1475,4145 1525,4143 1575,4142 1625,4143 1675,4142 1725,4141 1775,4141 1825,4140 1875,4138 1925,4136 1975,4136 2025,4133 2075,4130 2125,4128 2175,4127 2225,4126 2275,4124 2325,4122 2375,4122 2425,4121 2475,4119 2525,4117 2575,4117 2625,4116 2675,4115 2724,4116"/>
        <Word id="word_3a41ff2a-ebf0-4986-971f-4f3bf1d72839">
          <Coords points="822,4122 872,4118 923,4115 974,4114 1026,4115 1056,4115 1056,4160 1025,4160 975,4159 926,4160 876,4163 826,4167"/>
          <TextEquiv>
            <Unicode>welck</Unicode>
          </TextEquiv>
        </Word>
        <Word id="word_54f143c0-a27d-4b34-8982-d3d32557e832">
          <Coords points="1100,4115 1122,4113 1175,4113 1224,4112 1274,4110 1325,4110 1375,4110 1380,4110 1381,4155 1375,4155 1325,4155 1275,4155 1225,4157 1175,4158 1126,4158 1104,4160"/>
          <TextEquiv>
            <Unicode>(onder</Unicode>
          </TextEquiv>
        </Word>
        <Word id="word_ac9d7519-f12f-4147-a43f-17fa4d3ad282">
          <Coords points="1428,4109 1476,4110 1524,4108 1574,4107 1626,4108 1674,4107 1724,4106 1775,4106 1824,4105 1874,4103 1924,4101 1937,4101 1937,4146 1925,4146 1875,4148 1825,4150 1775,4151 1725,4151 1675,4152 1625,4153 1575,4152 1525,4153 1475,4155 1427,4154"/>
          <TextEquiv>
            <Unicode>reverentie)</Unicode>
          </TextEquiv>
        </Word>
        <Word id="word_af20158e-e848-4b6f-85ab-95cdcb2c1a7b">
          <Coords points="1980,4101 2023,4098 2073,4095 2120,4093 2122,4138 2076,4140 2026,4143 1984,4146"/>
          <TextEquiv>
            <Unicode>soo</Unicode>
          </TextEquiv>
        </Word>
        <Word id="word_ecc38f12-f77a-4c9f-8d97-964950faadb9">
          <Coords points="2172,4091 2179,4092 2224,4091 2274,4089 2324,4087 2375,4087 2399,4087 2400,4132 2375,4132 2325,4132 2275,4134 2225,4136 2174,4137 2167,4136"/>
          <TextEquiv>
            <Unicode>nieds</Unicode>
          </TextEquiv>
        </Word>
        <Word id="word_b3d077d3-12bd-464f-a806-105cd7d5c991">
          <Coords points="2444,4086 2473,4084 2524,4082 2539,4082 2539,4127 2525,4127 2476,4129 2446,4131"/>
          <TextEquiv>
            <Unicode>en</Unicode>
          </TextEquiv>
        </Word>
        <Word id="word_33c00386-e4cf-425a-b89c-7536d9ecbcaf">
          <Coords points="2584,4082 2624,4081 2674,4080 2725,4081 2724,4126 2675,4125 2625,4126 2585,4127"/>
          <TextEquiv>
            <Unicode>kan</Unicode>
          </TextEquiv>
        </Word>
        <TextEquiv conf="0.9117764628551612">
          <Unicode>welck (onder reverentie) soo nieds en kan</Unicode>
        </TextEquiv>
        <TextStyle xHeight="41"/>
      </TextLine>
      <TextLine id="line_0317f7ed-a427-4c39-8899-dba90ea7b333">
        <Coords points="770,4185 2550,4180 2566,4193 2754,4192 2774,4212 2959,4219 2959,4307 2910,4309 2830,4389 2315,4388 2303,4380 2247,4380 2239,4372 1108,4373 1088,4364 770,4365"/>
        <Baseline points="813,4317 863,4312 913,4311 963,4309 1013,4309 1063,4308 1113,4307 1163,4306 1213,4305 1263,4304 1313,4303 1363,4301 1413,4299 1463,4297 1513,4296 1563,4293 1613,4292 1663,4292 1713,4291 1763,4291 1813,4290 1863,4288 1913,4285 1963,4282 2013,4280 2063,4278 2113,4277 2163,4278 2213,4277 2263,4277 2313,4276 2363,4276 2413,4275 2463,4276 2513,4276 2563,4276 2613,4276 2663,4277 2713,4278 2763,4278 2813,4280 2863,4283 2913,4288 2917,4286"/>
        <Word id="word_c3b48a15-56c2-4396-aab7-e5107e286b5e">
          <Coords points="810,4282 860,4277 912,4276 962,4274 1013,4274 1062,4273 1112,4272 1162,4271 1212,4270 1262,4269 1291,4268 1291,4313 1263,4314 1213,4315 1163,4316 1113,4317 1063,4318 1013,4319 963,4319 913,4321 864,4322 814,4327"/>
          <TextEquiv>
            <Unicode>Begrijpen,</Unicode>
          </TextEquiv>
        </Word>
        <Word id="word_08380d4d-926d-4518-99d0-17703cb0f2d1">
          <Coords points="1337,4268 1361,4266 1412,4264 1462,4262 1512,4261 1528,4260 1531,4305 1513,4306 1463,4307 1413,4309 1364,4311 1340,4312"/>
          <TextEquiv>
            <Unicode>veel</Unicode>
          </TextEquiv>
        </Word>
        <Word id="word_451ee7ca-5d04-4c97-9387-8046e6fd693d">
          <Coords points="1578,4257 1613,4257 1663,4257 1712,4256 1722,4256 1722,4301 1713,4301 1663,4302 1613,4302 1578,4302"/>
          <TextEquiv>
            <Unicode>min</Unicode>
          </TextEquiv>
        </Word>
        <Word id="word_ed93e28a-d17f-4e61-864f-b51133889e43">
          <Coords points="1769,4256 1812,4255 1862,4253 1911,4250 1961,4247 2012,4245 2062,4243 2112,4242 2153,4243 2152,4288 2113,4287 2063,4288 2013,4290 1964,4292 1914,4295 1863,4298 1813,4300 1770,4301"/>
          <TextEquiv>
            <Unicode>Bevinden</Unicode>
          </TextEquiv>
        </Word>
        <Word id="word_de284ae8-25f7-4874-98d4-676379db10fd">
          <Coords points="2195,4244 2208,4242 2263,4242 2312,4241 2363,4241 2391,4240 2391,4285 2363,4286 2313,4286 2263,4287 2214,4287 2201,4289"/>
          <TextEquiv>
            <Unicode>dese</Unicode>
          </TextEquiv>
        </Word>
        <Word id="word_1b556dea-c861-4a99-8d51-36dada418157">
          <Coords points="2441,4240 2465,4241 2513,4241 2563,4241 2613,4241 2664,4242 2679,4242 2678,4287 2663,4287 2613,4286 2563,4286 2513,4286 2462,4286 2438,4284"/>
          <TextEquiv>
            <Unicode>ordre</Unicode>
          </TextEquiv>
        </Word>
        <Word id="word_c202e194-1f32-4dea-ba44-0bb11a95acd9">
          <Coords points="2726,4243 2763,4243 2814,4245 2865,4248 2901,4255 2916,4253 2921,4295 2912,4298 2862,4293 2813,4290 2763,4288 2726,4288"/>
          <TextEquiv>
            <Unicode>mij,</Unicode>
          </TextEquiv>
        </Word>
        <TextEquiv conf="0.9306874537011237">
          <Unicode>Begrijpen, veel min Bevinden dese ordre mij,</Unicode>
        </TextEquiv>
        <TextStyle xHeight="61"/>
      </TextLine>
    </TextRegion>
    <TextRegion id="region_04739eed-b908-44c5-ac21-4823baa8cce0_2" custom="structure {type:catch-word;}">
      <Coords points="2870,4453 2867,4449 2867,4435 2863,4432 2863,4425 2860,4421 2860,4418 2853,4411 2853,4407 2839,4393 2835,4393 2829,4386 2825,4386 2822,4383 2818,4383 2808,4372 2808,4369 2801,4369 2797,4372 2776,4372 2773,4376 2769,4376 2766,4379 2762,4379 2759,4383 2623,4383 2620,4379 2581,4379 2574,4386 2571,4386 2557,4400 2557,4404 2553,4407 2553,4411 2550,4414 2550,4442 2546,4446 2546,4474 2550,4477 2550,4484 2553,4487 2553,4491 2567,4505 2571,4505 2574,4508 2581,4508 2585,4512 2613,4512 2616,4515 2665,4515 2668,4512 2769,4512 2773,4515 2811,4515 2815,4512 2825,4512 2829,4508 2835,4508 2839,4505 2846,4505 2853,4498 2856,4498 2863,4491 2863,4487 2870,4480"/>
      <TextLine id="line_4dabf117-f885-4c4d-887a-daa67db7f085">
        <Coords points="2527,4398 2839,4398 2847,4406 2912,4406 2919,4413 2919,4501 2527,4500"/>
        <Baseline points="2570,4480 2620,4481 2670,4479 2720,4478 2770,4478 2820,4480 2870,4480 2877,4480"/>
        <Word id="word_4848bf90-07fd-48c6-8ade-f81cbdcdb32c">
          <Coords points="2571,4445 2621,4446 2669,4444 2719,4443 2770,4443 2821,4445 2870,4445 2877,4445 2877,4490 2870,4490 2820,4490 2770,4488 2720,4488 2670,4489 2620,4491 2570,4490"/>
          <TextEquiv>
            <Unicode>moek</Unicode>
          </TextEquiv>
        </Word>
        <TextEquiv conf="0.7581849778234171">
          <Unicode>moek</Unicode>
        </TextEquiv>
        <TextStyle xHeight="37"/>
      </TextLine>
    </TextRegion>
  </Page>
</PcGts>
