3478 4985
1211 434 1348 480 voor
1382 434 1555 482 Japan
1588 438 1898 485 dienstich
1932 439 2106 487 wesen
2132 440 2275 488 zal,
2309 442 2448 491 ende
2481 448 2550 494 om
2583 449 2687 495 dat
2721 449 2997 500 bevinden
3030 457 3099 502 in
3133 454 3340 502 'teene

1265 541 1365 587 den
1399 542 1566 590 paijs
1599 544 1699 590 wat
1732 544 1968 591 geresen
1999 547 2134 593 ende
2166 549 2235 596 't
2267 553 2434 599 ander
2466 554 2701 602 wederom
2734 557 2968 604 gedaalt
3001 559 3202 608 hebben
3235 563 3342 612 den

1263 649 1468 699 eijsch
1502 651 1879 698 eenicgsints
1913 652 2051 699 daer
2083 655 2186 701 nae
2220 656 2460 704 gesteld
2492 658 2597 705 als
2631 660 2837 706 vuints
2870 662 3110 712 lijwaat
3144 665 3315 713 weij„

1282 757 1383 808 heo
1408 761 1510 810 ger
1542 760 1608 806 de
1640 759 2000 808 quantiteijt
2030 764 2324 812 vermedert
2356 764 2584 812 wederom
2616 765 2682 810 de
2712 763 3040 810 haempoerij
3072 765 3365 811 percallen

1272 871 1400 919 ect'
1431 868 1526 915 wat
1557 866 1716 912 leger
1747 866 1811 911 de
1842 866 2191 918 quantiteijt
2222 874 2570 921 vermindert,
2599 875 2665 922 in
2695 872 2855 920 allen
2886 868 3108 917 gevalle
3138 862 3346 913 zullen

1274 984 1345 1033 de
1378 979 1621 1028 winsten
1655 978 1794 1024 vant
1827 979 2104 1026 verleden
2137 981 2275 1027 haer
2308 981 2413 1027 met
2445 979 2517 1026 de
2551 975 2724 1024 geene
2758 974 2930 1020 desen
2964 971 3138 1018 Iaare
3171 971 3250 1020 op

1263 1093 1630 1141 voorschreve
1663 1090 1797 1137 Cust
1829 1089 2062 1135 doecken
2096 1090 2329 1136 prorato
2362 1088 2595 1136 incoops
2628 1083 2894 1133 costende
2927 1080 3194 1128 bevonden
3227 1079 3360 1126 geln

1260 1210 1383 1257 ofte
1413 1208 1656 1254 weijnich
1686 1210 2021 1256 differentie
2050 1211 2233 1259 geven,
2263 1213 2536 1260 weshalven
2566 1213 2658 1259 oot
2688 1213 2780 1259 den
2808 1212 2992 1260 eijsch
3021 1209 3235 1258 gelijck
3265 1209 3356 1256 ge„

1263 1318 1483 1369 seggen
1519 1319 1665 1364 daer
1701 1318 1812 1364 nae
1847 1320 2068 1369 gerich
2102 1326 2212 1371 tet
2248 1326 2322 1372 de
2357 1325 2540 1371 zomma
2577 1326 2686 1371 van
2723 1325 2796 1371 't
2832 1323 3124 1371 Bedragen
3159 1318 3307 1368 heer

1259 1433 1461 1483 nadaer
1494 1433 1628 1479 mede
1660 1434 1794 1482 Comt
1826 1437 1893 1482 't
1926 1437 2293 1494 accorderen,
2324 1447 2524 1495 moerij
2557 1446 2691 1492 ende
2723 1447 2989 1494 zarassen
3022 1447 3155 1493 voor
3188 1446 3356 1496 Japon

1260 1553 1655 1601 ondrenstich,
1686 1554 1786 1602 als
1818 1553 2017 1603 beijde
2048 1560 2279 1611 verlies
2311 1567 2576 1613 gevende,
2607 1568 2771 1614 hebbe
2804 1566 3133 1613 eenelijcke
3166 1566 3332 1612 inden

1255 1669 1469 1716 eijsch
1504 1671 1789 1719 begrepen
1823 1675 1966 1721 voor
2000 1677 2249 1725 tonkin,
2284 1678 2497 1725 alwaer
2531 1679 2675 1725 mede
2708 1676 2852 1723 geen
2887 1676 3030 1723 ofte
3064 1672 3349 1722 weijnice

1258 1779 1554 1827 profheijt
1586 1783 1652 1828 op
1683 1782 1883 1829 gedaen
1914 1785 2080 1835 werd,
2112 1791 2309 1839 echter
2342 1794 2408 1840 om
2439 1795 2539 1841 den
2572 1796 2769 1843 Conink
2800 1796 2868 1842 te
2900 1796 3163 1843 vcrijven
3196 1794 3329 1844 ende

1266 1899 1437 1945 gunst
1470 1900 1538 1947 te
1571 1901 1878 1950 behouden,
1911 1905 2082 1953 mogen
2115 1909 2183 1955 de
2217 1910 2386 1955 zelve
2420 1910 2557 1957 niet
2590 1912 2930 1961 excuseren,
2963 1915 3167 1962 indien
3198 1908 3268 1959 de

1251 2015 1420 2063 chits
1454 2013 1588 2060 ende
1621 2013 1891 2063 harassen
1924 2018 2025 2065 nae
2058 2020 2127 2068 de
2159 2024 2430 2074 monsters
2462 2030 2529 2077 't
2562 2032 2832 2084 verleden
2865 2039 3000 2085 daer
3033 2040 3134 2087 van
3168 2036 3303 2087 hier

1248 2129 1553 2176 derwaarts
1587 2131 1858 2180 gesonden
1891 2136 2094 2185 conden
2127 2140 2400 2195 Becomen,
2428 2150 2737 2200 'tschijnt
2769 2155 2837 2200 zo
2871 2155 2973 2201 wel
3006 2157 3108 2204 hur
3139 2155 3244 2202 als

1252 2244 1324 2291 in
1360 2243 1574 2289 tonkin
1608 2245 1786 2294 goede
1821 2249 2179 2307 profeijten
2213 2263 2286 2311 op
2319 2267 2570 2319 Brengen
2604 2275 2746 2323 ende
2780 2277 2854 2323 op
2889 2273 3102 2323 beijde
3135 2269 3351 2317 plaats

1250 2359 1349 2406 tot
1381 2359 1744 2413 schenckagie
1775 2369 2072 2421 aengenaem
2101 2378 2235 2432 ende
2266 2389 2561 2437 dienstich
2593 2393 2757 2443 wesen
2790 2398 2989 2448 hullen

1931 2519 2054 2568 „seer

740 2558 1123 2610 Tasfachela
1160 2558 1465 2611 Gingange
1502 2567 1654 2614 sijn
1691 2568 1844 2617 hier
1882 2572 2225 2620 aengenaem
2261 2574 2414 2620 suar
2451 2575 2642 2625 Boven
2679 2581 2795 2629 die
2831 2586 2946 2634 tot
2983 2590 3326 2643 schenckag

1237 2676 1534 2725 gebruijct
1566 2681 1633 2727 in
1664 2682 1797 2728 twee
1830 2683 2095 2732 partijen
2126 2688 2390 2736 vercocht
2423 2691 2686 2740 zeijnde,
2718 2694 2785 2740 d'
2817 2695 3017 2746 eerste
3048 2702 3214 2751 ruijm

1235 2796 1305 2842 85
1338 2792 1479 2840 ende
1513 2792 1583 2837 d'
1618 2792 1863 2840 Jongste
1896 2796 2175 2844 ongeveek
2209 2798 2314 2845 110
2347 2797 2453 2846 per
2487 2801 2662 2850 Cento
2696 2803 3044 2852 avanceeken
3079 2801 3218 2851 doch

1224 2898 1362 2944 voor
1396 2899 1569 2947 desen
1600 2901 1707 2948 nae
1739 2901 1983 2949 Bevinde
2016 2906 2120 2954 van
2154 2910 2257 2956 een
2291 2911 2430 2958 drie
2464 2914 2739 2965 Gegeven,
2774 2920 2843 2965 de
2876 2918 3050 2965 desen
3083 2916 3257 2964 Jaare

1236 3004 1489 3052 becomen
1525 3007 1669 3053 sijn
1706 3008 1850 3054 alle
1886 3010 2103 3058 Cruijs
2138 3014 2282 3061 ofte
2318 3016 2535 3067 ruijts
2570 3023 2788 3074 gewijs
2822 3026 3112 3075 Gestrecp
3145 3026 3219 3073 te

1241 3120 1520 3166 gewetst,
1554 3120 1869 3170 derhalven
1903 3125 2042 3171 veel
2076 3124 2287 3171 minder
2318 3125 2600 3174 begeert,
2634 3130 2739 3176 wes
2771 3128 2879 3174 dan
2913 3129 3266 3179 versoecken

1225 3231 1301 3277 de
1339 3232 1759 3280 toecommende
1796 3234 1988 3280 metst
2026 3234 2179 3280 alle
2217 3235 2294 3281 de
2332 3236 2791 3286 gelegentheit
2828 3240 3251 3290 toelatende,

1232 3340 1379 3388 door
1415 3343 1635 3390 gaande
1672 3345 1892 3393 langhs
1929 3347 2075 3393 ende
2112 3347 2259 3394 nies
2295 3349 2516 3399 cruijs
2552 3353 2699 3400 wijs
2735 3354 3066 3401 Gestreept
3101 3355 3288 3404 mogen

1227 3458 1428 3507 wesen,
1460 3458 1595 3504 doch
1628 3457 1828 3504 eenige
1860 3457 1995 3504 daer
2028 3459 2195 3506 onder
2228 3461 2461 3510 lopende
2494 3465 2594 3514 can
2628 3467 2895 3515 weijnich
2927 3466 3165 3519 schaden

733 3664 849 3712 wel
887 3661 1004 3708 eck
1039 3657 1273 3705 hebben
1311 3658 1543 3707 alhier
1582 3661 1659 3707 de
1697 3661 2084 3711 halpicados
2122 3665 2202 3712 in
2238 3669 2470 3719 groote
2507 3671 2779 3719 exctime
2817 3671 3088 3719 Gewitst
3125 3672 3283 3722 doch

1205 3773 1521 3820 naderland
1555 3772 1801 3819 vervuld
1835 3771 1941 3817 van
1975 3766 2501 3816 veenderwaarden,
2536 3766 2677 3812 maer
2710 3763 2852 3810 alzo
2887 3763 2957 3810 in
2991 3761 3202 3808 langen

1211 3880 1338 3928 tijt
1369 3876 1556 3927 genige
1587 3873 1868 3920 herwaarts
1899 3870 2148 3918 gesonden
2179 3870 2336 3916 zijn,
2366 3872 2492 3919 ende
2522 3874 2616 3922 van
2647 3877 2741 3923 een
2772 3878 2865 3923 der
2896 3878 3115 3924 tolcken
3146 3879 3336 3926 aenge„

1214 3993 1384 4039 maant
1417 3990 1520 4037 sij
1552 3986 1655 4033 tot
1689 3978 2063 4030 schenckagie
2091 3979 2301 4026 eenige
2332 3981 2402 4027 te
2435 3982 2809 4034 versoecken,
2840 3990 2911 4040 zo
2941 3995 3113 4041 hebbe
3146 3994 3249 4041 als

1208 4109 1284 4158 in
1320 4106 1725 4153 voorstaande
1761 4104 1982 4152 eijsch
2016 4105 2092 4153 de
2128 4105 2311 4150 helft
2348 4105 2788 4153 Geschiederde
2824 4104 2899 4150 d'
2935 4105 3303 4159 anderhelft

1210 4223 1539 4271 ordinarij
1576 4225 1722 4271 2004
1757 4221 1869 4268 tot
1905 4223 2015 4271 een
2050 4222 2271 4269 proeve
2307 4223 2636 4272 Gevordert
2672 4225 2783 4272 met
2819 4225 3186 4274 vertrouwen

2744 4396 2921 4446 niet
2964 4391 3321 4443 alleen/.
