3567 4883
1238 729 1401 776 Die
1455 726 1619 773 van
1672 725 1836 772 hem
1888 722 2271 772 gegeven
2324 722 2706 770 werden,
2758 724 2868 771 op
2922 723 3164 771 zijn

1258 863 1591 922 Billick
1635 856 2018 908 versoecq
2064 857 2159 903 d'
2207 857 2397 903 novo
2444 857 2634 904 voor
2681 853 2918 902 drije
2965 852 3251 901 achter

1261 989 1415 1037 een
1466 978 1876 1033 volgende
1926 972 2234 1021 jaeren
2284 968 2849 1017 aengenomen,
2897 966 3105 1016 ende
3154 966 3258 1011 de

1255 1108 1758 1163 qualiteijt
1806 1111 1958 1159 van
2008 1110 2158 1156 der
2207 1106 2559 1155 Coopman
2608 1100 2911 1151 nevens
2959 1095 3126 1142 een

1256 1240 1841 1298 tractamendt
1892 1235 2054 1285 van
2106 1231 2320 1279 twee
2372 1228 2479 1273 en
2532 1217 2904 1273 dertich
2926 1205 3331 1254 guldens

1274 1367 1423 1415 ter
1472 1365 1769 1415 maendt
1817 1345 2362 1408 toegeleijdt
2409 1347 2509 1393 't
2556 1340 2855 1391 nieuwe
2902 1332 3300 1385 verbandt

1262 1487 1459 1536 ende
1506 1485 1605 1530 d'
1650 1472 2243 1530 verbeteringh
2290 1463 2439 1515 van
2487 1447 3028 1505 qualiteijt,
3076 1437 3275 1490 ende

1258 1613 1521 1673 Gagie
1572 1607 1785 1657 p=mo
1827 1605 2091 1665 maija
2142 1583 2713 1648 avnstaende,
2763 1576 2921 1627 als
2972 1570 3337 1620 wanneer

1251 1741 1534 1790 sijnen
1578 1734 1770 1784 tijt
1816 1730 1958 1778 ten
2005 1725 2288 1773 vollen
2331 1713 2901 1770 g'Expireerdt
2936 1703 3136 1756 sall
3183 1701 3372 1748 sijn

1246 1870 1437 1924 aen
1497 1855 1814 1914 vancq
1876 1843 2318 1897 nemende
2375 1841 2443 1893 —

1130 2095 1569 2166 Nicodaes
1620 2086 1895 2139 Balij
1949 2083 2113 2130 van
2165 2075 2656 2128 amsterdam
2708 2071 2819 2120 in
2873 2067 3149 2117 jndia

1228 2209 1651 2263 Gecomen
1711 2207 1893 2254 met
1952 2204 2316 2254 tschip
2372 2197 2739 2246 nieuw:
2799 2193 3347 2244 amsterdam

1227 2343 1320 2397 Ao
1360 2330 1542 2384 1641
1584 2320 1765 2373 inde
1810 2315 2033 2363 maent
2078 2314 2301 2361 junio
2345 2309 2525 2358 voor
2568 2302 3016 2353 adsistendt
3059 2304 3375 2354 hebbend

1254 2460 1354 2510 nu
1401 2454 1548 2503 een
1596 2445 2036 2498 geruijmen
2083 2440 2279 2488 tijt
2326 2439 2474 2486 des
2522 2441 2621 2487 E:
2664 2425 2960 2482 Comp„s
3008 2420 3303 2469 dienst

1231 2584 1333 2635 in
1380 2565 1832 2626 Bengaelen
1876 2563 2031 2609 tot
2066 2561 2281 2608 goet
2327 2553 2729 2605 genougen
2770 2551 2879 2598 en
2928 2544 3380 2595 contenten

1242 2707 1398 2758 van
1448 2695 1654 2750 sijn
1704 2679 2064 2738 meerder
2115 2669 2730 2722 waergenomen,
2780 2667 2987 2716 ende
3035 2661 3243 2712 sich

1241 2811 1692 2876 deurgaens
1740 2803 1942 2855 well
1990 2792 2644 2848 gecomporteert
2692 2795 2843 2842 als
2893 2792 3094 2839 oocq
3142 2784 3344 2836 inde

1157 2935 1845 3038 Gelegentheijt
1895 2931 2375 2979 derwaerts
2427 2919 2960 2975 redelijcke
3011 2911 3278 2968 goede

1217 3076 1655 3150 kennisse
1707 3068 2141 3120 becomen,
2193 3064 2411 3114 wert
2464 3063 2573 3110 op
2624 3052 2843 3106 zijn
2896 3044 3279 3095 Billick

1244 3211 1664 3264 versoeck,
1710 3207 1898 3256 ende
1943 3200 2132 3251 omme
2178 3196 2272 3243 d'
2314 3186 2646 3242 Luijden
2690 3181 2832 3229 die
2878 3176 3019 3225 wel
3063 3168 3264 3219 doen

1249 3338 1670 3401 meerende
1720 3327 1931 3380 meer
1982 3326 2087 3372 te
2134 3312 2767 3371 courageeren,
2819 3307 3081 3356 midts
3133 3304 3343 3355 sijn

1236 3476 1443 3526 tijt
1494 3468 1906 3522 jncorten
1951 3461 2214 3514 staet
2264 3455 2831 3510 t'expireren
2878 3451 3036 3499 Bij
3077 3448 3356 3496 desen

1239 3618 1331 3665 do
1371 3615 1556 3665 novo
1600 3606 1782 3657 voor
1826 3602 2052 3649 drije
2097 3599 2368 3647 achter
2413 3595 2548 3644 een
2593 3589 2954 3639 volgende
2999 3587 3319 3638 jaeren.

1237 3733 1758 3804 aengenomen,
1805 3729 1993 3777 ende
2040 3726 2135 3773 d'
2181 3715 2652 3770 qualiteijt
2699 3714 2841 3761 van
2885 3712 3362 3759 ondercoopm

1245 3872 1515 3919 nevens
1557 3864 1695 3915 een
1727 3850 2189 3907 Belooningh
2233 3846 2369 3894 van
2414 3842 2594 3890 twee
2637 3841 2729 3889 en
2771 3839 3088 3890 dartich
3132 3832 3315 3885 gls.

1237 3994 1401 4042 ter
1455 3992 1784 4038 maendt
1838 3986 2441 4040 toegeleijdt
2494 3984 2878 4033 tnieuwe
2932 3980 3319 4029 verbant

1249 4113 1444 4167 ende
1489 4106 2162 4159 d'verbeteringh
2208 4100 2353 4150 van
2401 4094 2881 4145 qualiteijt
2927 4091 3120 4138 ende
3167 4083 3409 4137 gagie

1292 4205 1437 4251 mo

1240 4244 1431 4305 p=mo
1477 4239 1710 4287 junjo
1754 4223 2219 4286 aenstaende
2265 4216 2405 4266 als
2451 4210 2776 4260 wanneer
2821 4212 3101 4261 sijnen
3146 4217 3333 4265 tijt

1238 4373 1375 4420 ten
1418 4367 1692 4416 vollen
1737 4354 2237 4411 g'expireert
2276 4350 2464 4398 sall
2509 4348 2692 4395 sijn
2735 4342 3101 4393 aenvanck

1237 4486 1830 4557 nemende
