3553 4917
2791 311 2958 362 651

922 576 1185 625 Bejegend
1218 578 1283 625 de
1316 579 1641 633 schemkagie
1673 586 1773 633 bij
1804 588 1934 634 alle
1967 588 2164 636 heeren
2194 589 2586 638 geaccepteert
2618 594 2847 644 excepto
2878 600 2976 649 do„

931 696 1024 744 ino
1054 698 1331 747 'tatomijd
1361 700 1485 750 onne
1514 706 1668 754 zoone
1699 707 1884 753 vanden
1913 708 2068 754 onden
2098 709 2374 756 overleden
2405 709 2528 755 raad
2558 708 2620 754 te
2649 708 2773 754 heek
2803 708 2958 758 oija„

930 819 1092 866 donne
1124 820 1255 866 doch
1285 822 1415 870 uijt
1447 825 1576 871 geen
1609 826 2094 873 ongenegentheijt
2126 825 2223 872 tot
2254 824 2320 873 de
2348 825 2546 873 Comp:e
2578 822 2707 870 maer
2740 821 2967 869 gelijck

937 940 1059 986 voor
1088 942 1239 989 desen
1268 945 1719 993 beleeffdelijcke
1749 947 2110 997 geexccuseert
2139 951 2230 997 als
2260 951 2470 998 buijten
2499 950 2620 996 zijn
2650 948 2801 995 Cango
2830 945 3011 992 doende

937 1064 1035 1113 ons
1066 1064 1323 1112 weijnich
1355 1067 1517 1116 dagen
1547 1072 1676 1120 voor
1707 1074 1805 1120 ons
1835 1076 2093 1125 vertreck
2124 1080 2383 1128 'tsijnen
2408 1082 2604 1130 huijse
2636 1082 2861 1131 roepen,
2893 1086 3024 1135 naer

943 1188 1140 1236 eenige
1173 1188 1597 1245 gelegentheden
1627 1202 1857 1251 vraegen
1887 1207 2020 1255 doch
2050 1212 2149 1258 van
2180 1214 2473 1261 weijnich,
2505 1215 2863 1265 Importantie
2894 1216 2995 1264 als

939 1306 1027 1355 van
1055 1310 1201 1358 crijs
1228 1315 1546 1369 handelinge,
1573 1325 1747 1373 needer
1775 1329 1920 1377 lants
1948 1332 2209 1385 manieren,
2236 1341 2611 1394 vermaektheijt
2639 1350 2727 1397 der
2755 1354 3015 1406 volckeren

947 1429 1041 1476 bij
1072 1431 1199 1481 dese
1229 1437 1387 1486 eeuwe
1418 1441 1481 1487 in
1512 1442 1577 1490 't
1606 1446 1890 1498 bandteren
1920 1453 2016 1502 van
2046 1458 2205 1506 wapen
2234 1463 2362 1512 ende
2391 1468 2584 1521 eenige
2610 1478 2970 1539 mediceijnen

940 1551 1173 1602 gelijck
1204 1557 1305 1604 bij
1337 1560 1570 1612 memorie
1600 1569 1734 1618 mede
1766 1574 1998 1627 gegeven
2029 1584 2294 1636 versoect
2326 1592 2394 1638 in
2425 1594 2789 1647 toecommende
2817 1596 2887 1647 te

939 1677 1101 1724 mogen
1131 1681 1419 1734 erlangen,
1450 1689 1547 1735 ons
1577 1692 1769 1743 voorts
1800 1697 1897 1746 nae
1927 1702 1992 1748 de
2023 1704 2247 1755 Iapanse
2278 1711 2438 1759 wijse
2469 1715 2852 1771 tractetkende
2883 1725 2983 1776 ge„

937 1802 1268 1859 dimitteert,
1295 1815 1446 1863 boven
1474 1820 1535 1866 de
1564 1822 1744 1872 belken
1773 1828 1834 1875 't
1863 1831 2102 1883 verleden
2131 1839 2252 1887 Iaer
2280 1843 2610 1893 schenckagie
2639 1849 2913 1904 ontfangen

944 1928 1130 1975 hebben
1159 1930 1254 1977 een
1283 1934 1469 1982 tweede
1498 1938 1839 1996 leekmetster
1868 1952 1992 2000 ofte
2022 1956 2085 2004 op
2114 1960 2332 2010 ziender
2361 1967 2547 2018 vanden
2576 1974 2762 2025 prince
2792 1980 2962 2027 desen

941 2052 1097 2098 Iaare
1127 2053 1437 2105 schenkagie
1468 2060 1688 2115 gedaen,
1716 2071 1780 2117 zo
1809 2074 1903 2121 dat
1933 2077 2339 2140 zeeckerlijcke
2367 2097 2679 2153 vertrouwen
2707 2108 2926 2158 gelijck

948 2167 1076 2219 uijt
1106 2175 1202 2223 het
1232 2179 1518 2233 verhaalde
1546 2190 1675 2241 ende
1704 2198 1894 2251 andere
1923 2206 2365 2264 omstandicheden
2397 2219 2491 2266 mij
2521 2220 2775 2270 bejegent
2806 2224 2932 2270 niet

936 2299 1117 2347 anders
1147 2300 1238 2347 can
1264 2302 1536 2356 bespeuren
1563 2312 1655 2362 off
1683 2318 1743 2366 d'
1772 2322 1953 2375 Comp:e
1981 2332 2370 2390 gelegentheijt
2398 2346 2459 2392 is
2488 2348 2667 2399 alhier
2696 2354 2756 2399 in
2786 2354 2968 2403 goeden

938 2415 1344 2476 verseekkerden
1373 2432 1561 2481 stand,
1591 2437 1655 2484 zo
1684 2441 1841 2493 lange
1870 2450 1995 2501 gees
2025 2457 2306 2513 pnheijlen
2336 2469 2462 2516 ofte
2491 2472 2709 2524 foulsen
2740 2480 2926 2531 tegens

941 2542 1194 2592 keijsers
1225 2547 1446 2597 strucke
1477 2553 1698 2606 geboden
1728 2562 1920 2615 begaen
1948 2573 2044 2622 dat
2073 2578 2170 2627 ten
2199 2583 2545 2643 principalen
2577 2598 2704 2647 ofte
2734 2604 2829 2651 wel
2860 2606 2954 2657 int

948 2665 1151 2713 geheel
1183 2669 1252 2717 de
1283 2674 1688 2734 cristenheijt
1719 2691 1990 2746 betreft,
2021 2701 2257 2753 'twelck
2290 2708 2392 2754 ooc
2424 2709 2526 2756 mij
2559 2711 2662 2760 nae
2693 2717 2929 2768 gedaene

937 2789 1314 2840 reverentie
1351 2795 1503 2845 voor
1539 2801 1994 2858 keijserlijke
2028 2816 2294 2866 maijs„t
2330 2823 2445 2870 ten
2481 2827 2708 2875 tweede
2745 2829 2934 2878 maale

945 2914 1141 2962 voorde
1171 2918 1336 2967 rijer
1367 2923 1563 2971 raaden
1595 2925 1856 2976 geroepen
1887 2932 2051 2980 uijts
2082 2936 2343 2985 keijsers
2375 2938 2506 2985 name
2537 2941 2603 2987 op
2635 2942 2961 2993 'thoochste

947 3042 1138 3088 bevolen
1165 3043 1330 3091 werde,
1356 3046 1547 3093 gelijck
1574 3046 1685 3093 in't
1710 3049 1821 3095 dach
1847 3051 2011 3096 peegis
2038 3052 2120 3098 ter
2147 3054 2339 3103 breeder
2364 3058 2585 3107 verhaald
2609 3062 2774 3109 staat,
2801 3062 2969 3110 sijnde

944 3163 1004 3209 op
1033 3162 1154 3211 mijn
1184 3167 1483 3216 afscheijt,
1512 3166 1573 3212 't
1602 3165 1753 3211 bevel
1783 3165 1904 3212 ende
1933 3169 2084 3216 ordre
2112 3171 2266 3220 vande
2291 3178 2473 3225 heeren
2502 3177 2923 3224 tsickingodonne

949 3287 1084 3334 ende
1117 3286 1452 3335 gouverneur
1485 3284 2055 3338 sabroseijmondonne
2087 3290 2290 3342 vanden
2321 3294 2524 3342 zelven
2557 3294 2792 3341 inhoude
2824 3292 2961 3338 daer

949 3414 1038 3460 bij
1068 3414 1247 3460 doende
1275 3412 1366 3459 den
1395 3411 1604 3458 keijser
1633 3412 1694 3458 de
1723 3413 2081 3466 cristenheijt
2110 3420 2259 3467 noijt
2289 3421 2408 3468 metk
2437 3422 2528 3468 dan
2557 3422 2946 3470 tegenwoordich

944 3538 1042 3585 was
1073 3536 1333 3583 hatende,
1365 3536 1463 3582 Iae
1495 3535 1691 3581 zitter
1723 3535 1854 3582 ende
1885 3539 2114 3588 bevende
2145 3544 2372 3591 wanneth
2405 3544 2470 3590 de
2502 3541 2665 3590 naeme
2697 3536 2926 3585 cristij

949 3663 1078 3709 octe
1110 3662 1207 3708 van
1239 3659 1528 3707 cristenen
1560 3658 1722 3704 hoort
1753 3660 2043 3710 vermaanen
2074 3666 2171 3711 ten
2202 3664 2460 3712 respecte
2490 3661 2716 3708 gelijck
2748 3660 2976 3707 verhaal

946 3786 1008 3833 om
1038 3786 1160 3833 dies
1190 3784 1343 3831 wille
1372 3783 1434 3828 zo
1463 3780 1617 3828 veele
1646 3783 1890 3834 duijsent
1920 3789 2164 3837 menschen
2194 3792 2468 3839 omgecomen
2498 3791 2650 3838 zijn,
2679 3789 2802 3835 waer
2831 3787 2954 3833 uijt

941 3912 1036 3959 dan
1066 3910 1348 3960 besluijte
1379 3906 1505 3954 niet
1536 3906 1788 3956 appareht
1818 3912 2038 3965 metkder
2069 3921 2351 3971 vrijheijt
2381 3919 2508 3966 voor
2538 3917 2602 3963 s'
2631 3903 2822 3960 Comp=s

937 4038 1221 4085 dienaeren
1251 4039 1441 4085 alhier
1472 4037 1599 4084 voor
1629 4037 1788 4083 eerst
1819 4038 1882 4084 se
1913 4037 2134 4085 wachten
2164 4040 2291 4087 hij.
2323 4036 2544 4085 vermits
2573 4033 2638 4079 't
2668 4024 2985 4077 affsonders

2484 4233 2993 4322 Sande/.
