3560 4937
1444 793 1615 840 Dagh
1654 791 1995 840 Register
2036 792 2291 844 wegens
2332 800 2417 847 't
2460 802 2925 852 gepasseerde

1363 1204 1497 1253 Dit
1540 1202 1630 1248 is
1674 1202 1806 1248 dan
1848 1201 1940 1248 't
1983 1202 2162 1252 gene
2202 1208 2338 1258 dat
2381 1214 2559 1262 voor
2602 1215 3047 1277 toecomende
3088 1236 3290 1293 jaer

1506 1321 1691 1369 1647.
1727 1323 2134 1374 projecteren
2170 1328 2320 1376 ende
2355 1333 2466 1381 met
2502 1337 2801 1391 proffijt
2834 1350 3021 1401 onses
3055 1358 3353 1415 oordeels

1518 1432 1594 1480 te
1629 1433 1970 1486 vertieren
2005 1443 2231 1498 weesen
2267 1454 2381 1502 sal
2417 1459 2530 1507 den
2567 1463 2793 1511 eijsch
2829 1467 2943 1516 van
2979 1472 3316 1521 laeckenen

1504 1565 1723 1619 hebbe
1767 1565 2117 1622 ongeveel
2161 1577 2252 1626 de
2290 1585 2512 1636 helft
2555 1592 3039 1657 vermindert,
3081 1615 3220 1668 ten

1502 1703 1751 1753 aensien
1784 1704 1856 1750 op
1891 1705 2032 1752 seer
2067 1707 2244 1757 legen
2278 1713 2493 1767 prijs,
2524 1723 2667 1770 ende
2702 1725 2808 1770 bij
2843 1725 3232 1776 continuatie

1496 1839 1611 1888 van
1648 1841 1915 1890 toevoer
1951 1846 2105 1896 noch
2140 1854 2331 1908 Leger
2368 1865 2559 1912 staet
2595 1869 2671 1915 te
2709 1868 2938 1920 dalen,
2974 1878 3088 1925 soo
3125 1879 3278 1927 wert

1497 1977 1615 2025 ons
1653 1977 1810 2024 oock
1848 1980 2238 2036 aengeraden
2274 1992 2353 2041 't
2391 1995 2781 2054 aenbrengen
2818 2011 2937 2061 van
2974 2018 3249 2077 lakenen

1483 2112 1639 2159 voor
1677 2110 1795 2157 een
1832 2114 1989 2165 jaer
2027 2121 2184 2171 ofte
2221 2127 2379 2177 twee
2412 2134 2495 2181 te
2531 2138 2883 2198 schorten,
2919 2155 3115 2207 sulcx
3153 2162 3273 2212 met

1495 2251 1851 2307 Insichten
1889 2263 2403 2322 principalijck
2440 2279 2521 2326 om
2559 2284 2678 2333 den
2715 2289 2992 2346 Coninck
3029 2302 3190 2353 ende
3227 2308 3267 2354 —

1490 2413 1768 2467 Grooten
1808 2411 1888 2458 in
1926 2409 2247 2456 Toncquin
2285 2413 2366 2462 te
2404 2418 2726 2476 gerieven
2761 2435 2882 2488 tot
2919 2445 3358 2513 schenckagae

1522 2547 1767 2596 alhier
1808 2550 1890 2596 te
1930 2548 2422 2612 gebruijcken,
2453 2569 2624 2617 ende
2662 2574 2746 2626 de
2784 2584 3193 2646 resterende

1509 2686 1877 2744 weijnige,
1916 2698 1998 2745 20
2038 2697 2325 2750 blaeuwe
2364 2706 2486 2755 als
2526 2710 2773 2770 groene
2811 2727 2936 2779 die
2974 2737 3300 2801 treffel¬

1491 2833 1779 2881 advance
1817 2838 2023 2886 geven
2062 2843 2144 2888 te
2184 2844 2594 2903 vercoopen)
2633 2858 2756 2907 den
2796 2863 3043 2920 eijsch
3081 2878 3204 2926 van

1495 2984 1787 3033 lakenen
1827 2985 2202 3042 soodanich
2242 2999 2617 3057 ingestelt
2657 3013 2781 3062 is,
2822 3017 2988 3065 ofte
3028 3021 3155 3073 wel
3195 3029 3320 3077 soo

1497 3143 1583 3193 u.
1623 3137 1752 3190 Ed:
1793 3139 2048 3190 conden
2086 3149 2512 3211 resolveren
2552 3168 2764 3216 geene
2805 3172 3018 3225 andre
3058 3183 3355 3237 lakenen

1494 3295 1573 3343 te
1612 3294 1886 3343 senden,
1925 3299 2043 3347 als
2078 3301 2395 3352 eenlijck
2431 3308 2591 3359 voor
2624 3314 2982 3372 toncquijn
3018 3329 3214 3385 soude

1491 3432 1672 3480 mijns
1707 3432 2033 3488 gevoerens
2067 3444 2212 3498 niet
2247 3454 2644 3512 ondienstich
2678 3468 2859 3523 sijn,
2894 3479 3363 3541 gebruijckende

1493 3581 1571 3627 in
1610 3582 1846 3635 plaets
1885 3590 2004 3636 van
2042 3592 2241 3644 laken
2277 3602 2396 3652 dat
2434 3609 2591 3659 alle
2628 3615 2828 3672 jaren
2864 3629 3141 3683 alleens
3178 3640 3262 3688 is

1500 3729 1776 3781 andere
1819 3739 2188 3789 Europise
2227 3750 2549 3810 stoffen
2589 3765 2732 3816 tot
2776 3773 3279 3826 schenckagie

1487 3889 1651 3937 daer
1691 3890 1855 3940 mede
1894 3896 2016 3944 den
2056 3899 2301 3951 eijsch
2340 3907 2503 3960 naer
2543 3916 2870 3971 advenant
2908 3928 2992 3976 't
3030 3934 3236 3992 laken

1466 4041 1708 4092 minder
1746 4048 2067 4100 sendende
2107 4055 2428 4108 vergroot
2468 4062 2709 4112 mochte
2747 4068 2991 4126 werden
3028 4084 3310 4150 gelijck

1467 4195 1627 4243 oock
1667 4195 1747 4241 de
1786 4195 2185 4246 voorjarige
2223 4202 2502 4251 petitie
2541 4206 2662 4255 soo
2700 4211 2781 4258 om
2819 4214 3100 4281 redenen
3136 4240 3262 4299 dat

1460 4353 1538 4400 al
1575 4352 2001 4399 eenichsints
2039 4353 2233 4407 desen
2272 4362 2427 4410 jare
2465 4366 2853 4426 gewilliger
2889 4383 3045 4432 sijn
3083 4386 3354 4435 geweest

3044 4599 3177 4648 als

622 281 858 351 Inlis
902 273 1044 323 ao.
1090 271 1286 322 1646

1992 576 2222 627 pie

1937 445 2400 502 Tonckem

2937 452 3224 502 1646
