3573 4958
2868 318 3045 377 730

630 309 822 380 Juni
865 291 1007 349 ao.
1049 278 1239 333 1646

930 466 1205 522 grootste
1238 460 1547 511 Schrijver
1582 461 1719 508 door
1753 463 2028 511 wiensigh
2061 466 2372 519 Excuseren
2403 477 2542 529 doet
2575 484 2679 531 van
2712 487 2815 532 dat
2849 487 2952 535 den

939 609 1088 663 onder
1116 602 1325 652 Coopman
1353 598 1620 646 toeijcoop
1650 597 1827 644 daeghs
1856 595 1975 642 voor
2004 595 2094 641 eer
2123 597 2361 650 gisteren
2388 606 2449 653 in
2477 609 2597 656 sijn
2625 612 2893 661 presentie
2921 617 3010 664 soo

939 721 1288 782 schandelijk
1318 718 1476 765 vande
1507 718 1759 767 Thinesen
1789 720 2042 766 geslagen
2071 721 2199 768 was,
2229 724 2482 777 hebbende
2511 734 2638 783 daer
2668 739 2826 788 tegen
2856 741 2983 790 niet

936 844 1116 892 anders
1144 841 1325 889 cunnen
1353 840 1504 886 doen,
1533 841 1683 888 alsoo
1712 842 1952 888 weijnigh
1980 844 2041 890 na
2070 846 2161 892 hem
2189 848 2519 902 horenwilden
2547 858 2906 918 echterhadden
2934 874 2999 922 om

934 974 1108 1022 synent
1136 973 1223 1019 wil
1252 972 1368 1018 nogh
1397 972 1686 1019 opgehouden
1715 973 1888 1019 anders
1917 973 2062 1019 soude
2090 973 2380 1026 lichtelijk
2408 981 2582 1029 naalle
2610 985 2901 1038 apparentie
2928 994 3046 1040 daer

931 1104 1019 1155 met
1046 1106 1312 1155 levendigh
1338 1104 1632 1152 affgekomen
1661 1104 1866 1150 hebben,
1893 1104 1982 1150 wij
2011 1104 2304 1152 antwoorden
2332 1108 2391 1154 't
2420 1110 2538 1157 daer
2565 1113 2683 1161 niet
2711 1117 2830 1165 mede
2857 1121 3061 1178 genoech

936 1238 1052 1286 was,
1081 1238 1339 1284 begerende
1367 1237 1483 1284 sijn
1510 1239 1683 1287 maij:t
1711 1242 1826 1289 daer
1854 1242 1969 1287 over
1997 1242 2141 1288 hecht
2169 1243 2313 1290 doen,
2341 1246 2456 1291 ende
2484 1247 2542 1294 de
2570 1250 2685 1297 twee
2713 1253 2971 1302 verhaelde

927 1361 1326 1414 diamantringen
1355 1369 1753 1420 restitueeren:
1782 1372 2089 1420 mitsgaders
2119 1373 2180 1418 de
2210 1371 2455 1418 geledene
2485 1371 2670 1421 schade
2699 1377 3053 1436 compenceren

938 1497 1110 1547 soude,
1136 1502 1306 1548 offons
1334 1503 1419 1548 toe
1447 1503 1588 1548 staen
1616 1503 1843 1549 revengie
1869 1501 1928 1548 op
1954 1503 2153 1550 deselve
2181 1504 2237 1550 te
2265 1504 2435 1554 halen,
2462 1509 2548 1556 des
2576 1512 2690 1560 geen
2717 1516 3028 1573 vanbeijden,

935 1631 1251 1680 genootsaect
1279 1632 1451 1678 bleven
1479 1632 1565 1678 ons
1594 1632 1766 1680 selven
1793 1632 1852 1679 te
1880 1632 2081 1678 rechten
2109 1633 2369 1682 soodanigh
2396 1638 2482 1685 als
2510 1641 2596 1687 ons
2625 1642 2684 1689 de
2711 1645 3026 1692 gelegenth:t

934 1769 1139 1818 occasie
1169 1769 1404 1814 verlenen
1432 1766 1638 1813 mochte,
1667 1765 1756 1811 dat
1785 1766 1902 1812 sijn
1932 1766 2049 1813 m.:r
2078 1768 2225 1814 alsoo
2255 1769 2401 1816 soude
2431 1771 2724 1819 aendienen,
2753 1773 2988 1821 'twelcke

933 1908 1262 1956 belooffden,
1290 1904 1472 1953 Intrum
1502 1903 1862 1950 vaechdenmede
1891 1904 1951 1949 te
1981 1903 2070 1949 wat
2100 1903 2220 1950 tijt
2250 1905 2311 1952 's
2340 1907 2490 1955 mair
2519 1911 2669 1957 sijde
2698 1912 2789 1960 tot
2819 1915 3030 1968 voldoe

906 2040 1089 2096 ninge
1118 2037 1474 2085 sijnerschult
1504 2038 1653 2084 soude
1682 2038 1920 2084 gelevert
1948 2036 2157 2086 worden,
2186 2042 2306 2091 ende
2334 2046 2544 2096 hoeveel
2572 2052 2632 2099 in
2661 2055 2900 2105 voorraet
2927 2062 3017 2110 was

940 2171 1064 2220 want
1094 2171 1154 2216 't
1184 2171 1335 2216 Schip
1366 2171 1486 2218 daer
1517 2172 1729 2220 deselve
1757 2173 1879 2220 mede
1908 2172 2060 2218 soude
2090 2173 2394 2228 versenden,
2419 2183 2605 2234 binnen
2633 2191 2694 2237 15
2724 2192 2754 2237 a
2784 2192 2846 2238 16
2875 2194 3026 2241 dagen

944 2305 1020 2359 st
1051 2299 1194 2349 onde
1227 2298 1334 2344 aff
1368 2299 1438 2344 te
1472 2298 1754 2347 drijven,
1788 2302 2313 2354 tegenwelckentyt
2347 2310 2557 2360 diende
2591 2316 2871 2368 waerdigh
2906 2320 2977 2367 te

941 2433 1134 2485 wesen,
1164 2436 1291 2482 waer
1322 2436 1385 2482 op
1416 2434 1512 2481 ten
1543 2434 1827 2481 antwoorde
1858 2436 2016 2484 gaff,
2047 2438 2174 2489 nogh
2205 2444 2300 2492 met
2331 2447 2458 2493 alle
2489 2449 2806 2508 ingesamelt
2835 2465 2994 2514 boes.

932 2560 1286 2610 onaengesien
1315 2562 1506 2610 groote
1538 2562 1761 2611 moeyten
1792 2566 2078 2617 aengewend
2110 2572 2302 2622 wierde
2332 2578 2587 2630 cmnnende
2617 2586 2682 2633 de
2712 2589 2905 2643 boeren
2935 2599 3035 2652 de

930 2698 1080 2745 selve
1108 2697 1229 2743 miet
1259 2697 1527 2745 opbrengen
1557 2698 1766 2745 vermits
1795 2700 2064 2753 ditsobere
2093 2708 2244 2757 teelt
2272 2714 2512 2766 ontstaen
2540 2722 2660 2772 door
2689 2727 2750 2775 de
2778 2731 3018 2784 sterffse

918 2832 1026 2878 der
1060 2834 1275 2883 wormen
1310 2836 1382 2883 en
1416 2833 1560 2880 late
1595 2833 2023 2888 aenplantinge
2059 2840 2345 2894 Jnvougen
2379 2850 2488 2900 met
2521 2856 2772 2909 meenden
2807 2865 2987 2920 desen

883 2974 1002 3020 Jare
1031 2971 1121 3019 den
1151 2970 1359 3017 Coningh
1388 2971 1508 3017 alde
1538 2972 1687 3019 sijde
1716 2975 1866 3024 soude
1895 2979 2075 3031 cunnen
2103 2987 2313 3041 leveren
2341 2997 2431 3042 soo
2459 2997 2729 3049 clagenins
2757 3004 2936 3056 gelijx

935 3100 1060 3148 mede
1091 3103 1154 3149 de
1184 3104 1402 3151 Coopl:k
1433 3106 1620 3153 dapper
1650 3108 1869 3158 vermits
1899 3115 1962 3161 's
1992 3116 2212 3169 maij=ts
2240 3126 2521 3184 monopolie
2551 3141 2675 3186 inde
2706 3140 2862 3186 sijde
2893 3139 3017 3186 ende

920 3225 981 3275 de
1011 3230 1221 3278 duijrte
1250 3234 1341 3280 der
1370 3236 1580 3284 Casjens
1610 3239 1702 3286 als
1730 3242 1971 3295 desobere
2000 3251 2181 3300 teelt,
2210 3256 2301 3303 hoe
2329 3259 2420 3308 wel
2449 3264 2600 3312 inden
2629 3267 2781 3315 prijs
2809 3272 2991 3324 alvrij

919 3366 1263 3418 gesteygert
1296 3370 1467 3419 sijn,
1499 3374 1976 3426 echtergeenoste
2009 3382 2248 3434 weynigh
2281 3390 2485 3441 winste
2519 3395 2724 3445 cunnen
2753 3400 2896 3449 doen

929 3501 1113 3548 gelijk
1143 3503 1266 3548 oocg
1296 3503 1359 3550 de
1388 3505 1789 3554 Stoffemakers,
1817 3511 1911 3559 die
1939 3515 2155 3567 deselve
2185 3522 2308 3571 mede
2337 3526 2646 3579 seertraegh
2674 3535 2829 3582 aende
2858 3537 3050 3587 marcqt

889 3634 1163 3683 brengen,
1196 3637 1469 3683 Jnvongen
1500 3640 1738 3689 valthet
1770 3644 1839 3690 de
1869 3644 2075 3693 Comp:e
2108 3648 2279 3698 desen
2310 3655 2446 3704 Jare
2480 3659 2616 3707 hier
2649 3663 2753 3711 ter
2784 3669 2987 3718 plaets

916 3760 1084 3811 meest
1116 3761 1183 3806 in
1214 3763 1379 3810 allen
1411 3766 1576 3814 tegen
1608 3769 1707 3816 dat
1739 3771 1839 3818 god
1871 3774 1937 3820 de
1969 3775 2135 3824 heere
2166 3780 2266 3828 wil
2297 3784 2627 3839 verbeteren
2658 3795 2791 3844 daer
2823 3798 2955 3846 onse

1448 3865 1520 3910 te

935 3896 1228 3949 eenighste
1258 3902 1393 3949 hope
1422 3905 1488 3953 op
1585 3907 1813 3956 stellen
1845 3911 2048 3964 hebben

2336 4090 2626 4148 adyi9:
2672 4104 2817 4150 d:o
