3410 4985
565 439 902 491 September
937 443 1012 489 ao
1049 442 1238 490 1646.

2522 479 2605 525 In
2643 473 3102 525 Nangasackij
3140 482 3227 538 /.

1152 698 1501 749 rapporterden
1530 705 1966 759 sackquemondonne
1995 715 2199 764 belooft
2227 720 2373 771 hadde
2401 727 2461 774 op
2488 730 2664 778 morgen
2692 734 2808 779 octe
2837 734 2925 779 wel
2954 735 3070 782 11„e
3099 736 3249 788 deser

1130 808 1269 855 (also
1297 808 1326 854 t
1353 810 1437 855 den
1464 811 1604 856 10:en
1631 812 1716 860 den
1742 815 1939 866 eersten
1965 822 2078 873 dach
2104 829 2245 879 vande
2271 835 2383 882 8:en
2411 837 2523 885 maen
2550 840 2662 888 ende
2690 843 2941 890 secstdach
2968 846 3025 892 is
3052 847 3191 899 niet.

1158 908 1443 961 geschieden
1471 916 1585 964 can)
1613 919 1699 966 ons
1726 921 1954 974 versoeck
1981 929 2353 989 teffectueeren

1142 1042 1200 1087 so
1228 1043 1489 1096 arriveert
1516 1052 1604 1100 met
1631 1057 1719 1105 den
1746 1061 1920 1114 avond,
1947 1070 2035 1119 een
2062 1075 2208 1123 Ionck
2235 1079 2352 1125 uijt
2379 1082 2553 1131 quinam
2580 1088 2668 1134 des
2695 1090 2869 1140 zelffs
2897 1095 3156 1149 Cargasoen

1142 1142 1340 1195 bestaet
1366 1151 1424 1197 in
1450 1153 1565 1199 300.
1590 1156 1704 1205 p:ls
1731 1161 2042 1222 sappanboud,
2067 1179 2154 1228 11:
2179 1184 2265 1233 p:s
2292 1189 2489 1243 Boghij„
2516 1198 2629 1245 322:
2656 1200 2686 1246 8
2713 1202 2966 1253 quinaemse
2993 1209 3190 1258 pelings

1145 1258 1262 1306 180:
1290 1259 1319 1304 4
1346 1259 1662 1314 koehuijden,
1690 1270 1806 1320 300:
1832 1277 1949 1329 p:ls
1975 1286 2177 1340 honigh,
2204 1296 2320 1346 2000
2347 1302 2377 1348 p
2404 1304 2748 1357 Rochevellen,
2776 1313 2806 1358 2
2833 1314 2919 1361 p:s
2947 1317 3176 1367 aperhoud

1151 1372 1255 1422 42:
1287 1377 1321 1423 8
1354 1376 1662 1425 olipbants
1694 1382 1933 1438 tanden,
1965 1395 2103 1446 ende
2134 1404 2272 1452 310:
2303 1409 2406 1457 p:s
2439 1413 2643 1459 swarte
2676 1413 2952 1466 suijcker

871 1520 996 1567 adij
1027 1519 1183 1565 10:en
1212 1516 1402 1564 ditto.
1432 1519 1744 1578 verstonden
1774 1532 1838 1581 de
1868 1537 2181 1593 nankinders
2210 1550 2337 1598 voor
2366 1554 2524 1604 desen
2553 1560 2648 1608 (om
2678 1563 2772 1611 dat
2803 1567 2897 1615 nae
2927 1570 2990 1617 de
3021 1573 3241 1627 maniere

1144 1610 1226 1659 der
1251 1615 1465 1670 tartaren
1490 1626 1758 1680 geschooren
1783 1637 1917 1687 sijn)
1942 1643 2024 1691 den
2048 1647 2210 1700 handel
2234 1656 2475 1713 ontseijt,
2500 1668 2555 1715 nu
2580 1671 2768 1721 wederom
2793 1677 2900 1723 henr
2926 1679 3141 1730 goederen

1135 1716 1409 1770 vrijelijck
1435 1726 1573 1778 mogen
1598 1735 1845 1788 vercoopen
1871 1744 2145 1802 toegestaen
2170 1758 2280 1808 was,
2306 1763 2391 1812 met
2415 1769 2553 1819 ordre
2579 1775 2690 1824 niet
2715 1780 2908 1829 wederom
2934 1785 2990 1831 te
3015 1787 3158 1839 comen

1130 1831 1219 1879 ten
1247 1831 1363 1880 ware
1392 1835 1479 1883 als
1508 1838 1769 1893 Chinesen,
1797 1848 1857 1896 in
1884 1853 2060 1907 welken
2086 1863 2291 1916 gevalle
2317 1873 2434 1923 haer
2462 1879 2521 1925 de
2549 1880 2695 1931 vaert
2723 1887 2811 1935 als
2839 1891 2897 1937 te
2925 1893 3101 1942 vooren
3128 1899 3194 1947 op

1127 1941 1265 1987 Iapan
1291 1944 1346 1990 op
1372 1946 1427 1992 en
1453 1948 1699 2001 beveheft,
1724 1957 1807 2007 nae
1832 1963 1916 2012 den
1941 1969 2132 2023 middach
2158 1979 2214 2026 de
2239 1982 2431 2036 tolcken
2455 1993 2647 2046 wederom
2672 2002 2754 2049 tot
2781 2004 2863 2051 den
2890 2006 3219 2064 Burgemeesser

1132 2059 1528 2114 sacquemondonne
1554 2070 1809 2124 gesonden,
1835 2080 1921 2128 met
1947 2085 2174 2137 versoeck
2200 2093 2484 2153 'tsluijten
2509 2109 2595 2156 der
2622 2113 2820 2164 pancado
2846 2120 2903 2166 te
2930 2119 3217 2173 gedencken,

1130 2170 1348 2220 'twelck
1379 2175 1442 2221 op
1472 2178 1660 2233 morgen
1689 2189 2095 2253 ongetwijffelt
2124 2209 2189 2255 te
2217 2212 2528 2270 volbrengen
2559 2225 2840 2277 Beloofde,
2870 2232 3058 2280 voorts
3085 2232 3153 2280 de

1125 2279 1346 2331 tolcken
1376 2287 1566 2340 pelast
1595 2296 1754 2347 bijde
1784 2303 2099 2361 Gouverneur
2129 2317 2476 2375 tonderstaen
2506 2331 2696 2383 nadien
2725 2340 2790 2390 op
2819 2347 2914 2394 7:e
2945 2349 3168 2399 passado

1127 2390 1279 2438 onder
1306 2395 1515 2448 anderen
1542 2405 1663 2454 200:
1690 2411 1869 2465 lasten
1896 2422 2016 2472 rijs
2043 2429 2163 2481 uijt
2191 2436 2252 2484 te
2280 2440 2460 2493 voeren
2487 2449 2725 2504 versocht
2752 2460 2930 2509 hadden
2960 2463 3078 2509 ende
3107 2462 3196 2509 ten

1121 2504 1467 2564 principalen
1498 2520 1594 2568 ons
1623 2524 1970 2581 affgeslagen
1999 2537 2126 2587 was,
2156 2543 2253 2593 wat
2282 2550 2628 2609 quantiteijt
2658 2565 2972 2616 toegestaen
3003 2568 3160 2616 soude

1136 2634 1291 2681 mogen
1321 2637 1539 2691 werden,
1568 2647 1757 2702 cregen
1784 2660 1910 2709 voor
1939 2665 2220 2725 bescheijt
2248 2682 2343 2731 ten
2371 2688 2682 2742 uijtersten
2712 2698 2806 2746 tot
2836 2701 2898 2747 16
2928 2702 2962 2748 a
2990 2704 3146 2751 1700:

1129 2748 1285 2797 Balen
1314 2751 1438 2802 daer
1467 2758 1591 2810 mede
1619 2767 1712 2817 ons
1741 2772 2080 2833 vergenoecht
2108 2790 2293 2845 sullen
2321 2802 2506 2851 moeten
2535 2807 2719 2855 houden

880 2878 1004 2924 adij
1035 2879 1161 2927 12:e
1191 2882 1378 2929 ditto.
1409 2885 1596 2936 quamen
1626 2892 1690 2938 in
1720 2895 1815 2942 ons
1844 2899 2126 2955 logiemend
2154 2911 2591 2980 sacquimondonne
2621 2937 2808 2991 eerste
2839 2946 3212 3002 Burgemetsser

1125 2990 1359 3040 nesfens
1390 2997 1590 3048 andere
1620 3005 1755 3057 drie
1785 3013 2183 3077 Burgemeeders
2212 3035 2314 3085 van
2344 3042 2740 3102 Nangasackij,
2773 3057 2872 3103 met
2904 3059 3135 3107 'tsamen

1113 3103 1182 3148 de
1215 3104 1455 3155 hoofden
1488 3111 1593 3161 der
1624 3118 2069 3180 geapposseerde
2101 3137 2478 3205 Coopluijden
2510 3162 2682 3215 vande
2714 3168 2885 3216 witte
2919 3168 3090 3215 Rouwe

1123 3219 1351 3266 chinese
1382 3221 1545 3272 sijde
1577 3228 1643 3275 om
1674 3231 1774 3283 den
1802 3239 1967 3291 prijs
1998 3247 2228 3302 vandien
2257 3260 2323 3307 te
2355 3263 2617 3318 Beramen,
2646 3275 2745 3324 nae
2776 3280 2874 3328 dat
2906 3283 2972 3329 de
3003 3285 3166 3332 zelve

1121 3330 1214 3377 met
1244 3332 1494 3382 wijntint
1523 3338 1896 3398 gedisteleekt
1925 3354 2113 3410 water,
2142 3367 2423 3426 persianse
2450 3383 2545 3430 als
2575 3386 2792 3435 Japanse
2822 3390 3072 3448 fruijten
3101 3405 3165 3453 en

1116 3448 1308 3495 anders
1339 3450 1692 3513 getracteert
1723 3468 1948 3523 hadden,
1979 3478 2172 3532 hebben
2203 3486 2461 3544 Beginnen
2491 3500 2653 3549 vande
2683 3506 2909 3562 zaacken
2939 3519 3131 3573 tehan„

1101 3570 1258 3621 delen
1288 3577 1414 3624 daer
1444 3580 1508 3627 om
1537 3583 1757 3637 gecomen
1786 3594 1974 3648 waren,
2003 3604 2253 3655 vragende
2284 3611 2409 3659 naer
2439 3615 2502 3661 de
2532 3617 2876 3675 quantiteijt
2906 3631 3001 3680 der
3030 3634 3186 3682 sijde

1118 3688 1215 3738 hoe
1245 3694 1340 3741 wel
1371 3695 1499 3743 haer
1530 3698 1690 3749 sulcx
1720 3705 2069 3765 gewoechsaem
2098 3721 2292 3774 bewust
2321 3731 2449 3781 was,
2479 3737 2606 3788 ende
2637 3743 2733 3790 tot
2764 3746 2860 3795 wat
2890 3750 3049 3803 prijs
3080 3757 3178 3804 die

1113 3807 1295 3854 souden
1323 3811 1506 3863 willen
1534 3819 1806 3871 affstaen,
1835 3826 2047 3878 'twelcq
2075 3833 2167 3882 met
2196 3838 2258 3885 de
2286 3841 2499 3895 tolcken
2527 3852 2888 3907 overleijden,
2918 3861 3039 3908 alzo
3068 3859 3129 3905 de

1107 3926 1324 3975 partije
1354 3931 1510 3981 cleen
1539 3937 1726 3989 sijnde
1756 3945 1849 3992 van
1879 3948 2128 4001 ongeveek
2157 3957 2221 4003 25
2250 3960 2283 4006 a
2311 3963 2375 4011 26
2404 3967 2529 4014 q„te
2559 3966 2776 4014 geraden
2806 3970 2993 4020 vonden
3021 3975 3123 4024 den

1119 4060 1272 4107 prijs
1303 4062 1487 4108 geveel
1517 4063 1609 4110 aen
1639 4065 1762 4112 haer
1792 4067 2068 4118 discretie
2098 4074 2160 4120 te
2190 4075 2404 4126 stellen
2434 4080 2649 4127 gelijck
2679 4079 2986 4125 geschiede,
3016 4079 3147 4129 doch

2712 4344 2840 4397 Bij
2879 4342 3088 4390 hens.
3128 4342 3211 4390 /.

886 359 912 405 va
