3642 4883
1158 763 1191 811 A
1218 759 1275 805 26
1302 758 1388 806 d:o
1415 756 1585 803 vecome
1613 757 1697 802 van
1725 757 2036 805 masulwpatam
2063 759 2262 806 missive
2289 762 2459 811 vanden
2486 766 2797 816 Wvercoopman
2825 771 2853 816 .
2881 771 2911 817 a
2937 773 3249 822 pietcheijne
3275 779 3307 826 —

1367 863 1587 913 gedateert
1610 861 1660 907 n.
1684 861 1710 907 e
1731 858 1927 908 november
1951 854 2073 902 Aende
2097 854 2146 899 E.
2170 854 2219 901 H.
2243 857 2268 902 r
2290 856 2535 902 Gouverneur
2559 857 2705 903 Arnold
2729 858 2900 905 Beussen
2924 860 3070 907 nevens
3094 862 3167 907 een
3191 860 3313 907 Copie
3337 860 3387 906 d.
3410 862 3442 911 o

1368 970 1417 1017 p.
1436 971 1464 1018 r
1486 967 1534 1013 't
1556 963 1700 1011 Engels
1724 962 1843 1008 Jacht
1865 961 1914 1006 d'
1936 958 2080 1006 aeviso
2103 958 2151 1004 op
2175 957 2222 1002 9.
2246 957 2270 1002 '
2293 957 2365 1003 der
2388 958 2531 1005 selver
2555 960 2673 1006 maent
2697 961 2816 1006 aende
2839 961 2887 1006 E.
2911 959 3053 1006 Heeren
3077 958 3195 1004 raden
3219 957 3339 1004 ende—

1364 1066 1606 1116 directeurs
1630 1066 1703 1111 tot
1726 1062 1896 1111 Batavia
1920 1057 2211 1107 geschreven,;
2235 1058 2260 1104 s
2282 1058 2356 1104 tem
2380 1058 2574 1105 overdien
2598 1059 2743 1104 selven
2766 1058 2888 1106 Weghn
2912 1061 2937 1106 3
2960 1060 3179 1108 originele
3202 1064 3397 1112 missiven

1364 1173 1581 1225 gedateert
1604 1174 1651 1219 7.
1674 1173 1699 1219 '
1723 1172 1794 1218 13.
1817 1171 1889 1217 end
1912 1169 1961 1215 19
1983 1162 2198 1214 september
2222 1162 2366 1209 doord'
2388 1164 2674 1211 oovercooplun
2698 1166 2793 1211 denr
2816 1165 2889 1211 sE.
2912 1166 2960 1211 es
2983 1166 3103 1213 Jacob
3126 1167 3246 1214 Sunus
3268 1167 3364 1214 ende

1353 1277 1556 1329 Martinus
1579 1273 1631 1320 d'
1656 1270 1808 1318 Vroede
1832 1265 1985 1314 aenden
2009 1263 2262 1310 Gouverneur
2287 1264 2490 1313 voornomt
2514 1268 2793 1314 geschreven,
2816 1268 2894 1315 bij
2918 1270 3070 1316 welcke
3095 1268 3297 1316 missiven
3322 1266 3423 1314 ende

1366 1380 1650 1437 doccumenten
1675 1379 1752 1425 ons
1777 1374 2084 1423 d'naervolgen
2108 1373 2237 1419 novos
2262 1374 2620 1421 gedeelachticht
2645 1374 2825 1421 werden,
2849 1374 3130 1421 eerstelijck
3156 1376 3310 1423 bijden
3334 1379 3362 1425 —

1362 1493 1642 1543 opvercoopman
1665 1492 1713 1538 d.
1734 1490 1760 1536 r
1782 1489 1899 1535 sijne
1922 1489 2063 1535 hoedat
2085 1489 2250 1535 tsedert
2273 1490 2321 1535 't
2343 1491 2530 1536 Vertreck
2553 1490 2624 1536 van
2646 1490 2694 1535 't
2717 1490 2834 1535 schip
2857 1489 2905 1535 d'
2927 1490 3044 1536 vrede
3067 1490 3114 1536 d'
3138 1490 3348 1536 gandtsche

1365 1612 1537 1664 partije
1560 1607 1708 1656 foelij
1732 1607 1831 1652 ofte
1854 1605 1977 1651 macis
2001 1604 2051 1650 d'
2074 1604 2246 1650 groffel
2271 1603 2393 1650 nagel
2417 1603 2467 1649 en
2491 1601 2808 1649 porsteleijnen
2833 1603 2931 1648 uijt
2955 1601 3151 1647 verkocht
3175 1596 3299 1647 hadde

1362 1732 1409 1780 1'
1430 1729 1541 1777 weten
1562 1728 1607 1774 d'
1628 1725 1761 1773 foelij
1783 1725 1872 1771 ofte
1892 1723 2004 1770 macis
2026 1723 2048 1768 a
2069 1722 2114 1768 10
2135 1722 2181 1768 /¾
2202 1724 2246 1769 p.
2268 1724 2290 1769 r
2312 1722 2357 1769 d'
2378 1721 2445 1768 man
2467 1723 2533 1769 van
2555 1724 2621 1769 24.
2643 1724 2687 1769 lb
2709 1724 2754 1770 d'
2775 1724 3085 1771 groffelnagelen
3106 1723 3129 1768 a
3151 1723 3174 1768 6
3194 1724 3239 1770 p.
3259 1722 3283 1768 m
3304 1721 3440 1766 d'man

1360 1844 1619 1895 porceleijne
1641 1840 1807 1888 d'halve
1830 1837 2018 1885 schotels
2041 1837 2065 1882 a
2088 1838 2112 1883 4
2135 1838 2183 1884 p.
2205 1839 2229 1885 a
2251 1837 2299 1883 d'
2323 1835 2463 1882 Corgie
2487 1835 2535 1880 de
2557 1836 2793 1883 drielingen
2815 1838 2839 1883 a
2862 1838 2933 1884 2/¾
2956 1839 3003 1884 8'
3025 1834 3191 1884 quarten
3214 1833 3238 1878 a
3260 1832 3308 1878 2¼
3330 1829 3432 1877 ende

1351 1951 1632 2007 d'pieringhs
1657 1951 1734 1996 dat
1758 1948 1886 1996 meest
1911 1945 2089 1993 groffen
2114 1943 2267 1990 sleght
2290 1941 2419 1988 goedt
2444 1942 2521 1987 was
2546 1943 2699 1989 sijnde
2722 1942 2825 1989 veel
2850 1941 2927 1987 met
2952 1941 3130 1987 cleijne
3153 1938 3359 1987 gaetgens
3383 1941 3426 1989 —

1347 2068 1574 2121 daeronder
1599 2063 1799 2113 gelhopen
1823 2061 1924 2108 door
1947 2059 2023 2105 den
2047 2055 2223 2103 anderen
2245 2052 2273 2098 a
2296 2051 2348 2097 10
2372 2052 2447 2099 f=m
2472 2054 2572 2099 1d:'
2597 2054 2646 2099 20
2671 2054 2746 2099 str
2771 2054 2821 2099 d'
2846 2054 3071 2100 gandtsche
3095 2051 3295 2099 partije—

1349 2182 1457 2229 thin
1483 2179 1563 2226 met
1589 2176 1644 2223 d'
1670 2174 1803 2220 fluyt
1829 2172 1910 2218 den
1936 2170 2123 2217 Coninck
2150 2169 2230 2215 van
2255 2168 2390 2215 polen
2415 2166 2497 2213 van
2522 2163 2630 2211 hier
2656 2161 2816 2208 aldaer
2842 2160 3136 2212 aengebraght
3161 2165 3243 2212 was
3267 2163 3297 2210 —

1349 2295 1471 2346 mede
1499 2291 1738 2339 verkocht
1767 2290 1945 2337 tegens
1974 2290 2064 2336 37½
2091 2285 2272 2333 pagode
2300 2281 2509 2329 d'bhaer
2537 2278 2627 2325 van
2655 2275 2746 2323 480
2775 2273 2835 2320 lb
2864 2272 3013 2318 edoch
3043 2270 3252 2318 vermits
3279 2274 3342 2324 Jn

1341 2409 1528 2461 leveren
1552 2406 1658 2455 veel
1684 2400 1868 2450 stucken
1892 2398 2051 2444 eenige
2077 2397 2156 2443 met
2182 2397 2261 2443 een
2286 2396 2418 2442 quart
2444 2395 2549 2441 ende
2575 2395 2734 2442 andere
2758 2397 2811 2443 /g
2837 2397 2942 2443 lost
2968 2394 3204 2442 vermenght
3229 2393 3335 2440 Was,
3358 2393 3388 2440 —

1350 2525 1431 2576 syn
1455 2521 1534 2569 van
1559 2517 1794 2566 resolutie
1818 2515 2053 2563 verandert
2077 2513 2289 2561 gewerden

1323 2676 1693 2723 D'Engelsche
1726 2679 1961 2727 Vrunden
1995 2682 2163 2728 waren
2196 2679 2532 2728 voornemens
2565 2678 2700 2724 haer
2733 2677 2902 2723 Jacht
2934 2675 3002 2721 d'
3035 2668 3237 2720 adviso
3270 2663 3305 2712 —

1342 2785 1421 2832 dat
1445 2785 1523 2831 van
1549 2785 1833 2831 madrespatam
1858 2785 1936 2831 ter
1961 2785 2091 2831 rhede
2117 2785 2349 2833 narsapour
2375 2787 2426 2833 op
2452 2787 2529 2833 12.
2555 2788 2581 2833 '
2606 2788 2787 2834 october
2813 2784 2891 2833 ten
2916 2781 3071 2827 ancker
3097 2779 3278 2826 gecomen
3303 2778 3381 2827 is,

1336 2895 1421 2945 wat
1448 2893 1719 2940 gecalfatet
1747 2890 1910 2938 sijnde
1937 2889 2046 2935 ende
2072 2888 2127 2933 't
2153 2886 2345 2933 gereede
2372 2887 2535 2933 sijnde
2562 2888 2616 2933 25
2644 2888 2671 2933 a
2697 2886 2753 2933 30
2778 2883 2943 2930 packen
2968 2879 3106 2927 meest
3133 2879 3269 2925 grove
3291 2875 3324 2924 —

1320 2991 1614 3046 salampouris
1640 2991 1852 3038 weijnich
1878 2992 2037 3038 gunees
2063 2991 2116 3036 en
2142 2988 2275 3036 hoode
2301 2988 2567 3034 lijnwaeten
2592 2986 2831 3034 Ingenomen
2856 2980 3043 3030 hebben,
3066 2975 3229 3023 sonder

1338 3091 1666 3145 measulipatam
1693 3091 1775 3137 aen
1802 3092 1856 3137 te
1883 3092 2020 3138 laten
2046 3093 2182 3139 doen,
2209 3093 2319 3139 naer
2345 3094 2508 3139 bartum
2535 3093 2590 3139 te
2616 3091 2889 3140 versenden,
2915 3090 3107 3136 gemelte
3133 3090 3325 3137 Vrunden
3348 3094 3384 3144 —

1329 3204 1480 3258 hadden
1502 3202 1578 3249 met
1601 3202 1896 3249 voorschreven
1921 3203 2044 3249 Jacht
2068 3204 2265 3251 d'adviso
2288 3206 2387 3252 geen
2411 3208 2583 3254 ontseth
2606 3209 2779 3256 becomen
2803 3207 2901 3255 niet
2926 3204 3073 3252 anders
3097 3203 3171 3249 soo
3195 3203 3245 3249 d'
3268 3200 3367 3248 onse

1321 3314 1495 3360 bericht
1518 3313 1692 3358 wierden
1717 3313 1792 3358 tot
1816 3312 1916 3358 sijn
1939 3312 2114 3359 ladinge
2138 3313 2237 3359 mede
2261 3313 2460 3360 gebraght
2484 3314 2560 3360 als
2584 3315 2758 3362 partije
2782 3317 2931 3363 packen
2955 3315 3104 3362 cleden
3127 3311 3277 3360 sitten
3301 3310 3389 3356 nu—

1336 3416 1464 3466 aller
1489 3414 1617 3461 wegen
1642 3414 1744 3460 stil
1769 3414 1795 3459 ,
1821 3414 1898 3459 soo
1922 3415 2000 3460 sij
2024 3415 2254 3461 voorgeven
2279 3415 2533 3461 verwachten
2559 3416 2763 3463 dageliex
2787 3414 2992 3462 ontsethn
3017 3413 3094 3459 van
3118 3409 3300 3458 Bantum,

1327 3528 1481 3576 bleven
1506 3527 1609 3572 oock
1634 3526 1737 3572 door
1763 3527 1943 3572 gebrecq
1968 3526 2045 3572 van
2071 3526 2251 3573 schepen
2276 3526 2328 3572 8n
2353 3527 2559 3573 Januarij
2584 3527 2790 3574 aenstaen
2815 3528 2918 3574 geen
2943 3524 3200 3573 besendinge
3225 3522 3329 3570 naer

1327 3636 1524 3691 partia
1557 3632 1623 3680 te
1655 3628 1787 3676 doen

1298 3797 1362 3844 'T
1390 3787 1580 3839 sedert
1610 3784 1736 3832 sumo
1766 3780 1955 3829 passad
1985 3779 2079 3826 was
2110 3777 2173 3823 in
2204 3777 2298 3823 die
2328 3775 2641 3824 quartieren
2671 3773 2735 3820 so
2764 3770 2922 3816 oeren
2953 3770 3109 3818 hegen
3140 3771 3390 3818 gevallen

1323 3885 1398 3932 dat
1423 3887 1472 3932 d'
1497 3886 1771 3932 saeijlanden
1796 3886 1996 3932 daerdoor
2020 3887 2095 3933 soo
2119 3886 2219 3932 sijn
2243 3887 2518 3935 opgedrooght
2542 3889 2618 3935 het
2642 3890 2817 3938 gewasch
2842 3892 2941 3938 door
2965 3891 3016 3936 d'
3040 3887 3320 3940 hardicheijt

1320 3995 1430 4043 vant
1457 3992 1594 4039 landt
1621 3992 1758 4038 onder
1785 3992 1895 4038 ende
1922 3993 2004 4039 den
2030 3992 2195 4039 Heeten
2222 3991 2523 4037 sonneschijn
2550 3991 2632 4037 van
2659 3991 2796 4038 boven
2823 3992 3070 4039 teenemael
3096 3994 3178 4040 opt
3205 3993 3345 4041 veldt

1321 4104 1590 4155 verbrandt,
1616 4103 1724 4149 ende
1750 4104 1990 4150 verdroght
2017 4104 2070 4149 Is
2097 4104 2337 4150 gewerden,
2363 4103 2550 4149 'twelcq
2577 4103 2737 4149 groote
2763 4102 2924 4149 duckte
2950 4103 3057 4148 Inde
3083 4095 3405 4148 maintementos

1314 4216 1462 4269 staet
1489 4213 1549 4261 te
1576 4208 1839 4258 causeren,
1866 4206 1955 4253 als
1984 4205 2158 4252 Cunnen
2186 4205 2245 4252 en
2272 4205 2594 4252 masulipatam
2622 4206 2796 4253 schaer
2825 4206 2941 4252 Voor
2969 4205 2999 4251 5
3028 4203 3087 4250 p.
3112 4197 3145 4245 a
