3553 4917
2819 318 3002 376 674

268 3281 838 3334 Orangasackij
882 3286 1035 3333 int

259 3397 753 3447 kelijsekrijck
791 3397 980 3445 Japan

259 3510 431 3558 desen
463 3512 599 3558 21en
630 3510 871 3559 october
904 3511 973 3558 ao
1006 3509 1227 3556 1646/.

912 411 1063 458 niet
1099 412 1324 466 alleen
1359 423 1473 471 tot
1508 429 1918 484 schenckagie
1955 440 2290 495 aengenaem
2327 447 2479 499 maer
2512 457 2626 503 ooc
2661 458 2848 506 goede

913 527 1253 578 proffijten
1285 535 1422 586 daer
1454 543 1556 591 van
1589 547 1657 593 te
1690 549 1928 597 wachten
1960 551 2164 600 zullen
2196 556 2333 605 sijn

385 707 495 755 Ten
531 694 788 751 aensien
824 693 898 738 't
935 693 1376 747 aengebrachte
1411 703 1595 759 desen
1630 716 1815 764 Jaare
1850 719 1997 765 veel
2034 720 2255 769 minder
2290 725 2401 772 als
2436 725 2512 771 't
2547 727 2842 781 verleden
2876 738 3028 792 Jaer

919 805 1062 852 comt
1097 807 1169 852 te
1204 807 1491 860 bedragen
1525 816 1632 865 ene
1668 820 1704 866 o
1739 821 1847 870 ooc
1881 825 2024 870 veel
2060 823 2346 873 goederen
2380 828 2523 874 uijt
2559 828 2847 879 taijouan

905 916 1159 963 wesende
1195 916 1414 964 groove
1449 921 1704 974 waeren,
1739 930 1850 977 als
1881 931 2247 979 zuijckeren
2282 933 2574 981 kennippe
2610 935 2865 982 lijwaat
2900 939 2977 987 't

901 1034 1213 1083 weijnige
1251 1035 1445 1081 rouwe
1483 1036 1677 1089 zijde
1715 1045 1870 1093 ende
1908 1046 2413 1096 diergelijcken
2450 1052 2606 1099 geen
2643 1055 3033 1112 osteckeere

918 1155 1158 1201 winsten
1191 1156 1398 1206 geven,
1431 1161 1774 1208 mitsgaders
1808 1163 1877 1210 de
1910 1166 2219 1215 persische
2253 1169 2424 1215 zijde
2458 1170 2732 1218 verlies,
2766 1172 2982 1222 zullen

902 1275 979 1321 de
1017 1274 1283 1322 winsten
1321 1277 1740 1333 hmaldeelen,
1777 1287 2044 1334 evenwel
2079 1288 2348 1335 prorato
2386 1286 2462 1334 't
2500 1286 2804 1336 Capitaal
2842 1291 2996 1338 noch

900 1392 1294 1440 redelijcke
1333 1395 1530 1444 zulcx
1568 1399 1728 1449 niet
1765 1407 2237 1455 tegenstaande
2274 1408 2590 1455 ongevelk
2628 1408 2709 1454 gl
2747 1408 3028 1458 250000:

900 1513 1077 1559 onder
1112 1512 1183 1558 't
1217 1513 1465 1562 becomen
1500 1518 1818 1566 Cargasoen
1852 1522 1959 1569 dat
1994 1525 2064 1570 in
2100 1524 2276 1571 alles
2378 1523 2629 1571 900000:
2733 1522 3021 1569 bedracht

896 1635 1036 1681 daer
1071 1636 1142 1682 op
1176 1635 1318 1683 door
1351 1639 1457 1687 den
1491 1643 1667 1690 ander
1701 1644 1842 1690 geen
1877 1645 2088 1691 avance
2122 1645 2228 1692 can
2262 1644 2579 1692 Reeckenen
2613 1647 2933 1706 verhoopen

897 1758 1078 1806 ruijm
1112 1760 1184 1806 60
1219 1759 1506 1807 percento
1542 1762 1758 1809 zullen
1792 1764 2115 1812 Behouden,
2150 1767 2258 1813 den
2293 1767 2616 1815 almogende
2651 1767 2760 1813 sij
2794 1769 3046 1820 gedanct

902 1878 979 1925 de
1017 1876 1399 1923 Resterende
1435 1877 2009 1934 Coopmanschappen
2046 1889 2352 1939 zodanigh
2389 1892 2733 1939 renderen,
2770 1889 2925 1939 ende

902 1998 1052 2045 geve
1090 2000 1165 2045 in
1202 1998 1617 2046 toecommende
1654 2002 1842 2050 Beter
1879 2006 2067 2052 wesen
2105 2006 2255 2054 mach

349 2180 390 2226 s
423 2175 670 2226 Cooper
710 2175 871 2230 uijt
907 2182 992 2231 te
1030 2184 1273 2231 voeren
1312 2187 1394 2234 is
1432 2189 1676 2239 alhier
1714 2196 2036 2247 volcomen
2076 2199 2480 2251 toegestaen
2517 2207 2680 2255 ende
2718 2209 2962 2257 hebben

911 2290 1448 2342 jegenwoordicgh
1486 2298 1757 2349 ontrent
1790 2306 1870 2352 de
1907 2308 2062 2358 drie
2094 2313 2407 2366 duijsent
2441 2323 2635 2372 vicol
2673 2327 2751 2373 zo
2786 2326 2985 2374 staat

905 2409 1020 2456 als
1057 2407 1247 2454 plaat
1283 2409 1627 2460 ingecocht
1663 2417 1777 2465 dat
1813 2421 2079 2475 althans
2116 2431 2230 2478 met
2268 2433 2421 2479 drie
2457 2435 2917 2486 vertreckende

894 2523 1202 2572 scheepen
1240 2527 1395 2574 naer
1430 2529 1740 2582 saijouan
1777 2538 2161 2589 versenden,
2200 2544 2355 2593 waer
2391 2550 2507 2597 van
2545 2552 2929 2599 Chormandel

901 2642 1048 2692 ende
1082 2639 1336 2687 Guratte
1372 2640 1841 2693 ongetwijffeld
1877 2647 2129 2699 gedient
2165 2652 2316 2702 werd

1349 3075 1746 3138 Erntfesse
1787 3082 1918 3130 wel
1959 3083 2179 3133 wijse
2221 3083 2395 3131 heer
2437 3083 2917 3131 voorsienige

1409 3179 1649 3234 hetke
1696 3188 1841 3235 UE:
1888 3190 2081 3238 Naer
2126 3195 2653 3244 Gedienstige
2693 3192 2988 3242 Groete

1162 3289 1315 3347 met
1328 3301 1557 3349 sijn
1606 3300 1756 3347 bij
1803 3299 2204 3349 hebbende
2252 3300 2752 3351 Geselschap
2799 3303 2901 3350 de

1413 3416 2023 3471 mogentheijt
2077 3419 2353 3465 Godes
2404 3413 2794 3464 Bevolen

2084 3578 2756 3633 Onderstond/.

1861 3769 2048 3819 ul:
2089 3775 2411 3828 dmack

1855 3956 2248 4012 Reijnikr
2295 3953 2442 4000 van
2490 3943 2784 3997 Thum/.

2194 2833 2430 2888 hier
2483 2834 2843 2886 mede/.

163 709 221 755 len

2329 2662 2348 2708 -
