3567 4801
2773 530 2974 603 941

678 513 876 565 meert
914 513 1073 560 1646

818 705 879 755 An
907 702 938 749 8
964 699 995 745 d
1023 697 1053 743 o
1081 695 1316 742 becomep.
1343 697 1373 743 r
1402 697 1809 753 masnlipatainse
1837 708 2129 756 Pattamaers
2157 712 2362 761 missive
2388 715 2537 763 vande
2564 710 3001 765 opvercoopluyden

932 813 1036 868 s:re
1058 807 1212 856 pieter
1236 805 1363 852 sijme
1388 805 1490 852 ende
1514 808 1640 853 Iacob
1666 807 1793 853 bunus
1816 808 2044 856 gedateert
2069 811 2171 858 ult.
2195 814 2220 859 o
2245 813 2473 861 februarij
2497 816 2649 863 daerby
2674 817 2802 865 onder

949 910 1125 961 anderen
1150 908 1424 955 g'adviseert
1449 908 1574 954 werdt
1598 910 1673 956 hoe
1697 911 1747 956 't
1772 911 1897 957 schip
1921 911 1997 958 den
2019 912 2121 958 Haen
2145 914 2195 959 op
2220 914 2270 959 13
2294 912 2421 959 febr.
2444 915 2618 961 aldaers
2643 913 2743 961 alvo
2767 904 3066 958 aengelanght:

950 1012 1053 1061 ende
1076 1008 1179 1056 naer
1204 1008 1280 1053 dat
1305 1008 1356 1053 't
1380 1005 1735 1052 geprojecteerde
1761 1006 1862 1052 voor
1887 1007 1963 1053 dat
1988 1008 2191 1054 Comptoir
2216 1009 2393 1056 ontlost
2418 1011 2520 1056 ende
2544 1010 2697 1056 daerin
2722 1010 2798 1056 214
2823 1005 2975 1055 lasten

942 1118 1028 1171 soo
1051 1104 1378 1162 Bengaelschen
1404 1102 1486 1149 als
1512 1100 1811 1147 dricpsiasen
1837 1102 1945 1149 rijs
1971 1105 2135 1152 voorsz
2160 1106 2269 1153 Crus
2296 1106 2350 1153 d'
2376 1108 2512 1154 Gaele
2538 1109 2701 1155 daerin
2727 1108 2917 1156 geladen
2942 1100 3079 1152 hadde

946 1214 1204 1272 derwaerts
1232 1213 1289 1258 op
1317 1212 1374 1258 27
1401 1207 1544 1256 febr:
1571 1205 1799 1252 vertrock
1828 1205 1885 1251 en
1912 1205 2026 1252 Wad,
2055 1207 2168 1252 Item
2197 1207 2282 1252 dat
2310 1207 2482 1253 d'onse
2508 1209 2594 1255 met
2622 1210 2736 1256 noch
2762 1209 2821 1256 10
2848 1200 3020 1253 lasten

964 1317 1266 1370 geprovideert
1289 1310 1467 1360 bleven.

812 1481 872 1531 Ag
891 1466 1009 1519 9.d.
1032 1461 1066 1510 o
1092 1456 1371 1503 verschijnd
1398 1454 1567 1500 alhier
1594 1453 1679 1499 van
1705 1449 1875 1496 Carcae
1901 1452 1930 1498 p
1957 1454 1985 1499 r
2012 1452 2181 1498 Thonij
2208 1452 2292 1498 den
2318 1447 2515 1497 eersten
2542 1446 2794 1493 adsistent
2820 1445 2907 1492 van

935 1563 1175 1618 Baptista
1204 1558 1591 1608 medebrengende
1619 1557 1711 1603 43½
1738 1554 1917 1604 packen
1945 1550 2333 1599 geschielderde
2362 1549 2451 1595 als
2480 1547 2659 1594 andere
2688 1541 2989 1591 lijnwaeden

962 1668 1086 1718 ende
1115 1663 1179 1712 40
1209 1659 1303 1707 str
1333 1656 1551 1704 slaven,
1582 1655 1862 1701 monterend
1893 1655 2110 1704 t'samen
2141 1659 2172 1705 ƒ
2202 1645 2483 1703 12722„6„8

787 1806 902 1860 Ag10
925 1796 1013 1848 tot
1039 1792 1096 1838 15
1122 1787 1180 1836 d.
1207 1785 1236 1830 o
1260 1781 1376 1830 niet
1402 1774 1767 1826 remaecquabels
1794 1766 2105 1819 gepasseert,

809 1958 839 2005 A
861 1946 971 2001 16d.
995 1944 1023 1990 o
1050 1936 1315 1989 Verschijne
1340 1935 1368 1980 (
1393 1928 1553 1979 alleer
1579 1925 1659 1972 een
1685 1922 1844 1971 thonij
1871 1922 1950 1967 van
1977 1919 2162 1967 Carealn
2189 1918 2321 1964 Comen
2347 1916 2533 1962 daermet
2560 1916 2693 1962 onder
2718 1911 2904 1962 opsight

1009 2037 1090 2083 van
1116 2034 1198 2082 een
1224 2027 1440 2077 soldaedt
1465 2025 1521 2072 15
1547 2022 1629 2069 stx
1656 2019 1844 2067 slaven,
1870 2016 1979 2064 stem
2005 2015 2087 2061 een
2112 2009 2330 2059 briefken
2355 2007 2518 2054 vanden
2544 2008 2733 2055 Coopman
2760 2007 2923 2055 Govert

978 2130 1206 2188 Crackouw
1234 2125 1488 2174 gedateert
1516 2125 1573 2170 12
1600 2123 1742 2170 meert
1769 2122 1968 2168 daerbij
1995 2121 2249 2168 adviseert
2278 2120 2447 2168 Hoeden
2475 2119 2531 2166 8.
2559 2119 2616 2164 en
2643 2115 2785 2164 deser
2813 2113 3007 2160 maendt

969 2242 1078 2292 voor
1102 2231 1400 2285 trangebaere
1426 2230 1668 2277 vertallen
1695 2229 1749 2275 de
1775 2224 1963 2274 zeecker
1990 2223 2178 2269 aschins
2205 2219 2447 2268 scheepken
2472 2216 2554 2264 soo
2581 2215 2662 2261 van
2688 2213 2796 2260 dees
2822 2212 2958 2258 Custe

968 2354 1048 2402 als
1071 2346 1229 2398 atchin
1254 2339 1489 2390 bevraght,
1514 2337 1619 2383 ende
1644 2332 1932 2381 uijtgereedt
1957 2330 2088 2376 welcq
2113 2328 2218 2374 door
2243 2326 2296 2373 d'
2321 2324 2452 2371 denen
2477 2323 2582 2369 Voor
2607 2319 2738 2367 buijt
2764 2313 3024 2364 aengehaelt

963 2465 1104 2525 soude
1131 2461 1268 2508 sijn.
1295 2459 1351 2506 't
1375 2449 1625 2502 Ingeladen
1651 2445 1871 2494 bestaedt
1898 2443 1954 2489 en
1980 2441 2119 2488 goede
2145 2437 2447 2487 quantiteijt
2474 2437 2612 2484 thijn
2639 2435 2998 2483 /anderhoudte/

962 2580 1149 2637 sijde,
1178 2569 1457 2623 spraulter
1486 2562 1611 2612 ende
1640 2556 1888 2606 weijnich
1917 2547 2073 2600 houdt
2098 2539 2134 2588 —

781 2739 842 2791 An
865 2731 925 2780 17
946 2722 1008 2774 d.
1033 2718 1064 2765 o
1089 2711 1258 2762 become
1285 2709 1342 2755 p.
1370 2709 1398 2754 l
1425 2705 1704 2753 pattamaers
1732 2701 1927 2750 missive
1953 2695 2094 2746 vande
2122 2687 2568 2740 opvercoopluijden
2596 2685 2707 2732 W:es
2734 2682 2906 2729 pieter

957 2820 1102 2873 Sijme
1130 2815 1245 2864 ende
1272 2813 1416 2860 Iacob
1443 2809 1587 2857 Sumus
1616 2809 1701 2854 van
1727 2803 2044 2854 Masulipatam
2071 2799 2330 2848 gedateert
2357 2797 2416 2843 7.
2443 2798 2472 2843 e
2500 2796 2644 2842 Meert
2672 2796 2877 2843 dienen—

968 2935 1056 2985 ten
1084 2930 1401 2978 principaele
1429 2927 1517 2975 tot
1545 2921 1862 2972 accompagnie
1890 2919 1978 2966 van
2006 2913 2295 2963 diveersche
2322 2907 2583 2958 suratsche
2611 2900 2843 2951 advijsen

964 3045 1046 3095 aen
1073 3039 1338 3090 gouverneur
1361 3034 1522 3082 Arnoed
1548 3032 1734 3078 Heussen
1759 3025 2051 3076 gecarteert,
2077 3020 2263 3070 daerbij
2289 3019 2421 3065 onder
2447 3016 2633 3063 anderen
2659 3016 2739 3061 bij
2765 3010 2951 3061 missive

973 3153 1148 3206 vanden
1177 3153 1235 3198 E.
1261 3145 1406 3196 Arend
1434 3141 1693 3190 Barentsen
1720 3134 1980 3185 gedateert
2008 3132 2095 3179 10.
2122 3130 2152 3176 '
2181 3129 2324 3175 febr.
2353 3121 2669 3174 g'adviseert
2696 3118 2841 3166 werdt
2868 3110 3043 3162 hoedal

961 3267 1044 3317 den
1067 3262 1151 3312 30.
1175 3261 1204 3307 '
1229 3254 1444 3304 december
1468 3251 1497 3298 d
1523 3249 1551 3295 '
1577 3247 1737 3295 fluijt
1763 3243 2004 3292 overschie
2030 3241 2190 3289 aldaer
2216 3239 2297 3286 Van
2323 3238 2483 3285 gamron
2510 3234 2857 3283 geretourneert
2881 3229 2991 3279 Was,

962 3376 1087 3429 mede
1116 3369 1392 3420 brengende
1422 3367 1484 3413 't
1512 3364 1545 3411 „
1574 3358 1758 3407 Nieuwe
1788 3352 2155 3403 Commandement
2185 3352 2308 3398 ofte
2337 3350 2521 3398 birman
2550 3345 2734 3394 vanden
2764 3342 2981 3390 Coninck

968 3499 1024 3544 in
1049 3492 1216 3542 partia
1243 3487 1409 3536 twegen
1436 3484 1519 3530 den
1545 3479 1739 3528 liberen
1767 3475 1933 3524 handel
1960 3474 2070 3521 ende
2098 3473 2208 3519 veel
2236 3473 2402 3519 andere
2428 3470 2649 3519 frivolep
2675 3464 3010 3515 reeminentien

963 3613 1107 3667 meer,
1132 3609 1191 3657 d'
1219 3607 1276 3652 E.
1302 3597 1557 3650 Compagnie
1585 3592 1867 3642 vergundl:)
1895 3592 1980 3638 aen
2006 3589 2064 3636 d'
2092 3587 2148 3633 H.
2175 3586 2205 3632 r
2231 3579 2543 3629 Wollebrandt
2571 3574 2890 3624 Geleijnssen

966 3715 1214 3769 verleendt,
1236 3709 1436 3760 waerjnne
1459 3708 1510 3753 d'
1533 3707 1634 3753 onse
1658 3706 1880 3753 vergundt,
1904 3704 2004 3750 ende
2027 3699 2275 3749 toestaedt,
2299 3696 2374 3743 den
2397 3689 2596 3740 liberen,
2620 3688 2670 3733 en
2693 3685 3016 3732 onbecommerden

952 3834 1117 3889 handel
1143 3832 1198 3877 E,
1223 3827 1334 3877 ende
1360 3825 1469 3872 door
1495 3820 1604 3869 sijn
1631 3816 1821 3864 geheele
1845 3811 2010 3859 rijck,
2036 3809 2172 3855 sijde
2198 3809 2280 3854 van
2306 3805 2632 3854 particuliere
2659 3806 2713 3851 te
2740 3806 2876 3854 mogen

971 3951 1154 4004 coopen,
1178 3946 1284 3995 ende
1309 3943 1362 3990 te
1386 3934 1649 3987 vervoeren,
1674 3928 2039 3979 sondergehouden
2066 3928 2118 3973 te
2144 3927 2248 3973 sijn
2274 3927 2352 3972 aen
2377 3923 2561 3972 pemandt
2587 3922 2743 3969 eenige
2769 3923 2928 3970 tollen
2951 3927 2978 3973 —

983 4067 1098 4119 ofte
1122 4052 1379 4110 raderijen
1406 4049 1464 4096 te
1492 4044 1718 4094 betaelen
1746 4042 1859 4088 onse
1887 4036 2340 4088 Coopmanschappen,
2365 4033 2425 4079 te
2451 4033 2594 4079 mogen
2621 4035 2796 4085 lansen

981 4170 1287 4229 vercoopen,
1316 4158 1623 4214 versenden,
1653 4157 1714 4203 en
1743 4155 1806 4203 d'
1836 4152 2112 4199 Contanten
2141 4144 2479 4197 gebruijcken
2508 4143 2694 4191 daerte
2722 4141 2846 4190 hade

0 735 138 781 en

0 943 31 990 g

137 936 233 990 comen

139 1031 178 1077 e

2114 1762 2197 1812 -

0 3609 31 3654 ten

0 4359 84 4408 d.
