<?xml version="1.0" encoding="UTF-8"?>
<PcGts xmlns="http://schema.primaresearch.org/PAGE/gts/pagecontent/2013-07-15">
  <Metadata externalRef="b8037c2a-2251-4667-8d20-ae97366d7395">
    <Creator>Laypa</Creator>
    <Created>2023-09-08T02:20:05</Created>
    <LastChange>2023-09-08T03:38:16</LastChange>
    <Comment>license: CC0</Comment>
    <MetadataItem type="processingStep" name="layout-analysis" value="laypa">
      <Labels>
        <Label value="228a7d24385cff0e51687c00d0e65a2c2a9703d5" type="githash"/>
        <Label value="61334eb4-edff-4af5-b036-b5927f35bbcf" type="uuid"/>
        <Label value="https://hdl.handle.net/10622/VMSCBR" type="laypamodelremote"/>
      </Labels>
    </MetadataItem>
    <MetadataItem type="processingStep" name="region-analysis" value="laypa">
      <Labels>
        <Label value="0a3442b4-835c-44bc-9115-3fd08263a5dc" type="uuid"/>
        <Label value="https://hdl.handle.net/10622/DMAS2T" type="laypamodelremote"/>
      </Labels>
    </MetadataItem>
    <MetadataItem type="processingStep" name="htr" value="loghi-htr">
      <Labels>
        <Label value="9efb3e0ff4338dc6e07d110ac4d435f27f5b0e16&#10;" type="githash"/>
        <Label value="3a9bdaa3-493c-483e-bbb2-f51961b8e5a0" type="uuid"/>
        <Label value="64" type="batch_size"/>
        <Label value="https://hdl.handle.net/10622/X2JZYY" type="loghihtrmodelremote"/>
      </Labels>
    </MetadataItem>
    <MetadataItem type="processingStep" name="word-splitting" value="loghi-htr-tooling"/>
    <MetadataItem type="other" name="dataset" value="https://hdl.handle.net/10622/LVXSBW">
      <Labels>
        <Label value="VOC transcriptions v2 - GLOBALISE" type="name"/>
        <Label value="Dataset in pagexml and txt format, including data card." type="description"/>
        <Label value="https://globalise.huygens.knaw.nl/" type="creator"/>
        <Label value="https://hdl.handle.net/10622/LVXSBW" type="url"/>
      </Labels>
    </MetadataItem>
  </Metadata>
  <Page imageFilename="NL-HaNA_1.04.02_1161_0602.jpg" imageWidth="3642" imageHeight="4883">
    <ReadingOrder>
      <OrderedGroup id="orderedgroup_f21b4cf0-370d-4ccd-8abf-2509eb88731f">
        <RegionRefIndexed index="0" regionRef="region_814fa517-96dc-49dc-a658-a77f6d50bde2_10"/>
        <RegionRefIndexed index="1" regionRef="region_7224ca46-381a-4082-9e19-ae19b5564a1e_9"/>
        <RegionRefIndexed index="2" regionRef="region_bb2c5163-03b3-4c46-b18f-fac785add04c_8"/>
        <RegionRefIndexed index="3" regionRef="region_431f567e-374f-41fc-8b67-b95f3247b9c9_6"/>
        <RegionRefIndexed index="4" regionRef="region_fe139054-7a6a-40f2-8297-b2682909deca_5"/>
        <RegionRefIndexed index="5" regionRef="region_3131973f-65fd-4c90-93fd-6b57cc00edb3_1"/>
        <RegionRefIndexed index="6" regionRef="region_8692b8ea-41d1-40cc-ad80-63e2f1905a8a_2"/>
        <RegionRefIndexed index="7" regionRef="region_4af072d7-bb81-4356-ac44-4b2de0a330b9_3"/>
        <RegionRefIndexed index="8" regionRef="region_e7371d32-ecf2-499a-a080-6628ec67f2d3_4"/>
        <RegionRefIndexed index="9" regionRef="region_5eb986b4-b032-465c-918a-ba8dd5dcbdd9_7"/>
      </OrderedGroup>
    </ReadingOrder>
    <TextRegion id="region_814fa517-96dc-49dc-a658-a77f6d50bde2_10" custom="structure {type:marginalia;}">
      <Coords points="1245,1526 1238,1526 1234,1522 1231,1522 1227,1526 1216,1526 1213,1529 1202,1529 1195,1536 1191,1536 1188,1540 1167,1540 1163,1536 1138,1536 1135,1540 1131,1540 1127,1543 1117,1543 1113,1547 1110,1547 1106,1551 1103,1551 1099,1554 1099,1558 1103,1561 1103,1565 1113,1576 1113,1579 1117,1576 1124,1576 1127,1572 1152,1572 1156,1568 1163,1568 1167,1565 1174,1565 1177,1561 1188,1561 1191,1558 1209,1558 1213,1554 1227,1554 1241,1540 1241,1533 1245,1529"/>
    </TextRegion>
    <TextRegion id="region_7224ca46-381a-4082-9e19-ae19b5564a1e_9" custom="structure {type:marginalia;}">
      <Coords points="1337,2433 1330,2425 1295,2425 1291,2429 1270,2429 1263,2436 1259,2436 1255,2440 1252,2440 1248,2443 1245,2443 1241,2447 1238,2447 1234,2450 1231,2450 1220,2461 1216,2461 1213,2465 1209,2465 1195,2479 1191,2479 1184,2486 1181,2486 1177,2490 1170,2490 1167,2493 1159,2493 1156,2497 1138,2497 1135,2500 1131,2500 1127,2504 1120,2504 1117,2507 1113,2507 1110,2511 1103,2511 1099,2514 1095,2514 1092,2518 1088,2518 1081,2525 1081,2536 1071,2546 1067,2546 1063,2550 1053,2550 1049,2546 1007,2546 1003,2550 985,2550 985,2554 989,2557 989,2593 992,2596 992,2600 999,2607 1007,2607 1010,2603 1024,2603 1028,2600 1039,2600 1042,2596 1053,2596 1056,2593 1095,2593 1099,2589 1135,2589 1138,2593 1167,2593 1167,2589 1181,2575 1199,2575 1202,2578 1209,2578 1213,2582 1216,2582 1220,2578 1227,2578 1231,2575 1241,2575 1248,2568 1248,2554 1263,2539 1266,2539 1273,2532 1277,2532 1295,2514 1295,2511 1302,2504 1302,2500 1309,2493 1309,2490 1316,2482 1320,2482 1323,2479 1323,2475 1327,2472 1327,2468 1330,2465 1330,2458 1334,2454 1334,2447 1337,2443"/>
    </TextRegion>
    <TextRegion id="region_bb2c5163-03b3-4c46-b18f-fac785add04c_8" custom="structure {type:marginalia;}">
      <Coords points="928,2557 925,2561 925,2582 921,2586 921,2593 918,2596 918,2600 925,2607 928,2607 932,2610 935,2607 935,2561 932,2557"/>
    </TextRegion>
    <TextRegion id="region_431f567e-374f-41fc-8b67-b95f3247b9c9_6" custom="structure {type:paragraph;}">
      <Coords points="1384,743 1384,782 1391,797 1394,818 1391,822 1387,857 1376,893 1376,921 1373,925 1373,967 1369,971 1373,1014 1355,1031 1344,1053 1341,1074 1369,1142 1366,1177 1369,1181 1369,1206 1380,1245 1391,1259 1408,1266 1533,1259 1536,1255 1622,1255 1625,1252 1825,1252 1828,1255 1878,1255 1881,1259 2084,1252 2088,1255 2184,1259 2187,1263 2269,1259 2273,1263 2344,1263 2347,1266 2732,1266 2735,1270 2820,1270 2824,1266 2838,1266 2842,1270 2945,1270 2948,1273 2980,1273 2984,1277 3009,1277 3012,1280 3123,1280 3126,1277 3201,1277 3205,1273 3219,1277 3229,1273 3237,1277 3301,1277 3304,1273 3368,1277 3389,1259 3404,1220 3411,1159 3414,1156 3414,1117 3418,1113 3414,1035 3418,1031 3418,1014 3436,971 3436,939 3439,935 3436,850 3443,822 3443,797 3453,765 3450,726 3443,711 3404,690 3393,694 3365,690 3343,697 3237,704 3212,711 3190,708 3187,711 3041,715 3037,711 2952,711 2948,708 2835,708 2831,704 2774,708 2771,704 2614,704 2611,701 2600,704 2515,704 2511,708 2504,704 1992,704 1988,701 1892,697 1889,694 1853,694 1849,690 1739,690 1736,686 1714,686 1711,690 1554,694 1551,697 1522,697 1519,701 1490,701 1487,704 1480,701 1416,701 1398,708"/>
      <TextLine id="line_5dcd3713-11a9-4ee3-b4d1-99564d19f5d5">
        <Coords points="1320,653 1658,658 1722,642 1754,618 2058,609 2314,617 2338,638 2798,629 2814,637 2886,637 2910,661 2938,665 3274,665 3310,685 3434,681 3470,716 3479,716 3479,795 3306,793 3281,814 3275,810 3265,817 3257,809 3106,810 3098,817 3058,785 2518,802 2482,802 2462,785 2430,785 2337,873 2325,873 2306,857 2254,853 2190,797 1926,797 1913,810 1878,810 1866,809 1850,793 1726,794 1690,789 1682,781 1614,781 1582,810 1486,818 1446,785 1320,781"/>
        <Baseline points="1359,760 1409,756 1459,761 1509,765 1559,768 1609,770 1659,770 1709,770 1759,770 1809,770 1859,769 1909,769 1959,769 2009,769 2059,768 2109,768 2159,768 2209,769 2259,768 2309,769 2359,769 2409,770 2459,771 2509,771 2559,769 2609,767 2659,766 2709,766 2759,766 2809,768 2859,769 2909,771 2959,771 3009,772 3059,773 3109,774 3159,775 3209,776 3259,778 3309,778 3359,779 3409,780 3441,776"/>
        <Word id="word_218c048c-bc8a-4db5-80c3-067ff7bd7e1f">
          <Coords points="1356,725 1406,721 1462,726 1512,730 1561,733 1610,735 1659,735 1709,735 1759,735 1809,735 1826,735 1827,780 1809,780 1759,780 1709,780 1659,780 1609,780 1558,778 1508,775 1458,771 1410,766 1360,770"/>
          <TextEquiv>
            <Unicode>Expiratie</Unicode>
          </TextEquiv>
        </Word>
        <Word id="word_7f769061-8f17-480c-b998-b1f49736590d">
          <Coords points="1880,734 1909,734 1959,734 2009,734 2035,733 2036,778 2009,779 1959,779 1909,779 1879,779"/>
          <TextEquiv>
            <Unicode>van</Unicode>
          </TextEquiv>
        </Word>
        <Word id="word_9ae9f58c-08d1-4c71-8d32-ab6be0478a32">
          <Coords points="2088,732 2110,733 2159,733 2210,734 2258,733 2296,734 2296,779 2259,778 2209,779 2159,778 2109,778 2087,777"/>
          <TextEquiv>
            <Unicode>tijt</Unicode>
          </TextEquiv>
        </Word>
        <Word id="word_316e1867-bb20-4070-9eed-807e7c43f185">
          <Coords points="2345,735 2357,734 2410,735 2460,736 2509,736 2555,734 2556,779 2509,781 2459,781 2409,780 2360,779 2348,780"/>
          <TextEquiv>
            <Unicode>inde</Unicode>
          </TextEquiv>
        </Word>
        <Word id="word_0ab8c999-faa5-4cf6-aaec-ccb744e52b3f">
          <Coords points="2607,732 2608,732 2658,731 2709,731 2759,731 2810,733 2860,734 2870,734 2868,779 2859,779 2809,778 2759,776 2709,776 2659,776 2609,777 2608,777"/>
          <TextEquiv>
            <Unicode>selve</Unicode>
          </TextEquiv>
        </Word>
        <Word id="word_3b03cace-1eb5-414d-904a-1fd2b01a7f32">
          <Coords points="2920,736 2959,736 3010,737 3060,738 3110,739 3160,740 3210,741 3260,743 3309,743 3360,744 3410,745 3437,741 3442,786 3409,790 3359,789 3309,788 3259,788 3209,786 3159,785 3109,784 3059,783 3009,782 2959,781 2921,781"/>
          <TextEquiv>
            <Unicode>qualiteijt</Unicode>
          </TextEquiv>
        </Word>
        <TextEquiv conf="0.9290382585670846">
          <Unicode>Expiratie van tijt inde selve qualiteijt</Unicode>
        </TextEquiv>
        <TextStyle xHeight="50"/>
      </TextLine>
      <TextLine id="line_670b620a-dcab-40fa-b3f5-62f97660fb39">
        <Coords points="1373,782 1435,782 1487,818 1583,810 1599,798 1718,803 1726,795 1762,790 1846,790 1854,798 2190,798 2254,853 2306,857 2333,873 2429,786 2461,786 2485,803 2645,799 2653,791 2849,795 2953,786 3065,786 3085,799 3271,794 3279,802 3300,794 3432,794 3477,828 3477,907 3464,908 3433,936 3157,935 3148,944 2885,939 2836,893 2661,893 2629,897 2614,908 2390,909 2370,908 2349,893 2266,893 2210,948 2158,943 2142,927 2126,928 2102,932 2063,971 2054,964 2042,972 2030,963 1838,963 1802,927 1711,927 1684,901 1407,901 1373,916"/>
        <Baseline points="1412,891 1462,893 1512,892 1562,892 1612,891 1662,891 1712,891 1762,891 1812,890 1862,889 1912,889 1962,888 2012,888 2062,887 2112,886 2162,885 2212,884 2262,885 2312,884 2362,882 2412,882 2462,881 2512,880 2562,880 2612,880 2662,880 2712,881 2762,881 2812,880 2862,879 2912,880 2962,881 3012,882 3062,883 3112,883 3162,885 3212,886 3262,885 3312,885 3362,884 3412,885 3439,888"/>
        <Word id="word_39ecdb89-243a-45b6-b13d-cf7d43c283df">
          <Coords points="1413,856 1463,858 1503,857 1504,902 1462,903 1412,901"/>
          <TextEquiv>
            <Unicode>d'</Unicode>
          </TextEquiv>
        </Word>
        <Word id="word_997f4b1e-f2a3-44d8-8c7c-b9058d8cebe1">
          <Coords points="1552,856 1564,857 1611,856 1662,856 1712,856 1734,856 1734,901 1712,901 1662,901 1612,901 1561,902 1550,901"/>
          <TextEquiv>
            <Unicode>novo</Unicode>
          </TextEquiv>
        </Word>
        <Word id="word_09d4af86-c61a-4c09-b05d-cd9cccaf105e">
          <Coords points="1779,856 1811,855 1861,854 1912,854 1961,853 1965,853 1965,898 1962,898 1912,899 1862,899 1812,900 1781,901"/>
          <TextEquiv>
            <Unicode>voor</Unicode>
          </TextEquiv>
        </Word>
        <Word id="word_cdad8d8a-a576-41ca-9581-778299d7725b">
          <Coords points="2011,853 2012,853 2061,852 2111,851 2161,850 2211,849 2242,850 2241,895 2212,894 2162,895 2112,896 2062,897 2012,898 2011,898"/>
          <TextEquiv>
            <Unicode>drije</Unicode>
          </TextEquiv>
        </Word>
        <Word id="word_6ae9841e-e0f8-4459-8e33-4de8827ba603">
          <Coords points="2285,851 2310,849 2361,847 2412,847 2461,846 2511,845 2562,845 2564,845 2564,890 2562,890 2512,890 2462,891 2412,892 2362,892 2313,894 2288,895"/>
          <TextEquiv>
            <Unicode>jaeren</Unicode>
          </TextEquiv>
        </Word>
        <Word id="word_390616f7-4feb-4ed4-bbfe-fa1f13ea88e8">
          <Coords points="2610,845 2612,845 2662,845 2713,846 2762,846 2793,845 2794,890 2762,891 2712,891 2662,890 2612,890 2610,890"/>
          <TextEquiv>
            <Unicode>medt</Unicode>
          </TextEquiv>
        </Word>
        <Word id="word_3f6f507a-ff4c-447f-b818-f423975dfcdc">
          <Coords points="2839,844 2861,844 2913,845 2963,846 2979,846 2978,891 2962,891 2912,890 2862,889 2840,889"/>
          <TextEquiv>
            <Unicode>een</Unicode>
          </TextEquiv>
        </Word>
        <Word id="word_4339a01b-9476-406a-8c04-b3d06397e2b7">
          <Coords points="3025,847 3063,848 3112,848 3163,850 3213,851 3261,850 3312,850 3361,849 3413,850 3443,853 3438,898 3412,895 3362,894 3312,895 3262,895 3212,896 3162,895 3112,893 3062,893 3024,892"/>
          <TextEquiv>
            <Unicode>tracktemt</Unicode>
          </TextEquiv>
        </Word>
        <TextEquiv conf="0.8592368065327374">
          <Unicode>d' novo voor drije jaeren medt een tracktemt</Unicode>
        </TextEquiv>
        <TextStyle xHeight="43"/>
      </TextLine>
      <TextLine id="a5f8160f-49dd-4ed0-ab86-9085b8076516">
        <Coords points="1341,929 1407,901 1683,901 1710,928 1802,928 1838,963 2030,963 2042,975 2056,976 2102,933 2146,928 2162,944 2210,949 2266,893 2354,889 2370,896 2386,889 2866,889 2896,917 3081,916 3089,924 3156,924 3172,933 3408,936 3436,964 3473,928 3473,1007 3396,1007 3356,1039 3184,1039 3176,1046 3160,1035 2857,1026 2829,1010 1926,1010 1902,1031 1806,1030 1786,1018 1627,1018 1535,1058 1341,1053"/>
        <Baseline points="1380,1000 1430,995 1480,996 1530,995 1580,996 1630,997 1680,998 1730,998 1780,997 1830,997 1880,998 1930,998 1980,998 2030,998 2080,998 2130,997 2180,996 2230,997 2280,996 2330,995 2380,995 2430,994 2480,994 2530,994 2580,994 2630,994 2680,995 2730,995 2780,995 2830,994 2880,994 2930,993 2980,992 3030,990 3080,989 3130,988 3180,986 3230,985 3280,985 3330,985 3380,985 3430,986 3435,988"/>
        <Word id="word_052778fb-e4e0-4d63-924e-312f18fb02d1">
          <Coords points="1377,965 1427,960 1481,961 1529,960 1539,960 1538,1005 1530,1005 1480,1006 1431,1005 1381,1010"/>
          <TextEquiv>
            <Unicode>van</Unicode>
          </TextEquiv>
        </Word>
        <Word id="word_8ec4234c-c699-49c8-ae28-8241ae0a1dec">
          <Coords points="1591,961 1631,962 1681,963 1730,963 1779,962 1830,962 1855,962 1854,1007 1830,1007 1780,1007 1730,1008 1680,1008 1630,1007 1590,1006"/>
          <TextEquiv>
            <Unicode>thien</Unicode>
          </TextEquiv>
        </Word>
        <Word id="word_cb8296f8-b034-43cd-bd20-33f686038b9f">
          <Coords points="1906,964 1929,963 1980,963 2030,963 2080,963 2129,962 2179,961 2231,962 2275,961 2276,1006 2230,1007 2180,1006 2130,1007 2080,1008 2030,1008 1980,1008 1930,1008 1907,1009"/>
          <TextEquiv>
            <Unicode>guldens</Unicode>
          </TextEquiv>
        </Word>
        <Word id="word_601fee10-cf91-4330-a2ec-e5423a5400e1">
          <Coords points="2328,960 2329,960 2380,960 2429,959 2480,959 2487,959 2487,1004 2480,1004 2430,1004 2380,1005 2330,1005 2329,1005"/>
          <TextEquiv>
            <Unicode>ter</Unicode>
          </TextEquiv>
        </Word>
        <Word id="word_c04c4cd9-dca5-4153-b412-07b46bf39e45">
          <Coords points="2539,959 2580,959 2630,959 2681,960 2730,960 2780,960 2829,959 2856,959 2856,1004 2830,1004 2780,1005 2730,1005 2680,1005 2630,1004 2580,1004 2539,1004"/>
          <TextEquiv>
            <Unicode>maendt</Unicode>
          </TextEquiv>
        </Word>
        <Word id="word_9d811d71-809a-44e7-bb00-85e9dd84e7e8">
          <Coords points="2907,959 2928,958 2979,957 3029,955 3079,954 3129,953 3179,951 3229,950 3280,950 3330,950 3380,950 3431,951 3448,955 3431,997 3430,996 3380,995 3330,995 3280,995 3230,995 3180,996 3130,998 3080,999 3030,1000 2980,1002 2930,1003 2909,1004"/>
          <TextEquiv>
            <Unicode>aengenomen</Unicode>
          </TextEquiv>
        </Word>
        <TextEquiv conf="0.9274542543507089">
          <Unicode>van thien guldens ter maendt aengenomen</Unicode>
        </TextEquiv>
        <TextStyle xHeight="36"/>
      </TextLine>
      <TextLine id="line_5f770707-5507-401d-adc9-7b72865b112a">
        <Coords points="1325,1052 1443,1052 1455,1064 1491,1065 1551,1053 1631,1016 1786,1016 1806,1032 1894,1033 1922,1009 2841,1012 2885,1056 2937,1056 2969,1088 3001,1072 3134,1072 3167,1103 3216,1100 3272,1053 3349,1053 3349,1132 3344,1126 3228,1122 2565,1127 2549,1143 2318,1143 2290,1155 1934,1150 1874,1146 1858,1130 1325,1135"/>
        <Baseline points="1364,1128 1414,1126 1464,1125 1514,1123 1564,1122 1614,1121 1664,1119 1714,1118 1764,1117 1814,1116 1864,1114 1914,1113 1964,1114 2014,1114 2064,1116 2114,1117 2164,1117 2214,1117 2264,1117 2314,1117 2364,1116 2414,1117 2464,1116 2514,1116 2564,1118 2614,1117 2664,1116 2714,1116 2764,1116 2814,1116 2864,1115 2914,1114 2964,1114 3014,1114 3064,1114 3114,1114 3164,1112 3214,1110 3264,1109 3311,1113"/>
        <Word id="word_0ff92117-ac26-480e-9a2e-c401a89e480f">
          <Coords points="1363,1093 1413,1091 1463,1090 1471,1090 1473,1135 1464,1135 1414,1136 1364,1138"/>
          <TextEquiv>
            <Unicode>d'</Unicode>
          </TextEquiv>
        </Word>
        <Word id="word_f8c5a428-4dc1-4d3d-8255-396770564d70">
          <Coords points="1526,1088 1564,1087 1613,1086 1663,1084 1713,1083 1763,1082 1813,1081 1863,1079 1913,1078 1965,1079 2014,1079 2065,1081 2115,1082 2164,1082 2175,1082 2175,1127 2164,1127 2114,1127 2064,1126 2014,1124 1964,1124 1914,1123 1864,1124 1814,1126 1764,1127 1714,1128 1664,1129 1614,1131 1564,1132 1526,1133"/>
          <TextEquiv>
            <Unicode>verbeteringe</Unicode>
          </TextEquiv>
        </Word>
        <Word id="word_fab36aa1-138a-4748-b1f9-ecf01c415774">
          <Coords points="2229,1082 2264,1082 2314,1082 2363,1081 2392,1082 2391,1127 2364,1126 2314,1127 2264,1127 2229,1127"/>
          <TextEquiv>
            <Unicode>van</Unicode>
          </TextEquiv>
        </Word>
        <Word id="word_c19ad55c-7bfe-4e79-a700-ffb7bd3b7db3">
          <Coords points="2443,1083 2461,1081 2514,1081 2565,1083 2613,1082 2663,1081 2714,1081 2716,1081 2716,1126 2714,1126 2664,1126 2614,1127 2564,1128 2514,1126 2465,1126 2447,1128"/>
          <TextEquiv>
            <Unicode>gagie</Unicode>
          </TextEquiv>
        </Word>
        <Word id="word_243ab44b-8d5c-4ca6-b029-da9d0bb90414">
          <Coords points="2770,1081 2814,1081 2863,1080 2878,1080 2879,1125 2864,1125 2814,1126 2770,1126"/>
          <TextEquiv>
            <Unicode>en</Unicode>
          </TextEquiv>
        </Word>
        <Word id="word_4a7c1917-931e-49dd-8bfe-f10676caa3c4">
          <Coords points="2933,1079 2964,1079 3014,1079 3064,1079 3114,1079 3163,1077 3213,1075 3263,1074 3314,1078 3310,1123 3264,1119 3214,1120 3164,1122 3114,1124 3064,1124 3014,1124 2964,1124 2932,1124"/>
          <TextEquiv>
            <Unicode>tnieuwe</Unicode>
          </TextEquiv>
        </Word>
        <TextEquiv conf="0.8505030537715398">
          <Unicode>d' verbeteringe van gagie en tnieuwe</Unicode>
        </TextEquiv>
        <TextStyle xHeight="37"/>
      </TextLine>
      <TextLine id="line_1d624967-b1c3-4610-ab78-1fdbf7545e0b">
        <Coords points="1888,1147 2036,1148 2080,1141 2079,1222 2036,1222 2021,1210 1981,1210 1949,1242 1921,1241 1902,1222 1888,1230"/>
        <Baseline points="1927,1204 1977,1202 2027,1200 2042,1201"/>
        <Word id="word_840afff6-127c-4782-932a-e2f13373581c">
          <Coords points="1926,1169 1976,1167 2026,1165 2044,1166 2041,1211 2027,1210 1977,1212 1927,1214"/>
          <TextEquiv>
            <Unicode>mo</Unicode>
          </TextEquiv>
        </Word>
        <TextEquiv conf="0.8061298665287093">
          <Unicode>mo</Unicode>
        </TextEquiv>
        <TextStyle xHeight="31"/>
      </TextLine>
      <TextLine id="line_50ce1b0c-d1c8-4b41-80c8-50bad65becd7">
        <Coords points="1329,1136 1564,1132 1575,1143 1800,1143 1813,1155 1838,1147 1950,1247 1998,1208 2046,1208 2110,1151 3096,1151 3200,1203 3262,1203 3290,1231 3352,1224 3415,1165 3421,1171 3421,1251 3244,1250 3156,1254 3148,1262 3021,1262 3013,1270 2905,1274 2557,1274 2545,1282 1838,1281 1822,1290 1479,1290 1459,1273 1383,1273 1329,1282"/>
        <Baseline points="1368,1256 1418,1251 1468,1250 1518,1249 1568,1247 1618,1245 1668,1244 1718,1243 1768,1241 1818,1241 1868,1245 1918,1255 1968,1255 2018,1250 2068,1249 2118,1247 2168,1247 2218,1246 2268,1247 2318,1245 2368,1246 2418,1245 2468,1245 2518,1245 2568,1245 2618,1244 2668,1245 2718,1246 2768,1245 2818,1245 2868,1244 2918,1243 2968,1244 3018,1243 3068,1243 3118,1242 3168,1243 3218,1244 3268,1243 3318,1239 3368,1235 3383,1232"/>
        <Word id="word_a2990fb1-fbb1-4646-8a62-172be4145250">
          <Coords points="1365,1221 1415,1216 1467,1215 1517,1214 1567,1212 1617,1210 1667,1209 1717,1208 1767,1206 1818,1206 1832,1207 1828,1252 1818,1251 1768,1251 1718,1253 1668,1254 1618,1255 1568,1257 1518,1259 1468,1260 1419,1261 1369,1266"/>
          <TextEquiv>
            <Unicode>verbandt</Unicode>
          </TextEquiv>
        </Word>
        <Word id="word_bd689cac-6432-4322-b5c1-4493ed83681a">
          <Coords points="1895,1213 1927,1221 1968,1220 2015,1215 2057,1214 2058,1259 2019,1260 1968,1265 1915,1265 1884,1256"/>
          <TextEquiv>
            <Unicode>p„o</Unicode>
          </TextEquiv>
        </Word>
        <Word id="word_8b90aaa9-2d69-4bbd-921a-f20dec18685e">
          <Coords points="2102,1216 2105,1215 2168,1212 2217,1211 2269,1212 2317,1210 2369,1211 2403,1210 2404,1255 2368,1256 2318,1255 2268,1257 2218,1256 2168,1257 2122,1256 2119,1257"/>
          <TextEquiv>
            <Unicode>deses</Unicode>
          </TextEquiv>
        </Word>
        <Word id="word_87e95855-da4d-42ba-a038-cf07a3fb17a4">
          <Coords points="2465,1209 2472,1210 2518,1210 2568,1210 2617,1209 2669,1210 2719,1211 2767,1210 2818,1210 2867,1209 2917,1208 2923,1208 2922,1253 2918,1253 2868,1254 2818,1255 2768,1255 2718,1256 2668,1255 2618,1254 2568,1255 2518,1255 2467,1255 2460,1254"/>
          <TextEquiv>
            <Unicode>aenvanck</Unicode>
          </TextEquiv>
        </Word>
        <Word id="word_9b0bcbc8-b40a-4a23-b02f-73e91d221b03">
          <Coords points="2979,1209 3017,1208 3068,1208 3117,1207 3169,1208 3219,1209 3267,1208 3315,1204 3365,1200 3376,1198 3385,1242 3369,1245 3319,1249 3268,1253 3218,1254 3168,1253 3118,1252 3068,1253 3018,1253 2980,1254"/>
          <TextEquiv>
            <Unicode>nemende</Unicode>
          </TextEquiv>
        </Word>
        <TextEquiv conf="0.8976150072430269">
          <Unicode>verbandt p„o deses aenvanck nemende</Unicode>
        </TextEquiv>
        <TextStyle xHeight="39"/>
      </TextLine>
    </TextRegion>
    <TextRegion id="region_fe139054-7a6a-40f2-8297-b2682909deca_5" custom="structure {type:paragraph;}">
      <Coords points="1323,1405 1305,1504 1334,1540 1334,1597 1298,1672 1330,1736 1327,1817 1352,2013 1330,2216 1384,2326 1380,2383 1366,2415 1341,2433 1327,2475 1334,2504 1309,2532 1302,2578 1316,2710 1309,2859 1320,2920 1316,2995 1327,3030 1327,3108 1298,3190 1291,3297 1312,3453 1334,3482 1359,3485 1430,3464 1497,3460 1832,3464 2223,3436 2422,3436 2475,3404 2483,3393 2479,3347 2490,3336 2667,3311 2970,3304 3375,3322 3407,3304 3418,3279 3404,3112 3407,3012 3382,2948 3343,2738 3361,2692 3354,2593 3368,2550 3368,2525 3354,2514 3293,2500 3055,2493 2849,2500 2664,2486 2372,2504 1583,2511 1476,2504 1448,2482 1469,2440 1515,2422 1636,2408 1803,2372 1842,2351 1853,2308 1889,2287 2433,2280 2564,2262 2753,2258 3293,2262 3365,2273 3414,2262 3432,2230 3432,2116 3400,1992 3400,1952 3425,1892 3414,1700 3418,1508 3400,1408 3379,1380 3037,1362 2717,1373 2333,1355 2049,1355 1878,1376 1600,1373 1344,1387"/>
      <TextLine id="e5e7aa90-0b36-4c6a-8fe9-9988ca948e56">
        <Coords points="1274,1282 1460,1273 1480,1293 1504,1294 1823,1290 1839,1281 2695,1281 2735,1313 3050,1304 3142,1395 3162,1400 3206,1371 3391,1371 3391,1449 3302,1448 3290,1460 3258,1449 2942,1456 2934,1464 2819,1463 2811,1455 2167,1455 2107,1447 2059,1456 1436,1455 1372,1460 1274,1512"/>
        <Baseline points="1313,1432 1363,1446 1413,1445 1463,1444 1513,1443 1563,1442 1613,1441 1663,1441 1713,1439 1763,1438 1813,1437 1863,1437 1913,1437 1963,1435 2013,1433 2063,1432 2113,1431 2163,1433 2213,1435 2263,1436 2313,1436 2363,1437 2413,1439 2463,1438 2513,1437 2563,1439 2613,1440 2663,1439 2713,1439 2763,1438 2813,1438 2863,1438 2913,1439 2963,1437 3013,1436 3063,1436 3113,1435 3163,1434 3213,1433 3263,1433 3313,1431 3353,1430"/>
        <Word id="word_9416e19e-6b6a-4f47-a651-db992b92ad7e">
          <Coords points="1322,1398 1372,1412 1412,1410 1462,1409 1512,1408 1562,1407 1612,1406 1663,1406 1712,1404 1762,1403 1777,1403 1778,1448 1763,1448 1713,1449 1663,1451 1613,1451 1563,1452 1513,1453 1463,1454 1413,1455 1360,1456 1310,1442"/>
          <TextEquiv>
            <Unicode>Hendrick</Unicode>
          </TextEquiv>
        </Word>
        <Word id="word_ad21c332-adb3-4731-b849-c67d05d0b87b">
          <Coords points="1837,1402 1864,1402 1913,1402 1962,1400 2012,1398 2062,1397 2112,1396 2164,1398 2214,1400 2264,1401 2313,1401 2364,1402 2414,1404 2462,1403 2477,1403 2478,1448 2463,1448 2413,1449 2363,1447 2313,1446 2263,1446 2213,1445 2163,1443 2113,1441 2063,1442 2013,1443 1963,1445 1913,1447 1863,1447 1836,1447"/>
          <TextEquiv>
            <Unicode>Hendricksen</Unicode>
          </TextEquiv>
        </Word>
        <Word id="word_c0558c03-403c-4c4b-9253-a7c7d9128be2">
          <Coords points="2539,1402 2566,1404 2614,1405 2662,1404 2711,1404 2711,1449 2663,1449 2613,1450 2562,1449 2535,1446"/>
          <TextEquiv>
            <Unicode>van</Unicode>
          </TextEquiv>
        </Word>
        <Word id="word_d97a8594-cd8d-4874-b4f4-95a756d23818">
          <Coords points="2769,1404 2812,1403 2863,1403 2914,1404 2962,1402 3012,1401 3063,1401 3112,1400 3162,1399 3212,1398 3263,1398 3312,1396 3352,1395 3353,1440 3313,1441 3263,1443 3213,1443 3163,1444 3113,1445 3063,1446 3013,1446 2963,1447 2913,1449 2863,1448 2813,1448 2770,1449"/>
          <TextEquiv>
            <Unicode>oldenburgh</Unicode>
          </TextEquiv>
        </Word>
        <TextEquiv conf="0.9418755706914106">
          <Unicode>Hendrick Hendricksen van oldenburgh</Unicode>
        </TextEquiv>
        <TextStyle xHeight="50"/>
      </TextLine>
      <TextLine id="bfdc7bfa-b7a4-4c64-a823-1c15afd58adc">
        <Coords points="1334,1484 1372,1460 1436,1455 2059,1456 2087,1447 2167,1455 2811,1455 2819,1463 2871,1464 2931,1464 2939,1456 3258,1449 3290,1460 3303,1448 3310,1455 3374,1455 3402,1483 3426,1487 3438,1499 3454,1484 3487,1484 3487,1565 3474,1566 3430,1605 3410,1605 3358,1553 3186,1553 3022,1554 3002,1574 2935,1574 2914,1558 2895,1574 2843,1594 2831,1594 2814,1577 2755,1577 2747,1569 2575,1570 2387,1578 2379,1586 2351,1590 2247,1590 2219,1565 1872,1566 1844,1594 1804,1594 1760,1566 1536,1570 1492,1610 1367,1613 1356,1603 1334,1606"/>
        <Baseline points="1373,1568 1423,1562 1473,1561 1523,1557 1573,1554 1623,1552 1673,1551 1723,1550 1773,1549 1823,1549 1873,1548 1923,1547 1973,1546 2023,1545 2073,1545 2123,1544 2173,1544 2223,1545 2273,1545 2323,1545 2373,1546 2423,1545 2473,1546 2523,1548 2573,1547 2623,1545 2673,1546 2723,1546 2773,1545 2823,1544 2873,1544 2923,1545 2973,1545 3023,1545 3073,1544 3123,1543 3173,1542 3223,1540 3273,1540 3323,1540 3373,1541 3423,1545 3449,1545"/>
        <Word id="word_87b4b977-c8fd-4933-8507-c7a824789b7a">
          <Coords points="1369,1533 1419,1527 1466,1526 1467,1571 1424,1572 1374,1578"/>
          <TextEquiv>
            <Unicode>jn</Unicode>
          </TextEquiv>
        </Word>
        <Word id="word_dbc93756-bf1b-4622-a1c6-505347933cfd">
          <Coords points="1502,1527 1511,1524 1571,1519 1622,1517 1672,1516 1722,1515 1749,1514 1750,1559 1723,1560 1673,1561 1623,1562 1574,1564 1526,1566 1518,1570"/>
          <TextEquiv>
            <Unicode>jndia</Unicode>
          </TextEquiv>
        </Word>
        <Word id="word_23c346e5-475b-453d-b10f-fa85f5e5fd6d">
          <Coords points="1797,1514 1824,1514 1872,1513 1922,1512 1972,1511 2022,1510 2073,1510 2122,1509 2127,1509 2127,1554 2123,1554 2073,1555 2023,1555 1973,1556 1923,1557 1873,1558 1823,1559 1797,1559"/>
          <TextEquiv>
            <Unicode>gecomen</Unicode>
          </TextEquiv>
        </Word>
        <Word id="word_5bef1145-558a-48bb-b296-c11601ea2435">
          <Coords points="2175,1509 2224,1510 2269,1510 2269,1555 2223,1555 2174,1554"/>
          <TextEquiv>
            <Unicode>ao</Unicode>
          </TextEquiv>
        </Word>
        <Word id="word_6c7c1d44-0554-4ab1-9b45-edc2bd82737c">
          <Coords points="2316,1510 2323,1510 2374,1511 2422,1510 2474,1511 2506,1512 2504,1557 2473,1556 2423,1555 2373,1556 2323,1555 2316,1555"/>
          <TextEquiv>
            <Unicode>1643</Unicode>
          </TextEquiv>
        </Word>
        <Word id="word_378c503a-783a-4e75-a40a-47bf8bce5e4c">
          <Coords points="2548,1514 2569,1512 2622,1510 2674,1511 2693,1511 2693,1556 2673,1556 2623,1555 2574,1557 2553,1559"/>
          <TextEquiv>
            <Unicode>met</Unicode>
          </TextEquiv>
        </Word>
        <Word id="word_0613119f-38dd-447b-9541-42729100bfa5">
          <Coords points="2740,1511 2772,1510 2822,1509 2873,1509 2924,1510 2973,1510 2977,1510 2977,1555 2973,1555 2923,1555 2873,1554 2823,1554 2773,1555 2741,1556"/>
          <TextEquiv>
            <Unicode>schip</Unicode>
          </TextEquiv>
        </Word>
        <Word id="word_7e3e21f8-20b5-44ea-b94a-ab16f6a3e9be">
          <Coords points="3023,1510 3072,1509 3122,1508 3172,1507 3222,1505 3273,1505 3323,1505 3374,1506 3426,1510 3448,1510 3448,1555 3422,1555 3373,1551 3323,1550 3273,1550 3223,1550 3173,1552 3123,1553 3073,1554 3024,1555"/>
          <TextEquiv>
            <Unicode>leeuwaerd</Unicode>
          </TextEquiv>
        </Word>
        <TextEquiv conf="0.888240614250387">
          <Unicode>jn jndia gecomen ao 1643 met schip leeuwaerd</Unicode>
        </TextEquiv>
        <TextStyle xHeight="46"/>
      </TextLine>
      <TextLine id="line_1f64b730-27aa-43a1-ad47-d904118a0a00">
        <Coords points="1288,1641 1346,1601 1366,1613 1494,1609 1542,1565 1566,1561 1754,1560 1802,1593 1845,1593 1877,1564 2217,1564 2245,1589 2489,1581 2497,1573 2749,1572 2816,1576 2833,1593 2845,1593 2896,1569 3004,1573 3024,1553 3356,1552 3435,1621 3468,1597 3493,1596 3493,1675 3436,1731 3400,1710 3204,1706 3196,1698 3120,1694 2972,1694 2944,1674 2909,1675 2881,1695 2793,1694 2777,1707 2762,1698 2693,1698 2677,1711 2461,1715 2329,1714 2301,1694 2017,1690 2005,1699 1762,1702 1750,1711 1398,1706 1374,1715 1338,1751 1314,1755 1288,1779"/>
        <Baseline points="1327,1697 1377,1688 1427,1683 1477,1681 1527,1680 1577,1678 1627,1675 1677,1673 1727,1670 1777,1668 1827,1666 1877,1664 1927,1662 1977,1661 2027,1660 2077,1660 2127,1660 2177,1660 2227,1662 2277,1662 2327,1660 2377,1660 2427,1661 2477,1661 2527,1660 2577,1660 2627,1661 2677,1658 2727,1656 2777,1654 2827,1652 2877,1651 2927,1651 2977,1650 3027,1649 3077,1649 3127,1650 3177,1651 3227,1652 3277,1651 3327,1652 3377,1653 3427,1653 3455,1656"/>
        <Word id="word_4d681f59-0a2e-4532-af4e-fede359dff42">
          <Coords points="1321,1663 1368,1654 1376,1698 1329,1707"/>
          <TextEquiv>
            <Unicode>a</Unicode>
          </TextEquiv>
        </Word>
        <Word id="word_071558e6-8ded-47ad-8a04-e1d57e0cd990">
          <Coords points="1442,1651 1446,1654 1476,1646 1526,1645 1565,1643 1567,1688 1527,1690 1477,1691 1421,1691 1417,1688"/>
          <TextEquiv>
            <Unicode>200</Unicode>
          </TextEquiv>
        </Word>
        <Word id="word_a5d516e6-76ad-4ab9-b5b7-01778d278b39">
          <Coords points="1611,1642 1623,1640 1676,1638 1725,1635 1758,1634 1760,1679 1728,1680 1677,1683 1628,1685 1616,1686"/>
          <TextEquiv>
            <Unicode>ter</Unicode>
          </TextEquiv>
        </Word>
        <Word id="word_782bcbb4-c7d8-4175-a666-a9a0b1da64ce">
          <Coords points="1807,1632 1826,1631 1876,1629 1926,1627 1976,1626 2026,1625 2077,1625 2099,1625 2099,1670 2077,1670 2027,1670 1977,1671 1927,1672 1877,1674 1827,1676 1809,1677"/>
          <TextEquiv>
            <Unicode>maendt</Unicode>
          </TextEquiv>
        </Word>
        <Word id="word_d93cf90b-531d-4542-ba5d-0be30a996350">
          <Coords points="2147,1625 2177,1625 2228,1627 2277,1627 2326,1625 2341,1625 2341,1670 2327,1670 2277,1672 2227,1672 2177,1670 2147,1670"/>
          <TextEquiv>
            <Unicode>voor</Unicode>
          </TextEquiv>
        </Word>
        <Word id="word_8aa1e702-38a2-4932-85fb-45036d6028e5">
          <Coords points="2390,1625 2428,1626 2477,1626 2526,1625 2577,1625 2628,1626 2675,1623 2726,1621 2776,1619 2826,1617 2876,1616 2921,1616 2921,1661 2877,1661 2827,1662 2777,1664 2727,1666 2678,1668 2627,1671 2577,1670 2527,1670 2477,1671 2427,1671 2389,1670"/>
          <TextEquiv>
            <Unicode>Bootsgesell</Unicode>
          </TextEquiv>
        </Word>
        <Word id="word_249cb544-b6e4-4307-9745-a15d8b33d61f">
          <Coords points="2965,1616 2972,1615 3026,1614 3077,1614 3128,1615 3178,1616 3212,1617 3211,1662 3177,1661 3127,1660 3077,1659 3027,1659 2978,1660 2971,1661"/>
          <TextEquiv>
            <Unicode>werdt</Unicode>
          </TextEquiv>
        </Word>
        <Word id="word_ec7f96f1-f6c3-4b5d-85ca-1aeffa303c55">
          <Coords points="3257,1618 3274,1616 3328,1617 3378,1618 3427,1618 3457,1621 3452,1666 3427,1663 3377,1663 3327,1662 3278,1661 3261,1663"/>
          <TextEquiv>
            <Unicode>door</Unicode>
          </TextEquiv>
        </Word>
        <TextEquiv conf="0.8804524875627505">
          <Unicode>a 200 ter maendt voor Bootsgesell werdt door</Unicode>
        </TextEquiv>
        <TextStyle xHeight="50"/>
      </TextLine>
      <TextLine id="line_8f362f3a-074b-433f-b9b2-5bdedcee49c0">
        <Coords points="1317,1752 1339,1749 1367,1721 1415,1693 1563,1693 1571,1685 1723,1677 2291,1692 2311,1696 2331,1713 2462,1713 2682,1709 2698,1696 2760,1696 2778,1705 2790,1693 2878,1693 2910,1676 2950,1676 2974,1696 3198,1700 3214,1713 3398,1708 3437,1724 3446,1717 3495,1713 3495,1793 3435,1850 3408,1846 3364,1802 3278,1802 3200,1874 3082,1869 3063,1850 2984,1850 2973,1858 2830,1857 2786,1846 2706,1850 2694,1838 2646,1838 2638,1830 2494,1830 2406,1835 2376,1865 2287,1866 2257,1893 2249,1885 2215,1885 2167,1846 2011,1846 1963,1810 1663,1815 1632,1846 1591,1816 1543,1816 1523,1827 1317,1826"/>
        <Baseline points="1356,1812 1406,1811 1456,1808 1506,1802 1556,1799 1606,1797 1656,1796 1706,1795 1756,1794 1806,1793 1856,1793 1906,1793 1956,1792 2006,1791 2056,1790 2106,1791 2156,1791 2206,1791 2256,1791 2306,1791 2356,1792 2406,1793 2456,1791 2506,1789 2556,1788 2606,1787 2656,1786 2706,1785 2756,1785 2806,1785 2856,1785 2906,1784 2956,1784 3006,1781 3056,1778 3106,1778 3156,1777 3206,1776 3256,1776 3306,1776 3356,1775 3406,1775 3456,1773 3457,1773"/>
        <Word id="word_9a2596ff-69b3-42a6-b458-1c5edec45244">
          <Coords points="1355,1777 1405,1776 1454,1773 1502,1767 1554,1764 1605,1762 1655,1761 1705,1760 1741,1759 1742,1804 1706,1805 1656,1806 1606,1807 1557,1809 1507,1812 1457,1818 1406,1821 1356,1822"/>
          <TextEquiv>
            <Unicode>Expiratie</Unicode>
          </TextEquiv>
        </Word>
        <Word id="word_220e33cc-c43f-4942-ba23-9a71dcdfad5a">
          <Coords points="1784,1758 1805,1758 1856,1758 1906,1758 1912,1758 1913,1803 1906,1803 1856,1803 1806,1803 1785,1803"/>
          <TextEquiv>
            <Unicode>van</Unicode>
          </TextEquiv>
        </Word>
        <Word id="word_a555d468-e23a-461b-8ebb-575b6226674e">
          <Coords points="1955,1757 1955,1757 2005,1756 2055,1755 2107,1756 2128,1756 2128,1801 2106,1801 2056,1800 2006,1801 1956,1802 1956,1802"/>
          <TextEquiv>
            <Unicode>tijt</Unicode>
          </TextEquiv>
        </Word>
        <Word id="word_78462404-d3d2-4aa2-81e7-8def6942f435">
          <Coords points="2170,1756 2206,1756 2256,1756 2256,1756 2256,1801 2256,1801 2206,1801 2170,1801"/>
          <TextEquiv>
            <Unicode>op</Unicode>
          </TextEquiv>
        </Word>
        <Word id="word_f8299d0e-ca3c-43a0-a66f-579c44e37914">
          <Coords points="2299,1756 2306,1756 2357,1757 2407,1758 2455,1756 2469,1755 2471,1800 2456,1801 2406,1803 2356,1802 2306,1801 2299,1801"/>
          <TextEquiv>
            <Unicode>sijn</Unicode>
          </TextEquiv>
        </Word>
        <Word id="word_4ca135db-f256-4348-8d7f-a8351604b577">
          <Coords points="2513,1754 2555,1753 2605,1752 2655,1751 2705,1750 2756,1750 2806,1750 2856,1750 2856,1750 2857,1795 2856,1795 2806,1795 2756,1795 2706,1795 2656,1796 2606,1797 2556,1798 2514,1799"/>
          <TextEquiv>
            <Unicode>versoeck</Unicode>
          </TextEquiv>
        </Word>
        <Word id="word_affe10c9-f55e-4a26-9a9e-22953e7b4837">
          <Coords points="2899,1749 2905,1749 2956,1749 2983,1747 2986,1792 2956,1794 2906,1794 2900,1794"/>
          <TextEquiv>
            <Unicode>in</Unicode>
          </TextEquiv>
        </Word>
        <Word id="word_3a3ed106-1e2e-4719-bb1c-996aae66ea3a">
          <Coords points="3026,1745 3054,1743 3106,1743 3155,1742 3205,1741 3256,1741 3306,1741 3355,1740 3406,1740 3455,1738 3457,1738 3457,1783 3456,1783 3406,1785 3356,1785 3306,1786 3256,1786 3206,1786 3156,1787 3106,1788 3057,1788 3029,1790"/>
          <TextEquiv>
            <Unicode>qualiteijt</Unicode>
          </TextEquiv>
        </Word>
        <TextEquiv conf="0.9181606730318872">
          <Unicode>Expiratie van tijt op sijn versoeck in qualiteijt</Unicode>
        </TextEquiv>
        <TextStyle xHeight="48"/>
      </TextLine>
      <TextLine id="e8b02331-4866-40b1-893b-6ac159a78073">
        <Coords points="1304,1826 1522,1826 1550,1807 1623,1807 1634,1814 1963,1810 1986,1833 2002,1833 2014,1845 2163,1845 2199,1881 2248,1884 2256,1892 2286,1866 2381,1862 2409,1834 2481,1838 2493,1829 2625,1829 2665,1841 2697,1841 2709,1850 2789,1845 2829,1857 2974,1858 2993,1849 3061,1849 3081,1869 3157,1873 3200,1873 3277,1802 3364,1802 3421,1857 3435,1861 3469,1839 3494,1839 3494,1918 3465,1918 3440,1940 3289,1939 3265,1916 2926,1924 2841,1924 2829,1916 2581,1916 2558,1924 2542,1917 2421,1917 2374,1921 2362,1932 2346,1922 1598,1928 1304,1948"/>
        <Baseline points="1343,1928 1393,1926 1443,1924 1493,1923 1543,1922 1593,1921 1643,1919 1693,1918 1743,1916 1793,1916 1843,1916 1893,1917 1943,1917 1993,1916 2043,1916 2093,1915 2143,1912 2193,1913 2243,1913 2293,1913 2343,1913 2393,1912 2443,1909 2493,1906 2543,1906 2593,1905 2643,1904 2693,1903 2743,1902 2793,1902 2843,1902 2893,1902 2943,1902 2993,1902 3043,1902 3093,1900 3143,1900 3193,1900 3243,1900 3293,1900 3343,1901 3393,1901 3443,1900 3456,1899"/>
        <Word id="word_87384183-71ba-4475-afbb-02e79668e277">
          <Coords points="1342,1893 1392,1891 1442,1889 1492,1888 1493,1888 1494,1933 1493,1933 1443,1934 1393,1936 1343,1938"/>
          <TextEquiv>
            <Unicode>van</Unicode>
          </TextEquiv>
        </Word>
        <Word id="word_537cbf5b-5177-4220-83d6-09ba46d6a2f1">
          <Coords points="1544,1887 1592,1886 1642,1884 1692,1883 1742,1881 1793,1881 1843,1881 1894,1882 1896,1882 1896,1927 1893,1927 1843,1926 1793,1926 1743,1926 1693,1928 1643,1929 1593,1931 1544,1932"/>
          <TextEquiv>
            <Unicode>soldaet</Unicode>
          </TextEquiv>
        </Word>
        <Word id="word_123e0a29-b6e0-454a-ae4e-17816325d0d7">
          <Coords points="1946,1882 1992,1881 2043,1881 2092,1880 2141,1877 2194,1878 2198,1878 2198,1923 2193,1923 2144,1922 2093,1925 2043,1926 1993,1926 1947,1927"/>
          <TextEquiv>
            <Unicode>onder</Unicode>
          </TextEquiv>
        </Word>
        <Word id="word_006989bd-adb1-48dd-9d49-adfa848bff8d">
          <Coords points="2249,1878 2293,1878 2343,1878 2392,1877 2441,1874 2491,1871 2500,1871 2500,1916 2494,1916 2444,1919 2393,1922 2343,1923 2293,1923 2249,1923"/>
          <TextEquiv>
            <Unicode>drije</Unicode>
          </TextEquiv>
        </Word>
        <Word id="word_c30566cd-4270-4136-b4c7-f1591fa71bea">
          <Coords points="2549,1871 2592,1870 2642,1869 2692,1868 2742,1867 2793,1867 2843,1867 2852,1867 2852,1912 2843,1912 2793,1912 2743,1912 2693,1913 2643,1914 2593,1915 2551,1916"/>
          <TextEquiv>
            <Unicode>jaeren</Unicode>
          </TextEquiv>
        </Word>
        <Word id="word_613f903b-3fea-4436-865c-a6fe67d8889a">
          <Coords points="2903,1867 2943,1867 2993,1867 3043,1867 3092,1865 3143,1865 3193,1865 3243,1865 3293,1865 3306,1865 3305,1910 3293,1910 3243,1910 3193,1910 3143,1910 3093,1910 3043,1912 2993,1912 2943,1912 2903,1912"/>
          <TextEquiv>
            <Unicode>verbandt</Unicode>
          </TextEquiv>
        </Word>
        <Word id="word_94d0d6da-b9b6-44ce-9759-6abc777c1429">
          <Coords points="3355,1866 3393,1866 3442,1865 3453,1864 3457,1909 3443,1910 3393,1911 3355,1911"/>
          <TextEquiv>
            <Unicode>en</Unicode>
          </TextEquiv>
        </Word>
        <TextEquiv conf="0.9219862079791125">
          <Unicode>van soldaet onder drije jaeren verbandt en</Unicode>
        </TextEquiv>
        <TextStyle xHeight="34"/>
      </TextLine>
      <TextLine id="line_673a375f-5d1d-4c78-826a-d6711e9f14ba">
        <Coords points="1309,1947 1435,1931 1707,1924 2347,1922 2362,1931 2374,1920 2438,1917 2494,1917 2506,1924 2522,1916 2550,1924 2926,1924 3258,1915 3310,1952 3383,1952 3383,2031 2786,2034 2746,2069 1995,2060 1920,2092 1891,2092 1866,2104 1771,2099 1747,2076 1635,2077 1591,2085 1579,2076 1367,2077 1359,2085 1309,2085"/>
        <Baseline points="1348,2053 1398,2048 1448,2046 1498,2044 1548,2042 1598,2040 1648,2038 1698,2037 1748,2036 1798,2033 1848,2032 1898,2031 1948,2031 1998,2031 2048,2031 2098,2030 2148,2029 2198,2029 2248,2028 2298,2029 2348,2029 2398,2029 2448,2029 2498,2027 2548,2026 2598,2025 2648,2025 2698,2025 2748,2026 2798,2024 2848,2023 2898,2023 2948,2021 2998,2019 3048,2019 3098,2019 3148,2018 3198,2016 3248,2015 3298,2015 3345,2012"/>
        <Word id="word_5c2be04d-140b-458d-83e1-48aacc6f05cb">
          <Coords points="1345,2018 1395,2013 1447,2011 1497,2009 1500,2009 1502,2054 1498,2054 1448,2056 1399,2058 1349,2063"/>
          <TextEquiv>
            <Unicode>een</Unicode>
          </TextEquiv>
        </Word>
        <Word id="word_b9218466-16bd-4442-acf5-2dc172ed0bce">
          <Coords points="1551,2007 1597,2005 1647,2003 1697,2002 1747,2001 1796,1998 1847,1997 1897,1996 1948,1996 1998,1996 2048,1996 2064,1996 2065,2041 2048,2041 1998,2041 1948,2041 1898,2041 1848,2042 1799,2043 1748,2046 1698,2047 1648,2048 1598,2050 1553,2052"/>
          <TextEquiv>
            <Unicode>belooningh</Unicode>
          </TextEquiv>
        </Word>
        <Word id="word_ddc3453d-7063-4f86-afc9-63baef98531d">
          <Coords points="2115,1995 2147,1994 2198,1994 2247,1993 2270,1993 2269,2038 2248,2038 2198,2039 2148,2039 2116,2040"/>
          <TextEquiv>
            <Unicode>van</Unicode>
          </TextEquiv>
        </Word>
        <Word id="word_62791893-ab5e-44a3-ab14-bff0bfdcbe36">
          <Coords points="2320,1994 2347,1994 2398,1994 2448,1994 2497,1992 2547,1991 2597,1990 2648,1990 2698,1990 2731,1991 2730,2036 2698,2035 2648,2035 2598,2035 2548,2036 2498,2037 2448,2039 2398,2039 2348,2039 2321,2039"/>
          <TextEquiv>
            <Unicode>twaeleff</Unicode>
          </TextEquiv>
        </Word>
        <Word id="word_f19da229-4db3-43a0-9657-ad0cc5a0cac1">
          <Coords points="2776,1992 2792,1989 2847,1988 2898,1988 2947,1986 2997,1984 3048,1984 3098,1984 3139,1983 3140,2028 3098,2029 3048,2029 2998,2029 2948,2031 2898,2033 2848,2033 2800,2034 2783,2037"/>
          <TextEquiv>
            <Unicode>guldens</Unicode>
          </TextEquiv>
        </Word>
        <Word id="word_ab5c522b-80cc-44e4-b0bb-d45b5d683070">
          <Coords points="3185,1983 3192,1981 3247,1980 3298,1980 3343,1977 3345,2022 3298,2025 3248,2025 3200,2026 3193,2027"/>
          <TextEquiv>
            <Unicode>ter</Unicode>
          </TextEquiv>
        </Word>
        <TextEquiv conf="0.9451907891764104">
          <Unicode>een belooningh van twaeleff guldens ter</Unicode>
        </TextEquiv>
        <TextStyle xHeight="47"/>
      </TextLine>
      <TextLine id="line_7a34a0ad-cbe5-4d3b-ba57-23c4abd058e7">
        <Coords points="1309,2066 1559,2065 1614,2069 1627,2082 1747,2077 1771,2101 1871,2102 1943,2082 1979,2062 2208,2070 2635,2069 2644,2077 2651,2070 2747,2070 2783,2035 3251,2034 3299,2038 3347,2073 3363,2073 3387,2097 3417,2101 3445,2121 3504,2068 3504,2146 3411,2141 3399,2153 2475,2149 2355,2161 1971,2161 1959,2172 1379,2172 1347,2184 1309,2184"/>
        <Baseline points="1348,2169 1398,2163 1448,2160 1498,2159 1548,2157 1598,2155 1648,2154 1698,2151 1748,2150 1798,2150 1848,2149 1898,2147 1948,2147 1998,2146 2048,2145 2098,2144 2148,2143 2198,2143 2248,2142 2298,2142 2348,2143 2398,2143 2448,2143 2498,2142 2548,2141 2598,2140 2648,2140 2698,2140 2748,2139 2798,2138 2848,2137 2898,2136 2948,2137 2998,2137 3048,2136 3098,2135 3148,2136 3198,2136 3248,2134 3298,2134 3348,2135 3398,2135 3448,2131 3466,2127"/>
        <Word id="word_820126f1-a522-443c-9678-f5da9b8bfeb6">
          <Coords points="1344,2134 1394,2128 1446,2125 1497,2124 1547,2122 1597,2120 1647,2119 1663,2118 1666,2163 1648,2164 1598,2165 1548,2167 1498,2169 1449,2170 1399,2173 1349,2179"/>
          <TextEquiv>
            <Unicode>maendt</Unicode>
          </TextEquiv>
        </Word>
        <Word id="word_dadca9e5-6c23-4c3b-a553-f6154aba0dee">
          <Coords points="1718,2115 1748,2115 1798,2115 1847,2114 1897,2112 1948,2112 1997,2111 2047,2110 2097,2109 2147,2108 2198,2108 2247,2107 2248,2107 2248,2152 2248,2152 2198,2153 2148,2153 2098,2154 2048,2155 1998,2156 1948,2157 1898,2157 1848,2159 1798,2160 1748,2160 1718,2160"/>
          <TextEquiv>
            <Unicode>aengenomen</Unicode>
          </TextEquiv>
        </Word>
        <Word id="word_00b0b602-d672-4cdb-b733-8b310d86f62f">
          <Coords points="2302,2107 2349,2108 2354,2108 2354,2153 2348,2153 2301,2152"/>
          <TextEquiv>
            <Unicode>t</Unicode>
          </TextEquiv>
        </Word>
        <Word id="word_89c15c4d-8dd1-449b-a547-978a44a96484">
          <Coords points="2407,2108 2448,2108 2497,2107 2547,2106 2597,2105 2648,2105 2698,2105 2724,2104 2725,2149 2698,2150 2648,2150 2598,2150 2548,2151 2498,2152 2448,2153 2407,2153"/>
          <TextEquiv>
            <Unicode>nieuwe</Unicode>
          </TextEquiv>
        </Word>
        <Word id="word_9ea78c43-d700-43bc-b682-0516dc9c12af">
          <Coords points="2777,2103 2797,2103 2847,2102 2897,2101 2949,2102 2998,2102 3047,2101 3097,2100 3149,2101 3198,2101 3200,2101 3202,2146 3198,2146 3148,2146 3098,2145 3048,2146 2998,2147 2948,2147 2898,2146 2848,2147 2798,2148 2778,2148"/>
          <TextEquiv>
            <Unicode>verbandt</Unicode>
          </TextEquiv>
        </Word>
        <Word id="word_af230d0e-be57-451a-a9f7-5b733874ab15">
          <Coords points="3255,2099 3298,2099 3349,2100 3398,2100 3445,2096 3458,2093 3468,2137 3449,2141 3398,2145 3348,2145 3298,2144 3255,2144"/>
          <TextEquiv>
            <Unicode>ende</Unicode>
          </TextEquiv>
        </Word>
        <TextEquiv conf="0.9105945005865874">
          <Unicode>maendt aengenomen t nieuwe verbandt ende</Unicode>
        </TextEquiv>
        <TextStyle xHeight="37"/>
      </TextLine>
      <TextLine id="c3c872c8-367a-485c-b439-e958af2a8bb5">
        <Coords points="1311,2184 1349,2185 1373,2173 1785,2169 2520,2177 2528,2170 2724,2170 2732,2162 2801,2157 3428,2162 3456,2182 3485,2182 3485,2261 3472,2264 3436,2299 3428,2293 3248,2286 2944,2286 2580,2303 1881,2303 1853,2278 1781,2278 1769,2287 1641,2287 1573,2279 1561,2289 1311,2290"/>
        <Baseline points="1350,2269 1400,2272 1450,2272 1500,2270 1550,2268 1600,2267 1650,2265 1700,2263 1750,2262 1800,2260 1850,2258 1900,2257 1950,2257 2000,2259 2050,2260 2100,2260 2150,2259 2200,2257 2250,2256 2300,2255 2350,2253 2400,2252 2450,2252 2500,2251 2550,2249 2600,2248 2650,2247 2700,2247 2750,2248 2800,2248 2850,2248 2900,2248 2950,2249 3000,2248 3050,2248 3100,2246 3150,2245 3200,2245 3250,2244 3300,2243 3350,2243 3400,2244 3447,2242"/>
        <Word id="word_7642c078-e311-472a-85ce-28e3f0e29c94">
          <Coords points="1352,2234 1402,2237 1443,2237 1443,2282 1399,2282 1349,2279"/>
          <TextEquiv>
            <Unicode>d'</Unicode>
          </TextEquiv>
        </Word>
        <Word id="word_e6dc2380-a062-4196-9774-e092612811ae">
          <Coords points="1483,2238 1493,2236 1549,2233 1599,2232 1649,2230 1699,2228 1749,2227 1799,2225 1849,2223 1899,2222 1950,2222 2001,2224 2049,2225 2048,2270 2000,2269 1950,2267 1900,2267 1850,2268 1800,2270 1750,2272 1700,2273 1650,2275 1600,2277 1550,2278 1502,2280 1492,2282"/>
          <TextEquiv>
            <Unicode>verbeteringe</Unicode>
          </TextEquiv>
        </Word>
        <Word id="word_c55896d2-a66f-4b21-859b-979d6fbcaee9">
          <Coords points="2089,2227 2093,2226 2149,2224 2199,2222 2234,2221 2235,2266 2200,2267 2150,2269 2102,2270 2097,2271"/>
          <TextEquiv>
            <Unicode>van</Unicode>
          </TextEquiv>
        </Word>
        <Word id="word_a32e3e3b-95bf-466e-bc26-c54a3bf9bacb">
          <Coords points="2281,2220 2299,2220 2349,2218 2399,2217 2450,2217 2499,2216 2513,2215 2515,2260 2500,2261 2450,2262 2400,2262 2350,2263 2300,2265 2282,2265"/>
          <TextEquiv>
            <Unicode>gagie</Unicode>
          </TextEquiv>
        </Word>
        <Word id="word_23e03c44-489b-40a0-8b7a-b9dcd814c31f">
          <Coords points="2561,2214 2600,2213 2649,2212 2700,2212 2748,2213 2747,2258 2700,2257 2650,2257 2600,2258 2561,2259"/>
          <TextEquiv>
            <Unicode>dato</Unicode>
          </TextEquiv>
        </Word>
        <Word id="word_de6a5123-742a-484b-82e3-ca72798e6a4c">
          <Coords points="2789,2214 2795,2213 2850,2213 2900,2213 2951,2214 2999,2213 3027,2213 3027,2258 3000,2258 2950,2259 2900,2258 2850,2258 2802,2258 2796,2259"/>
          <TextEquiv>
            <Unicode>deses</Unicode>
          </TextEquiv>
        </Word>
        <Word id="word_f17d8008-7405-4b43-9704-78476bcee130">
          <Coords points="3071,2213 3097,2211 3149,2210 3200,2210 3249,2209 3299,2208 3350,2208 3401,2209 3445,2207 3447,2252 3400,2254 3350,2253 3300,2253 3250,2254 3200,2255 3150,2255 3101,2256 3075,2258"/>
          <TextEquiv>
            <Unicode>aenvanck</Unicode>
          </TextEquiv>
        </Word>
        <TextEquiv conf="0.9370048996437845">
          <Unicode>d' verbeteringe van gagie dato deses aenvanck</Unicode>
        </TextEquiv>
        <TextStyle xHeight="44"/>
      </TextLine>
      <TextLine id="line_624be4c2-b98d-4f71-9ce7-87c0d9fd9c0a">
        <Coords points="1305,2286 1556,2286 1572,2278 1607,2297 1718,2325 1758,2350 1836,2277 1850,2277 1878,2305 1923,2306 1923,2385 1682,2387 1626,2420 1511,2468 1471,2480 1451,2473 1395,2473 1305,2508"/>
        <Baseline points="1344,2394 1394,2389 1444,2385 1494,2381 1544,2379 1594,2377 1644,2376 1694,2376 1744,2374 1794,2370 1844,2366 1885,2366"/>
        <Word id="word_e07d4205-aab7-4a8a-a092-f95afe02de10">
          <Coords points="1341,2359 1391,2354 1441,2350 1491,2346 1543,2344 1593,2342 1643,2341 1694,2341 1743,2339 1791,2335 1841,2331 1885,2331 1885,2376 1845,2376 1795,2380 1744,2384 1694,2386 1644,2386 1594,2387 1544,2389 1495,2391 1445,2395 1395,2399 1345,2404"/>
          <TextEquiv>
            <Unicode>negnende</Unicode>
          </TextEquiv>
        </Word>
        <TextEquiv conf="0.8304570884974087">
          <Unicode>negnende</Unicode>
        </TextEquiv>
        <TextStyle xHeight="43"/>
      </TextLine>
      <TextLine id="d618ff7b-86bf-4296-a8ae-18bead5bf84a">
        <Coords points="1138,2576 1164,2572 1176,2560 1312,2505 1356,2505 1372,2516 1411,2496 1544,2456 1660,2400 2635,2399 2671,2432 2911,2435 2931,2454 3043,2454 3054,2443 3067,2443 3127,2479 3404,2482 3404,2560 2691,2563 2571,2681 2552,2665 2491,2665 2479,2657 2423,2661 2411,2649 2359,2649 2299,2593 2196,2589 2108,2594 2044,2585 1892,2585 1852,2622 1816,2638 1588,2638 1568,2625 1464,2625 1436,2617 1212,2617 1180,2626 1138,2626"/>
        <Baseline points="1177,2595 1227,2589 1277,2585 1327,2580 1377,2576 1427,2575 1477,2574 1527,2573 1577,2572 1627,2571 1677,2571 1727,2571 1777,2571 1827,2572 1877,2574 1927,2573 1977,2572 2027,2574 2077,2573 2127,2572 2177,2572 2227,2571 2277,2570 2327,2569 2377,2568 2427,2567 2477,2564 2527,2561 2577,2557 2627,2554 2677,2552 2727,2551 2777,2550 2827,2549 2877,2548 2927,2546 2977,2546 3027,2546 3077,2546 3127,2546 3177,2546 3227,2545 3277,2544 3327,2542 3366,2541"/>
        <Word id="word_5be456af-c51a-4834-9499-95ecafe48d81">
          <Coords points="1173,2560 1223,2554 1274,2550 1324,2545 1374,2541 1426,2540 1476,2539 1526,2538 1576,2537 1586,2537 1587,2582 1577,2582 1527,2583 1477,2584 1427,2585 1378,2586 1328,2590 1278,2595 1228,2599 1178,2605"/>
          <TextEquiv>
            <Unicode>Marten</Unicode>
          </TextEquiv>
        </Word>
        <Word id="word_f0fe2bf3-8014-4d6a-9977-5bf995fff226">
          <Coords points="1656,2535 1678,2536 1727,2536 1777,2536 1828,2537 1878,2539 1926,2538 1976,2537 2028,2539 2076,2538 2126,2537 2177,2537 2226,2536 2276,2535 2326,2534 2339,2534 2340,2579 2327,2579 2277,2580 2227,2581 2177,2582 2127,2582 2077,2583 2027,2584 1977,2582 1927,2583 1877,2584 1827,2582 1777,2581 1727,2581 1677,2581 1655,2580"/>
          <TextEquiv>
            <Unicode>Cornelisen</Unicode>
          </TextEquiv>
        </Word>
        <Word id="word_d3504172-2b23-496b-9040-5cdbca245789">
          <Coords points="2407,2532 2426,2532 2475,2529 2525,2526 2574,2522 2611,2520 2614,2565 2578,2567 2528,2571 2478,2574 2427,2577 2408,2577"/>
          <TextEquiv>
            <Unicode>van</Unicode>
          </TextEquiv>
        </Word>
        <Word id="word_af15085e-ea49-40ae-ad8f-9c0b61c45808">
          <Coords points="2682,2516 2727,2516 2776,2515 2826,2514 2876,2513 2926,2511 2977,2511 3027,2511 3077,2511 3127,2511 3177,2511 3226,2510 3276,2509 3326,2507 3365,2506 3366,2551 3327,2552 3277,2554 3227,2555 3177,2556 3127,2556 3077,2556 3027,2556 2977,2556 2927,2556 2877,2558 2827,2559 2777,2560 2727,2561 2681,2561"/>
          <TextEquiv>
            <Unicode>nieuwendam</Unicode>
          </TextEquiv>
        </Word>
        <TextEquiv conf="0.9435299568485355">
          <Unicode>Marten Cornelisen van nieuwendam</Unicode>
        </TextEquiv>
        <TextStyle xHeight="58"/>
      </TextLine>
      <TextLine id="line_154a5ffa-a6a7-4c90-9e94-17cc39f21db3">
        <Coords points="1277,2619 1575,2627 1587,2639 1811,2640 1859,2616 1895,2581 2188,2581 2199,2592 2299,2592 2358,2647 2410,2647 2426,2660 2542,2663 2570,2683 2586,2676 2682,2584 3162,2592 3202,2596 3242,2624 3387,2620 3387,2699 3138,2699 3126,2707 2918,2695 2870,2730 2686,2738 2610,2733 2526,2742 2350,2733 2283,2754 2223,2753 2199,2729 1277,2734"/>
        <Baseline points="1316,2703 1366,2702 1416,2703 1466,2702 1516,2701 1566,2700 1616,2700 1666,2700 1716,2698 1766,2697 1816,2696 1866,2696 1916,2696 1966,2696 2016,2696 2066,2696 2116,2696 2166,2696 2216,2694 2266,2694 2316,2694 2366,2692 2416,2693 2466,2693 2516,2693 2566,2692 2616,2692 2666,2691 2716,2689 2766,2689 2816,2689 2866,2688 2916,2687 2966,2687 3016,2686 3066,2685 3116,2684 3166,2681 3216,2679 3266,2679 3316,2677 3349,2680"/>
        <Word id="word_6f9b4b50-5397-425d-b1a5-88ed1cf74adc">
          <Coords points="1315,2668 1365,2667 1417,2668 1417,2668 1418,2713 1416,2713 1366,2712 1316,2713"/>
          <TextEquiv>
            <Unicode>ao</Unicode>
          </TextEquiv>
        </Word>
        <Word id="word_c0db9d0d-62d6-4a19-b788-75dfcf927f28">
          <Coords points="1468,2667 1515,2666 1565,2665 1616,2665 1666,2665 1670,2665 1672,2710 1666,2710 1616,2710 1566,2710 1516,2711 1469,2712"/>
          <TextEquiv>
            <Unicode>1640</Unicode>
          </TextEquiv>
        </Word>
        <Word id="word_cb621e73-0504-4dca-ab54-cab89a6933a8">
          <Coords points="1722,2663 1765,2662 1815,2661 1866,2661 1875,2661 1875,2706 1866,2706 1816,2706 1766,2707 1723,2708"/>
          <TextEquiv>
            <Unicode>met</Unicode>
          </TextEquiv>
        </Word>
        <Word id="word_226955ed-6b01-4f86-9dbd-e2a501c3702e">
          <Coords points="1926,2661 1966,2661 2016,2661 2066,2661 2116,2661 2166,2661 2215,2659 2231,2659 2231,2704 2216,2704 2166,2706 2116,2706 2066,2706 2016,2706 1966,2706 1926,2706"/>
          <TextEquiv>
            <Unicode>fluijt</Unicode>
          </TextEquiv>
        </Word>
        <Word id="word_e08ace06-199d-4143-a7fa-340a2717cdb5">
          <Coords points="2282,2659 2316,2659 2365,2657 2417,2658 2466,2658 2516,2658 2535,2658 2536,2703 2516,2703 2466,2703 2416,2703 2366,2702 2316,2704 2282,2704"/>
          <TextEquiv>
            <Unicode>schip</Unicode>
          </TextEquiv>
        </Word>
        <Word id="word_23921876-980c-42eb-a045-a8a6b84113bf">
          <Coords points="2587,2657 2616,2657 2665,2656 2687,2655 2689,2700 2666,2701 2616,2702 2587,2702"/>
          <TextEquiv>
            <Unicode>d'</Unicode>
          </TextEquiv>
        </Word>
        <Word id="word_c1885182-dd79-4aec-81eb-b59400b41357">
          <Coords points="2740,2653 2767,2654 2816,2654 2865,2653 2915,2652 2966,2652 3015,2651 3065,2650 3094,2649 3095,2694 3066,2695 3016,2696 2966,2697 2916,2697 2866,2698 2816,2699 2766,2699 2739,2698"/>
          <TextEquiv>
            <Unicode>orangie</Unicode>
          </TextEquiv>
        </Word>
        <Word id="word_4ad4fa9c-e9e1-4b70-a373-e9a420d38f41">
          <Coords points="3142,2649 3162,2646 3215,2644 3266,2644 3315,2642 3352,2645 3348,2690 3316,2687 3266,2689 3216,2689 3167,2691 3147,2693"/>
          <TextEquiv>
            <Unicode>Boom</Unicode>
          </TextEquiv>
        </Word>
        <TextEquiv conf="0.8933975608587984">
          <Unicode>ao 1640 met fluijt schip d' orangie Boom</Unicode>
        </TextEquiv>
        <TextStyle xHeight="41"/>
      </TextLine>
      <TextLine id="line_96881224-7f30-403a-992e-95de2e6a9098">
        <Coords points="1266,2716 1360,2728 2200,2732 2224,2753 2288,2753 2375,2724 2599,2724 2627,2736 2683,2737 2871,2729 2911,2697 2960,2697 3079,2700 3087,2708 3127,2712 3339,2712 3375,2748 3396,2750 3395,2831 3343,2830 3327,2822 3004,2819 2655,2823 2647,2831 2419,2827 2391,2831 2343,2875 2228,2875 2208,2886 2088,2886 2060,2862 1992,2862 1984,2854 1656,2850 1645,2839 1540,2839 1528,2851 1360,2850 1266,2894"/>
        <Baseline points="1305,2840 1355,2838 1405,2836 1455,2834 1505,2831 1555,2829 1605,2829 1655,2828 1705,2827 1755,2826 1805,2825 1855,2825 1905,2824 1955,2823 2005,2824 2055,2823 2105,2823 2155,2820 2205,2819 2255,2817 2305,2815 2355,2814 2405,2814 2455,2812 2505,2812 2555,2812 2605,2811 2655,2810 2705,2810 2755,2809 2805,2809 2855,2809 2905,2809 2955,2809 3005,2810 3055,2810 3105,2809 3155,2810 3205,2811 3255,2811 3305,2810 3355,2810 3358,2810"/>
        <Word id="word_fd9f9897-65a0-46f7-b930-2f4c5e377bfc">
          <Coords points="1304,2805 1354,2803 1359,2803 1361,2848 1355,2848 1305,2850"/>
          <TextEquiv>
            <Unicode>a</Unicode>
          </TextEquiv>
        </Word>
        <Word id="word_86187259-ebbb-4d1f-a615-5b1c52003c7b">
          <Coords points="1415,2801 1454,2799 1469,2798 1472,2843 1455,2844 1416,2846"/>
          <TextEquiv>
            <Unicode>5</Unicode>
          </TextEquiv>
        </Word>
        <Word id="word_bacbd5eb-095b-49da-adb9-10266252bfc9">
          <Coords points="1526,2795 1554,2794 1605,2794 1654,2793 1693,2792 1693,2837 1655,2838 1605,2839 1555,2839 1527,2840"/>
          <TextEquiv>
            <Unicode>ter</Unicode>
          </TextEquiv>
        </Word>
        <Word id="word_73e14d1c-4190-45d1-a558-fc4f3a7a3592">
          <Coords points="1748,2791 1754,2791 1804,2790 1855,2790 1904,2789 1954,2788 2006,2789 2054,2788 2082,2788 2082,2833 2055,2833 2005,2834 1955,2833 1905,2834 1855,2835 1805,2835 1755,2836 1749,2836"/>
          <TextEquiv>
            <Unicode>maendt</Unicode>
          </TextEquiv>
        </Word>
        <Word id="word_bc8f9864-19a3-403b-acd7-2af2c3205cf4">
          <Coords points="2131,2788 2149,2785 2204,2784 2247,2782 2248,2827 2205,2829 2157,2830 2139,2833"/>
          <TextEquiv>
            <Unicode>jn</Unicode>
          </TextEquiv>
        </Word>
        <Word id="word_285e9705-cfb2-4e0e-b82b-6f4414dd1383">
          <Coords points="2302,2780 2304,2780 2354,2779 2405,2779 2454,2777 2505,2777 2555,2777 2580,2776 2581,2821 2555,2822 2505,2822 2455,2822 2405,2824 2355,2824 2305,2825 2304,2825"/>
          <TextEquiv>
            <Unicode>jndia</Unicode>
          </TextEquiv>
        </Word>
        <Word id="word_b5019b7b-6528-48d2-8ec9-cb27bae0989c">
          <Coords points="2636,2775 2654,2775 2705,2775 2754,2774 2805,2774 2855,2774 2905,2774 2955,2774 3006,2775 3025,2775 3025,2820 3005,2820 2955,2819 2905,2819 2855,2819 2805,2819 2755,2819 2705,2820 2655,2820 2637,2820"/>
          <TextEquiv>
            <Unicode>gecomen</Unicode>
          </TextEquiv>
        </Word>
        <Word id="word_d0717a74-0677-4169-91f9-bd96abf46e14">
          <Coords points="3079,2775 3104,2774 3156,2775 3206,2776 3255,2776 3304,2775 3355,2775 3358,2775 3358,2820 3355,2820 3305,2820 3255,2821 3205,2821 3155,2820 3105,2819 3081,2820"/>
          <TextEquiv>
            <Unicode>werdt</Unicode>
          </TextEquiv>
        </Word>
        <TextEquiv conf="0.8838475793606629">
          <Unicode>a 5 ter maendt jn jndia gecomen werdt</Unicode>
        </TextEquiv>
        <TextStyle xHeight="41"/>
      </TextLine>
      <TextLine id="a7fa7c16-23b8-45da-906c-aa5958444952">
        <Coords points="1296,2880 1362,2851 1522,2852 1546,2839 1645,2839 1657,2848 1785,2847 1793,2855 1981,2855 1989,2863 2065,2863 2093,2888 2205,2888 2225,2876 2341,2876 2388,2832 2420,2828 2877,2832 2884,2825 3335,2824 3371,2851 3404,2852 3420,2863 3420,2943 3401,2962 2988,2962 2832,2949 2784,2950 2760,2970 2444,2961 2420,2978 2357,2978 2254,2942 2221,2954 2037,2949 1296,2958"/>
        <Baseline points="1335,2950 1385,2947 1435,2945 1485,2943 1535,2943 1585,2941 1635,2941 1685,2939 1735,2939 1785,2937 1835,2936 1885,2934 1935,2933 1985,2932 2035,2932 2085,2932 2135,2933 2185,2932 2235,2931 2285,2931 2335,2931 2385,2930 2435,2929 2485,2928 2535,2927 2585,2926 2635,2924 2685,2923 2735,2922 2785,2921 2835,2920 2885,2919 2935,2919 2985,2918 3035,2917 3085,2918 3135,2917 3185,2918 3235,2919 3285,2920 3335,2920 3382,2923"/>
        <Word id="word_f5ceda90-d08c-4adc-a045-e2e4fbc92e7d">
          <Coords points="1333,2915 1383,2912 1434,2910 1484,2908 1535,2908 1538,2908 1540,2953 1535,2953 1485,2953 1435,2955 1386,2957 1336,2960"/>
          <TextEquiv>
            <Unicode>door</Unicode>
          </TextEquiv>
        </Word>
        <Word id="word_92d422e0-e9fd-42f7-93e9-e2f4b02c9703">
          <Coords points="1591,2906 1635,2906 1684,2904 1735,2904 1784,2902 1834,2901 1884,2899 1934,2898 1984,2897 2035,2897 2051,2897 2051,2942 2035,2942 1985,2942 1935,2943 1885,2944 1835,2946 1785,2947 1735,2949 1685,2949 1635,2951 1591,2951"/>
          <TextEquiv>
            <Unicode>Expiratie</Unicode>
          </TextEquiv>
        </Word>
        <Word id="word_15aad2f1-aedd-4d81-80fd-05a0f6c53cd0">
          <Coords points="2104,2897 2136,2898 2184,2897 2234,2896 2256,2896 2256,2941 2235,2941 2185,2942 2135,2943 2102,2942"/>
          <TextEquiv>
            <Unicode>van</Unicode>
          </TextEquiv>
        </Word>
        <Word id="word_aeef523b-7e6c-4b96-a65f-cb33e99b33a9">
          <Coords points="2307,2896 2335,2896 2384,2895 2434,2894 2484,2893 2511,2892 2512,2937 2485,2938 2435,2939 2385,2940 2335,2941 2307,2941"/>
          <TextEquiv>
            <Unicode>tijt</Unicode>
          </TextEquiv>
        </Word>
        <Word id="word_f212704a-fadc-4ab8-8443-f9fbd38c8c4d">
          <Coords points="2562,2891 2584,2891 2634,2889 2665,2888 2666,2933 2635,2934 2585,2936 2563,2936"/>
          <TextEquiv>
            <Unicode>op</Unicode>
          </TextEquiv>
        </Word>
        <Word id="word_3ee2a9bd-6a28-4e86-a100-be90e775e3e6">
          <Coords points="2716,2887 2734,2887 2784,2886 2834,2885 2884,2884 2921,2884 2921,2929 2885,2929 2835,2930 2785,2931 2735,2932 2717,2932"/>
          <TextEquiv>
            <Unicode>zijn</Unicode>
          </TextEquiv>
        </Word>
        <Word id="word_d7718b37-3acd-45b8-810f-d9a0a27c9bdf">
          <Coords points="2970,2884 2982,2883 3034,2882 3086,2883 3134,2882 3186,2883 3236,2884 3286,2885 3335,2885 3384,2888 3381,2933 3335,2930 3285,2930 3235,2929 3185,2928 3135,2927 3085,2928 3035,2927 2986,2928 2973,2929"/>
          <TextEquiv>
            <Unicode>versoeck</Unicode>
          </TextEquiv>
        </Word>
        <TextEquiv conf="0.9516489101723574">
          <Unicode>door Expiratie van tijt op zijn versoeck</Unicode>
        </TextEquiv>
        <TextStyle xHeight="43"/>
      </TextLine>
      <TextLine id="line_83800b0c-1c1f-4d35-9de6-098a180229b3">
        <Coords points="1299,2958 1692,2958 1704,2950 1852,2942 2249,2938 2272,2953 2356,2978 2419,2978 2443,2961 2759,2970 2783,2950 2891,2949 2919,2970 2979,2970 3003,2958 3174,2957 3210,2990 3234,2977 3431,2977 3471,2966 3471,3045 3398,3036 3346,3076 3308,3051 3228,3126 3146,3056 3067,3068 2827,3067 2819,3059 2791,3055 1928,3068 1896,3072 1860,3108 1800,3108 1784,3097 1772,3107 1759,3095 1708,3096 1672,3131 1641,3103 1595,3099 1557,3083 1521,3092 1425,3087 1418,3080 1342,3087 1299,3080"/>
        <Baseline points="1338,3077 1388,3073 1438,3071 1488,3069 1538,3066 1588,3064 1638,3062 1688,3059 1738,3057 1788,3056 1838,3054 1888,3054 1938,3054 1988,3053 2038,3055 2088,3054 2138,3051 2188,3050 2238,3049 2288,3049 2338,3047 2388,3046 2438,3046 2488,3044 2538,3042 2588,3042 2638,3042 2688,3042 2738,3044 2788,3044 2838,3043 2888,3042 2938,3043 2988,3042 3038,3041 3088,3041 3138,3040 3188,3037 3238,3035 3288,3033 3338,3031 3388,3030 3433,3026"/>
        <Word id="word_b43bf052-bcaa-4c44-b55d-7772dbea16ec">
          <Coords points="1335,3042 1385,3038 1432,3036 1433,3081 1389,3083 1339,3087"/>
          <TextEquiv>
            <Unicode>in</Unicode>
          </TextEquiv>
        </Word>
        <Word id="word_5d9e4133-4d50-4f13-8e2b-1d35b2cfb44e">
          <Coords points="1479,3034 1487,3034 1536,3031 1587,3029 1637,3027 1686,3024 1737,3022 1787,3021 1837,3019 1888,3019 1938,3019 1956,3019 1957,3064 1938,3064 1888,3064 1838,3064 1788,3066 1738,3067 1689,3069 1638,3072 1588,3074 1539,3076 1488,3079 1481,3079"/>
          <TextEquiv>
            <Unicode>qualiteijt</Unicode>
          </TextEquiv>
        </Word>
        <Word id="word_1927c64b-8100-4b72-97fe-856ee4699894">
          <Coords points="2007,3018 2040,3020 2087,3019 2136,3016 2146,3016 2147,3061 2139,3061 2088,3064 2037,3065 2004,3063"/>
          <TextEquiv>
            <Unicode>van</Unicode>
          </TextEquiv>
        </Word>
        <Word id="word_2c68ae67-e60f-479f-8476-32c291ffa8d4">
          <Coords points="2194,3015 2237,3014 2288,3014 2337,3012 2387,3011 2438,3011 2487,3009 2527,3007 2529,3052 2488,3054 2438,3056 2388,3056 2338,3057 2288,3059 2238,3059 2195,3060"/>
          <TextEquiv>
            <Unicode>soldaet</Unicode>
          </TextEquiv>
        </Word>
        <Word id="word_e60634b5-4e81-4270-a2bf-d6bacfff778a">
          <Coords points="2580,3006 2592,3007 2638,3007 2688,3007 2739,3009 2788,3009 2813,3008 2814,3053 2788,3054 2738,3054 2688,3052 2638,3052 2587,3052 2575,3050"/>
          <TextEquiv>
            <Unicode>onder</Unicode>
          </TextEquiv>
        </Word>
        <Word id="word_7c737336-e522-469d-b348-405462587a8d">
          <Coords points="2861,3008 2887,3007 2939,3008 2987,3007 3037,3006 3088,3006 3099,3006 3100,3051 3088,3051 3038,3051 2988,3052 2938,3053 2888,3052 2862,3053"/>
          <TextEquiv>
            <Unicode>drije</Unicode>
          </TextEquiv>
        </Word>
        <Word id="word_8069283f-2fe2-4773-a20f-53768da1b42b">
          <Coords points="3145,3005 3186,3002 3237,3000 3287,2998 3337,2996 3387,2995 3430,2991 3434,3036 3388,3040 3338,3041 3288,3043 3238,3045 3189,3047 3148,3050"/>
          <TextEquiv>
            <Unicode>jaeren</Unicode>
          </TextEquiv>
        </Word>
        <TextEquiv conf="0.9373270465621565">
          <Unicode>in qualiteijt van soldaet onder drije jaeren</Unicode>
        </TextEquiv>
        <TextStyle xHeight="41"/>
      </TextLine>
      <TextLine id="line_22ae6b0e-ea59-4249-98b3-3295cedb163e">
        <Coords points="1280,3138 1322,3138 1335,3148 1402,3082 1541,3090 1554,3078 1742,3078 1754,3066 1802,3062 1868,3062 1874,3068 1881,3062 1910,3089 2014,3089 2030,3101 2370,3100 2394,3124 2410,3124 2418,3132 2802,3128 2930,3140 3130,3136 3162,3140 3175,3153 3195,3156 3310,3053 3375,3118 3375,3198 2798,3196 2766,3215 2686,3239 2506,3239 2494,3230 2278,3230 2250,3239 2178,3239 2142,3206 2119,3199 1634,3199 1614,3215 1350,3215 1280,3278"/>
        <Baseline points="1319,3194 1369,3196 1419,3192 1469,3191 1519,3190 1569,3187 1619,3185 1669,3184 1719,3183 1769,3182 1819,3181 1869,3180 1919,3180 1969,3178 2019,3178 2069,3178 2119,3176 2169,3176 2219,3176 2269,3175 2319,3174 2369,3171 2419,3170 2469,3170 2519,3168 2569,3167 2619,3166 2669,3166 2719,3166 2769,3168 2819,3169 2869,3170 2919,3170 2969,3170 3019,3171 3069,3172 3119,3173 3169,3174 3219,3176 3269,3176 3319,3179 3337,3179"/>
        <Word id="word_04ef10bb-3d83-4822-addb-7dcde57b93c6">
          <Coords points="1320,3159 1370,3161 1416,3157 1468,3156 1518,3155 1567,3152 1618,3150 1668,3149 1718,3148 1754,3147 1755,3192 1719,3193 1669,3194 1619,3195 1570,3197 1519,3200 1469,3201 1420,3202 1369,3206 1319,3204"/>
          <TextEquiv>
            <Unicode>verbandt</Unicode>
          </TextEquiv>
        </Word>
        <Word id="word_b7d44dc8-729d-4a17-9d0c-bde42fc4c4c5">
          <Coords points="1809,3146 1818,3146 1868,3145 1919,3145 1968,3143 2019,3143 2028,3143 2028,3188 2019,3188 1969,3188 1919,3190 1869,3190 1819,3191 1810,3191"/>
          <TextEquiv>
            <Unicode>ende</Unicode>
          </TextEquiv>
        </Word>
        <Word id="word_508514bc-7e89-404b-a3de-87057b0e5913">
          <Coords points="2081,3143 2117,3141 2169,3141 2219,3141 2245,3140 2246,3185 2219,3186 2169,3186 2120,3186 2083,3188"/>
          <TextEquiv>
            <Unicode>een</Unicode>
          </TextEquiv>
        </Word>
        <Word id="word_16f6d4ee-1459-4a63-a040-0dbbe12c70c4">
          <Coords points="2300,3139 2318,3139 2367,3136 2418,3135 2469,3135 2518,3133 2568,3132 2618,3131 2669,3131 2719,3131 2770,3133 2820,3134 2847,3135 2846,3180 2819,3179 2769,3178 2719,3176 2669,3176 2619,3176 2569,3177 2519,3178 2469,3180 2419,3180 2370,3181 2319,3184 2301,3184"/>
          <TextEquiv>
            <Unicode>Belooningh</Unicode>
          </TextEquiv>
        </Word>
        <Word id="word_120b5817-b249-4569-a108-f830b7fe4250">
          <Coords points="2899,3136 2918,3135 2969,3135 3020,3136 3065,3137 3064,3182 3019,3181 2969,3180 2919,3180 2901,3181"/>
          <TextEquiv>
            <Unicode>van</Unicode>
          </TextEquiv>
        </Word>
        <Word id="word_9680dfd7-cff7-47cd-85cb-d49a2a045aaa">
          <Coords points="3120,3138 3120,3138 3170,3139 3220,3141 3269,3141 3321,3144 3337,3144 3337,3189 3318,3189 3269,3186 3219,3186 3169,3184 3119,3183 3119,3183"/>
          <TextEquiv>
            <Unicode>Elff</Unicode>
          </TextEquiv>
        </Word>
        <TextEquiv conf="0.928066325107637">
          <Unicode>verbandt ende een Belooningh van Elff</Unicode>
        </TextEquiv>
        <TextStyle xHeight="41"/>
      </TextLine>
      <TextLine id="d817d5fa-361b-4e23-afdf-2e05ef70b425">
        <Coords points="1270,3286 1352,3215 1612,3215 1632,3195 1648,3191 2096,3194 2144,3206 2180,3238 2248,3238 2276,3229 2321,3229 2330,3238 2435,3229 2491,3229 2503,3238 2687,3238 2715,3226 2739,3226 2815,3187 3419,3187 3464,3232 3464,3313 3423,3352 2979,3360 2511,3355 2495,3339 2467,3339 2459,3331 2153,3320 1380,3336 1340,3372 1270,3372"/>
        <Baseline points="1309,3328 1359,3329 1409,3327 1459,3325 1509,3324 1559,3323 1609,3319 1659,3318 1709,3317 1759,3315 1809,3313 1859,3312 1909,3310 1959,3309 2009,3309 2059,3309 2109,3308 2159,3306 2209,3306 2259,3306 2309,3304 2359,3303 2409,3302 2459,3302 2509,3300 2559,3298 2609,3297 2659,3295 2709,3293 2759,3292 2809,3291 2859,3291 2909,3292 2959,3292 3009,3293 3059,3294 3109,3293 3159,3294 3209,3295 3259,3295 3309,3295 3359,3294 3409,3294 3426,3293"/>
        <Word id="word_04aedd60-e412-458f-8816-f1202532424d">
          <Coords points="1310,3293 1360,3294 1408,3292 1458,3290 1508,3289 1558,3288 1606,3284 1658,3283 1679,3283 1680,3328 1659,3328 1610,3329 1559,3333 1509,3334 1459,3335 1409,3337 1359,3339 1309,3338"/>
          <TextEquiv>
            <Unicode>guldens</Unicode>
          </TextEquiv>
        </Word>
        <Word id="word_dfaa707e-0161-48dd-a171-d5fde895fc79">
          <Coords points="1730,3282 1757,3280 1808,3278 1858,3277 1890,3276 1891,3321 1859,3322 1809,3323 1760,3325 1733,3327"/>
          <TextEquiv>
            <Unicode>ter</Unicode>
          </TextEquiv>
        </Word>
        <Word id="word_f8e3a71a-0be4-478e-ac9c-fe6906635837">
          <Coords points="1945,3274 1960,3274 2009,3274 2059,3274 2108,3273 2158,3271 2209,3271 2259,3271 2260,3271 2262,3316 2259,3316 2209,3316 2159,3316 2109,3318 2059,3319 2009,3319 1959,3319 1944,3319"/>
          <TextEquiv>
            <Unicode>maendt</Unicode>
          </TextEquiv>
        </Word>
        <Word id="word_e57f2c88-fbae-43a8-aafe-1ecda21184da">
          <Coords points="2314,3269 2358,3268 2408,3267 2459,3267 2508,3265 2558,3263 2608,3262 2658,3260 2708,3258 2758,3257 2808,3256 2844,3256 2844,3301 2809,3301 2759,3302 2709,3303 2659,3305 2609,3307 2559,3308 2509,3310 2459,3312 2409,3312 2359,3313 2315,3314"/>
          <TextEquiv>
            <Unicode>aengenomen</Unicode>
          </TextEquiv>
        </Word>
        <Word id="word_1879eab2-5ed2-41c4-87a4-f3a73d2a807b">
          <Coords points="2899,3256 2912,3257 2959,3257 3010,3258 3060,3259 3108,3258 3109,3303 3059,3304 3009,3303 2959,3302 2908,3302 2896,3301"/>
          <TextEquiv>
            <Unicode>dato</Unicode>
          </TextEquiv>
        </Word>
        <Word id="word_642e72b9-547d-4056-9a35-77f5233fa28d">
          <Coords points="3163,3257 3211,3260 3259,3260 3309,3260 3358,3259 3409,3259 3424,3258 3426,3303 3409,3304 3359,3304 3309,3305 3259,3305 3208,3305 3161,3302"/>
          <TextEquiv>
            <Unicode>deses</Unicode>
          </TextEquiv>
        </Word>
        <TextEquiv conf="0.9537484092920923">
          <Unicode>guldens ter maendt aengenomen dato deses</Unicode>
        </TextEquiv>
        <TextStyle xHeight="46"/>
      </TextLine>
      <TextLine id="line_628bdf92-000a-47ee-b124-ed5e8d8732e2">
        <Coords points="1282,3369 1344,3369 1368,3345 1644,3341 1652,3333 1756,3333 1776,3324 2147,3326 2154,3319 2171,3328 2267,3328 2307,3337 2459,3332 2495,3340 2515,3360 2560,3361 2560,3440 2551,3447 1600,3455 1282,3475"/>
        <Baseline points="1321,3460 1371,3457 1421,3456 1471,3452 1521,3450 1571,3449 1621,3448 1671,3448 1721,3447 1771,3448 1821,3448 1871,3446 1921,3443 1971,3441 2021,3438 2071,3435 2121,3432 2171,3430 2221,3429 2271,3427 2321,3427 2371,3429 2421,3429 2471,3426 2521,3421 2522,3421"/>
        <Word id="word_4fa57b61-5480-4bfe-9072-b339b58b6a5c">
          <Coords points="1319,3425 1369,3422 1420,3421 1468,3417 1520,3415 1570,3414 1620,3413 1671,3413 1720,3412 1772,3413 1821,3413 1870,3411 1919,3408 1920,3408 1922,3453 1922,3453 1871,3456 1821,3458 1771,3458 1721,3457 1671,3458 1621,3458 1571,3459 1521,3460 1472,3462 1421,3466 1372,3467 1322,3470"/>
          <TextEquiv>
            <Unicode>aenvanck</Unicode>
          </TextEquiv>
        </Word>
        <Word id="word_6fd22b50-27ba-4204-befb-982bf28f164a">
          <Coords points="1994,3405 2018,3403 2069,3400 2119,3397 2170,3395 2220,3394 2270,3392 2321,3392 2372,3394 2421,3394 2469,3391 2518,3386 2522,3386 2522,3431 2522,3431 2472,3436 2421,3439 2371,3439 2321,3437 2271,3437 2221,3439 2171,3440 2122,3442 2072,3445 2022,3448 1998,3450"/>
          <TextEquiv>
            <Unicode>nemende</Unicode>
          </TextEquiv>
        </Word>
        <TextEquiv conf="0.8866296265014124">
          <Unicode>aenvanck nemende</Unicode>
        </TextEquiv>
        <TextStyle xHeight="41"/>
      </TextLine>
    </TextRegion>
    <TextRegion id="region_3131973f-65fd-4c90-93fd-6b57cc00edb3_1" custom="structure {type:paragraph;}">
      <Coords points="3393,3596 3382,3585 3365,3578 3226,3581 3222,3578 3158,3578 3155,3574 3073,3574 3069,3578 3055,3574 2835,3574 2831,3578 2756,3578 2753,3581 2742,3578 2671,3581 2667,3578 2532,3578 2529,3574 2433,3571 2429,3574 2376,3574 2372,3578 2266,3585 2262,3588 2177,3588 2109,3599 1604,3596 1600,3599 1536,3599 1533,3603 1448,3606 1444,3610 1398,3606 1384,3599 1373,3603 1355,3596 1316,3610 1288,3645 1284,3695 1280,3699 1280,3727 1284,3731 1280,3741 1280,3788 1284,3791 1280,3912 1291,3955 1291,4008 1298,4040 1298,4069 1305,4090 1298,4118 1305,4211 1298,4246 1280,4289 1280,4307 1273,4328 1277,4382 1270,4421 1288,4456 1295,4527 1316,4552 1330,4559 1387,4559 1423,4549 1679,4542 1753,4524 1800,4506 1839,4485 1860,4460 1889,4446 1931,4438 1974,4424 2042,4414 2077,4414 2081,4410 2202,4406 2205,4403 2337,4403 2440,4389 2575,4392 2579,4396 2589,4392 2600,4396 2667,4396 2671,4392 2799,4396 2803,4392 2956,4389 2959,4385 3141,4382 3176,4371 3208,4374 3226,4382 3283,4371 3361,4318 3372,4300 3368,4293 3379,4232 3389,4214 3386,4211 3386,4154 3382,4147 3393,4104 3375,4076 3368,4040 3375,4008 3372,3983 3375,3980 3379,3805 3393,3724 3393,3681 3400,3645"/>
      <TextLine id="line_0cbc9a1e-3686-4470-99fe-18b7903b5452">
        <Coords points="1227,3483 1233,3489 1761,3498 1881,3494 1889,3486 2369,3481 2405,3516 2765,3516 2785,3520 2825,3560 2969,3556 3337,3564 3357,3580 3401,3581 3416,3581 3446,3562 3446,3640 3431,3642 3415,3633 3121,3634 2829,3646 2797,3654 2349,3666 2297,3670 2249,3712 2221,3700 2201,3716 2173,3704 1789,3704 1757,3729 1737,3729 1698,3764 1629,3761 1589,3783 1525,3775 1493,3744 1401,3740 1367,3709 1353,3709 1253,3808 1227,3824"/>
        <Baseline points="1266,3710 1316,3704 1366,3695 1416,3687 1466,3683 1516,3679 1566,3674 1616,3673 1666,3670 1716,3665 1766,3661 1816,3658 1866,3658 1916,3655 1966,3654 2016,3653 2066,3654 2116,3654 2166,3650 2216,3644 2266,3640 2316,3637 2366,3636 2416,3635 2466,3634 2516,3631 2566,3631 2616,3631 2666,3630 2716,3628 2766,3627 2816,3625 2866,3624 2916,3623 2966,3623 3016,3623 3066,3622 3116,3621 3166,3621 3216,3621 3266,3621 3316,3620 3366,3621 3408,3621"/>
        <Word id="word_7afdfe8b-debc-47b3-aa85-9dd904642a80">
          <Coords points="1262,3675 1312,3669 1360,3661 1410,3652 1440,3650 1444,3695 1418,3697 1368,3705 1317,3714 1267,3720"/>
          <TextEquiv>
            <Unicode>Jan</Unicode>
          </TextEquiv>
        </Word>
        <Word id="word_f717da22-4a3c-4d45-9402-01aa4b24d257">
          <Coords points="1500,3645 1513,3644 1563,3639 1615,3638 1664,3635 1713,3630 1763,3626 1814,3623 1866,3623 1914,3620 1965,3619 2015,3618 2067,3619 2098,3619 2098,3664 2066,3664 2016,3663 1966,3664 1917,3665 1866,3668 1817,3668 1767,3671 1717,3675 1667,3680 1616,3683 1567,3684 1517,3689 1503,3690"/>
          <TextEquiv>
            <Unicode>Huijbertse</Unicode>
          </TextEquiv>
        </Word>
        <Word id="word_afde3d72-f13f-4019-b97e-22cc79212c83">
          <Coords points="2143,3622 2152,3618 2212,3609 2263,3605 2314,3602 2334,3602 2335,3647 2317,3647 2267,3650 2217,3654 2170,3659 2161,3663"/>
          <TextEquiv>
            <Unicode>int</Unicode>
          </TextEquiv>
        </Word>
        <Word id="word_8d5b7002-8a18-423e-81a1-07067daafcd2">
          <Coords points="2393,3600 2415,3600 2465,3599 2514,3596 2566,3596 2616,3596 2665,3595 2691,3594 2692,3639 2666,3640 2616,3641 2566,3641 2517,3641 2466,3644 2416,3645 2394,3645"/>
          <TextEquiv>
            <Unicode>landt</Unicode>
          </TextEquiv>
        </Word>
        <Word id="word_0a62ba47-cabf-4ed1-b9aa-035ae1d39735">
          <Coords points="2753,3592 2767,3592 2815,3590 2865,3589 2915,3588 2966,3588 3016,3588 3065,3587 3115,3586 3166,3586 3169,3586 3169,3631 3166,3631 3116,3631 3066,3632 3016,3633 2966,3633 2916,3633 2866,3634 2816,3635 2766,3637 2751,3637"/>
          <TextEquiv>
            <Unicode>gecomen</Unicode>
          </TextEquiv>
        </Word>
        <Word id="word_80e76b9d-350a-474c-a5ac-efb044c38083">
          <Coords points="3228,3586 3266,3586 3315,3585 3367,3586 3407,3586 3407,3631 3366,3631 3316,3630 3266,3631 3228,3631"/>
          <TextEquiv>
            <Unicode>met</Unicode>
          </TextEquiv>
        </Word>
        <TextEquiv conf="0.9229530016978602">
          <Unicode>Jan Huijbertse int landt gecomen met</Unicode>
        </TextEquiv>
        <TextStyle xHeight="64"/>
      </TextLine>
      <TextLine id="line_72f7ee18-e881-4c6b-a2d7-c84c5203d36d">
        <Coords points="1239,3815 1361,3704 1565,3681 1724,3676 1761,3711 1771,3712 1816,3669 2196,3669 2251,3712 2307,3664 2519,3664 2535,3680 2776,3680 2827,3688 3283,3687 3283,3766 3086,3763 3055,3793 2998,3798 2867,3798 2859,3806 2815,3806 2799,3793 2755,3793 2731,3778 2523,3778 2140,3790 2122,3806 1860,3805 1845,3790 1788,3790 1732,3794 1696,3826 1616,3826 1584,3805 1497,3806 1489,3814 1239,3814"/>
        <Baseline points="1278,3803 1328,3802 1378,3799 1428,3797 1478,3795 1528,3793 1578,3791 1628,3787 1678,3786 1728,3781 1778,3781 1828,3780 1878,3780 1928,3782 1978,3781 2028,3782 2078,3784 2128,3784 2178,3781 2228,3779 2278,3778 2328,3778 2378,3778 2428,3774 2478,3771 2528,3768 2578,3768 2628,3768 2678,3768 2728,3766 2778,3764 2828,3763 2878,3762 2928,3760 2978,3757 3028,3753 3078,3750 3128,3748 3178,3745 3228,3745 3245,3747"/>
        <Word id="word_14b3f4e2-f356-4f43-820a-be9574e65065">
          <Coords points="1277,3768 1327,3767 1376,3764 1427,3762 1477,3760 1523,3758 1524,3803 1478,3805 1428,3807 1379,3809 1328,3812 1278,3813"/>
          <TextEquiv>
            <Unicode>schip</Unicode>
          </TextEquiv>
        </Word>
        <Word id="word_a75dcbda-3d8f-4c8c-bfaa-df4ca591370f">
          <Coords points="1572,3756 1577,3756 1625,3752 1671,3751 1672,3796 1629,3797 1578,3801 1573,3801"/>
          <TextEquiv>
            <Unicode>d'</Unicode>
          </TextEquiv>
        </Word>
        <Word id="word_f858499c-ff7b-4168-8c08-1c2bc73cf2cc">
          <Coords points="1703,3755 1711,3750 1778,3746 1827,3745 1878,3745 1929,3747 1977,3746 2015,3747 2015,3792 1978,3791 1928,3792 1878,3790 1828,3790 1778,3791 1733,3790 1725,3794"/>
          <TextEquiv>
            <Unicode>Cnoeck</Unicode>
          </TextEquiv>
        </Word>
        <Word id="word_a4f0f3e7-ba3b-47bd-953d-c740cae0e453">
          <Coords points="2067,3748 2081,3749 2128,3749 2160,3747 2163,3792 2128,3794 2077,3794 2063,3793"/>
          <TextEquiv>
            <Unicode>Ao</Unicode>
          </TextEquiv>
        </Word>
        <Word id="word_6191af9a-7b2f-4a91-a3e2-b07ce4b32077">
          <Coords points="2211,3744 2228,3744 2277,3743 2328,3743 2378,3743 2405,3741 2409,3786 2378,3788 2328,3788 2278,3788 2228,3789 2211,3789"/>
          <TextEquiv>
            <Unicode>1643</Unicode>
          </TextEquiv>
        </Word>
        <Word id="word_c8144dd4-2699-4bb3-a447-417b04358e07">
          <Coords points="2456,3737 2477,3736 2526,3733 2578,3733 2628,3733 2654,3733 2654,3778 2628,3778 2578,3778 2529,3778 2478,3781 2458,3782"/>
          <TextEquiv>
            <Unicode>voor</Unicode>
          </TextEquiv>
        </Word>
        <Word id="word_95105f8b-67fd-4622-bc25-8bcb42c7d464">
          <Coords points="2701,3733 2725,3731 2777,3729 2827,3728 2877,3727 2927,3725 2976,3722 3025,3718 3076,3715 3127,3713 3176,3710 3228,3710 3248,3712 3243,3757 3228,3755 3179,3755 3128,3758 3079,3760 3029,3763 2979,3767 2928,3770 2878,3772 2828,3773 2778,3774 2729,3776 2704,3778"/>
          <TextEquiv>
            <Unicode>Bootsgesell</Unicode>
          </TextEquiv>
        </Word>
        <TextEquiv conf="0.8602984979955928">
          <Unicode>schip d' Cnoeck Ao 1643 voor Bootsgesell</Unicode>
        </TextEquiv>
        <TextStyle xHeight="40"/>
      </TextLine>
      <TextLine id="line_6cd02b3a-3714-4a0f-b17d-b8ad0e5403ac">
        <Coords points="1245,3819 1585,3818 1599,3827 1687,3827 1735,3791 1807,3787 1844,3787 1863,3805 2123,3805 2131,3798 2199,3826 2239,3826 2255,3842 2291,3854 2323,3886 2431,3783 2455,3779 2731,3778 2759,3790 3223,3794 3259,3828 3396,3828 3396,3907 3183,3900 2840,3908 2795,3937 2611,3949 2555,3948 2531,3924 1551,3933 1531,3937 1519,3949 1347,3949 1245,4004"/>
        <Baseline points="1284,3934 1334,3932 1384,3933 1434,3932 1484,3930 1534,3927 1584,3925 1634,3924 1684,3923 1734,3920 1784,3918 1834,3917 1884,3915 1934,3914 1984,3914 2034,3914 2084,3914 2134,3916 2184,3915 2234,3914 2284,3913 2334,3912 2384,3910 2434,3908 2484,3906 2534,3904 2584,3904 2634,3903 2684,3901 2734,3898 2784,3897 2834,3894 2884,3894 2934,3892 2984,3890 3034,3888 3084,3888 3134,3887 3184,3887 3234,3887 3284,3887 3334,3887 3358,3888"/>
        <Word id="word_e29d3068-555c-4b05-a9d9-4308b4d2b414">
          <Coords points="1283,3899 1333,3897 1338,3897 1337,3942 1334,3942 1284,3944"/>
          <TextEquiv>
            <Unicode>a</Unicode>
          </TextEquiv>
        </Word>
        <Word id="word_aac50622-eba6-4869-a093-c9bfef819c42">
          <Coords points="1389,3898 1433,3897 1442,3897 1444,3942 1434,3942 1391,3943"/>
          <TextEquiv>
            <Unicode>3</Unicode>
          </TextEquiv>
        </Word>
        <Word id="word_da428884-3ac0-432e-a9d0-4a30496730f7">
          <Coords points="1494,3895 1532,3892 1583,3890 1633,3889 1655,3889 1656,3934 1634,3934 1584,3935 1535,3937 1497,3939"/>
          <TextEquiv>
            <Unicode>ter</Unicode>
          </TextEquiv>
        </Word>
        <Word id="word_8df760db-d10a-4c00-a3a2-92e614df04f5">
          <Coords points="1706,3888 1730,3885 1783,3883 1833,3882 1883,3880 1933,3879 1984,3879 2028,3879 2028,3924 1984,3924 1934,3924 1884,3925 1834,3927 1784,3928 1735,3930 1710,3932"/>
          <TextEquiv>
            <Unicode>maendt</Unicode>
          </TextEquiv>
        </Word>
        <Word id="word_950010ef-28e5-4916-a2dd-84c5c5f6955e">
          <Coords points="2082,3879 2084,3879 2135,3881 2183,3880 2233,3879 2283,3878 2333,3877 2346,3876 2348,3921 2334,3922 2284,3923 2234,3924 2184,3925 2134,3926 2084,3924 2082,3924"/>
          <TextEquiv>
            <Unicode>werdt</Unicode>
          </TextEquiv>
        </Word>
        <Word id="word_49845323-c845-4ddc-9441-ba1c615cffe1">
          <Coords points="2399,3874 2433,3873 2483,3871 2533,3869 2584,3869 2613,3868 2614,3913 2584,3914 2534,3914 2484,3916 2434,3918 2401,3919"/>
          <TextEquiv>
            <Unicode>door</Unicode>
          </TextEquiv>
        </Word>
        <Word id="word_166c4a20-2f78-4a3c-895c-d9039f51462f">
          <Coords points="2664,3867 2681,3866 2732,3863 2783,3862 2832,3859 2884,3859 2933,3857 2983,3855 3033,3853 3084,3853 3133,3852 3145,3852 3145,3897 3134,3897 3084,3898 3034,3898 2984,3900 2934,3902 2884,3904 2835,3904 2784,3907 2735,3908 2685,3911 2667,3912"/>
          <TextEquiv>
            <Unicode>expiratie</Unicode>
          </TextEquiv>
        </Word>
        <Word id="word_a7d07abd-958a-4d17-9e11-d895a19bfd82">
          <Coords points="3198,3852 3234,3852 3284,3852 3334,3852 3359,3853 3358,3898 3334,3897 3284,3897 3234,3897 3198,3897"/>
          <TextEquiv>
            <Unicode>van</Unicode>
          </TextEquiv>
        </Word>
        <TextEquiv conf="0.8509080705377674">
          <Unicode>a 3 ter maendt werdt door expiratie van</Unicode>
        </TextEquiv>
        <TextStyle xHeight="44"/>
      </TextLine>
      <TextLine id="d3268f4c-7dbb-4627-894f-7d40abcb9dcc">
        <Coords points="1246,4003 1344,3952 1517,3951 1532,3936 1711,3928 2538,3927 2562,3951 2610,3952 2618,3944 2791,3940 2842,3904 2946,3900 3321,3907 3366,3944 3366,4023 3215,4018 3163,4070 3073,4069 3045,4049 3006,4045 2594,4046 2570,4037 2438,4037 2382,4082 2231,4077 2211,4057 2195,4053 2091,4053 2059,4078 1560,4077 1512,4121 1492,4121 1484,4129 1246,4132"/>
        <Baseline points="1285,4063 1335,4063 1385,4059 1435,4058 1485,4058 1535,4057 1585,4054 1635,4051 1685,4049 1735,4048 1785,4045 1835,4044 1885,4043 1935,4040 1985,4039 2035,4040 2085,4038 2135,4036 2185,4034 2235,4032 2285,4030 2335,4029 2385,4028 2435,4026 2485,4026 2535,4025 2585,4025 2635,4024 2685,4023 2735,4023 2785,4021 2835,4021 2885,4020 2935,4017 2985,4016 3035,4015 3085,4013 3135,4011 3185,4010 3235,4009 3285,4007 3328,4004"/>
        <Word id="word_79e0dc18-c10b-439f-b0fd-91f180300148">
          <Coords points="1285,4028 1335,4028 1382,4024 1434,4023 1485,4023 1511,4022 1512,4067 1485,4068 1435,4068 1386,4069 1335,4073 1285,4073"/>
          <TextEquiv>
            <Unicode>tijt,</Unicode>
          </TextEquiv>
        </Word>
        <Word id="word_ecfbccf8-da8a-45ce-b686-072f2b87a36c">
          <Coords points="1554,4022 1582,4019 1633,4016 1684,4014 1734,4013 1783,4010 1834,4009 1884,4008 1933,4005 1965,4004 1966,4049 1936,4050 1885,4053 1835,4054 1786,4055 1735,4058 1685,4059 1636,4061 1586,4064 1558,4067"/>
          <TextEquiv>
            <Unicode>jndeselve</Unicode>
          </TextEquiv>
        </Word>
        <Word id="word_a4cc2d83-f371-4ed2-a423-1bb0245069fb">
          <Coords points="2013,4004 2037,4005 2084,4003 2134,4001 2184,3999 2234,3997 2284,3995 2334,3994 2384,3993 2434,3991 2465,3991 2465,4036 2435,4036 2385,4038 2335,4039 2285,4040 2235,4042 2185,4044 2135,4046 2085,4048 2034,4050 2011,4048"/>
          <TextEquiv>
            <Unicode>qualiteijt</Unicode>
          </TextEquiv>
        </Word>
        <Word id="word_2b3b9692-f609-48d5-8bff-e21995a6b7bc">
          <Coords points="2509,3991 2534,3990 2585,3990 2601,3990 2602,4035 2585,4035 2535,4035 2511,4036"/>
          <TextEquiv>
            <Unicode>d'</Unicode>
          </TextEquiv>
        </Word>
        <Word id="word_dcf76cfc-77fa-4b2e-b128-80eb1ab7d619">
          <Coords points="2646,3989 2684,3988 2735,3988 2784,3986 2829,3986 2829,4031 2785,4031 2735,4033 2685,4033 2647,4034"/>
          <TextEquiv>
            <Unicode>novo</Unicode>
          </TextEquiv>
        </Word>
        <Word id="word_ffca4aab-ad0a-470a-b424-abcd7cc40d80">
          <Coords points="2871,3986 2882,3985 2933,3982 2984,3981 3034,3980 3054,3979 3056,4024 3035,4025 2985,4026 2936,4027 2886,4030 2875,4031"/>
          <TextEquiv>
            <Unicode>voor</Unicode>
          </TextEquiv>
        </Word>
        <Word id="word_669c77db-3d97-40d2-ace1-feca804b715f">
          <Coords points="3100,3977 3134,3976 3184,3975 3234,3974 3284,3972 3325,3969 3329,4014 3285,4017 3235,4019 3185,4020 3135,4021 3101,4022"/>
          <TextEquiv>
            <Unicode>drije</Unicode>
          </TextEquiv>
        </Word>
        <TextEquiv conf="0.9199945505617714">
          <Unicode>tijt, jndeselve qualiteijt d' novo voor drije</Unicode>
        </TextEquiv>
        <TextStyle xHeight="47"/>
      </TextLine>
      <TextLine id="line_3b23df3d-ae2f-4870-89ac-c1e2c5564aaa">
        <Coords points="1272,4105 1354,4109 1362,4117 1518,4118 1562,4077 2058,4078 2090,4054 2195,4054 2218,4061 2234,4077 2382,4082 2414,4058 2539,4058 2586,4055 2594,4047 3042,4046 3062,4065 3134,4069 3154,4085 3245,4086 3262,4074 3289,4074 3298,4081 3330,4054 3418,4050 3426,4057 3475,4058 3475,4137 3458,4137 3411,4180 3370,4180 3358,4171 3166,4171 3154,4180 3058,4180 3030,4188 2806,4187 2798,4179 2630,4175 2286,4180 1942,4172 1786,4184 1714,4180 1702,4192 1426,4192 1410,4196 1324,4279 1314,4271 1272,4271"/>
        <Baseline points="1311,4193 1361,4190 1411,4186 1461,4184 1511,4180 1561,4177 1611,4174 1661,4172 1711,4169 1761,4167 1811,4164 1861,4162 1911,4159 1961,4157 2011,4154 2061,4153 2111,4153 2161,4152 2211,4150 2261,4149 2311,4147 2361,4145 2411,4144 2461,4143 2511,4140 2561,4138 2611,4137 2661,4136 2711,4134 2761,4135 2811,4135 2861,4133 2911,4131 2961,4130 3011,4129 3061,4127 3111,4125 3161,4123 3211,4120 3261,4118 3311,4117 3361,4116 3411,4115 3437,4118"/>
        <Word id="word_098d1157-162f-473a-9e15-f8406de41059">
          <Coords points="1309,4158 1359,4155 1408,4151 1460,4149 1508,4145 1559,4142 1598,4140 1601,4185 1562,4187 1512,4190 1461,4194 1412,4196 1362,4200 1312,4203"/>
          <TextEquiv>
            <Unicode>jaeren</Unicode>
          </TextEquiv>
        </Word>
        <Word id="word_457f1fb1-437e-4a19-a838-bb94de000a9e">
          <Coords points="1650,4137 1662,4137 1709,4134 1760,4132 1792,4130 1794,4175 1761,4177 1712,4179 1661,4182 1649,4182"/>
          <TextEquiv>
            <Unicode>met</Unicode>
          </TextEquiv>
        </Word>
        <Word id="word_d093954d-a882-42af-91e0-8d87c046bbc6">
          <Coords points="1842,4127 1861,4127 1909,4124 1960,4122 1985,4121 1988,4165 1961,4167 1912,4169 1861,4172 1842,4172"/>
          <TextEquiv>
            <Unicode>een</Unicode>
          </TextEquiv>
        </Word>
        <Word id="word_3a018a60-bf58-4231-853d-ad3096c883c1">
          <Coords points="2036,4118 2062,4118 2111,4118 2160,4117 2210,4115 2260,4114 2310,4112 2360,4110 2410,4109 2460,4108 2509,4105 2560,4103 2566,4103 2567,4148 2561,4148 2512,4150 2461,4153 2411,4154 2361,4155 2311,4157 2261,4159 2211,4160 2161,4162 2111,4163 2061,4163 2035,4163"/>
          <TextEquiv>
            <Unicode>tracktement</Unicode>
          </TextEquiv>
        </Word>
        <Word id="word_69bf94bc-678a-48d8-9f9a-42594ad32934">
          <Coords points="2615,4102 2660,4101 2710,4099 2761,4100 2760,4145 2711,4144 2661,4146 2616,4147"/>
          <TextEquiv>
            <Unicode>van</Unicode>
          </TextEquiv>
        </Word>
        <Word id="word_3d98c5e6-dc8a-4d71-a17f-70327f3f8abe">
          <Coords points="2795,4104 2798,4103 2860,4098 2910,4096 2960,4095 3010,4094 3049,4092 3051,4137 3011,4139 2961,4140 2911,4141 2861,4143 2815,4144 2813,4145"/>
          <TextEquiv>
            <Unicode>thien</Unicode>
          </TextEquiv>
        </Word>
        <Word id="word_70f380f4-cc6f-4516-b6af-9a37b3181937">
          <Coords points="3097,4091 3110,4090 3160,4088 3209,4085 3260,4083 3310,4082 3360,4081 3410,4080 3441,4083 3436,4128 3411,4125 3361,4126 3311,4127 3261,4128 3212,4130 3161,4133 3111,4135 3099,4135"/>
          <TextEquiv>
            <Unicode>guldens</Unicode>
          </TextEquiv>
        </Word>
        <TextEquiv conf="0.9065491154191707">
          <Unicode>jaeren met een tracktement van thien guldens</Unicode>
        </TextEquiv>
        <TextStyle xHeight="42"/>
      </TextLine>
      <TextLine id="line_0e5abe69-5b4c-4417-a96c-81919c267670">
        <Coords points="1278,4271 1326,4276 1412,4193 1687,4177 1783,4185 1791,4177 1947,4172 1971,4196 2311,4197 3031,4188 3058,4181 3156,4181 3165,4172 3357,4172 3369,4181 3410,4181 3430,4173 3430,4252 3413,4234 3401,4234 3377,4247 3257,4255 3237,4275 3193,4291 2694,4295 2470,4282 2291,4282 2271,4274 2174,4366 2130,4353 2027,4353 2019,4345 1999,4345 1979,4325 1775,4325 1731,4366 1695,4365 1671,4345 1632,4345 1592,4306 1368,4303 1278,4382"/>
        <Baseline points="1317,4300 1367,4295 1417,4291 1467,4290 1517,4290 1567,4289 1617,4287 1667,4285 1717,4284 1767,4283 1817,4282 1867,4281 1917,4279 1967,4279 2017,4277 2067,4274 2117,4271 2167,4269 2217,4267 2267,4264 2317,4262 2367,4259 2417,4257 2467,4257 2517,4256 2567,4255 2617,4255 2667,4257 2717,4257 2767,4256 2817,4255 2867,4254 2917,4253 2967,4252 3017,4251 3067,4249 3117,4247 3167,4246 3217,4246 3267,4246 3317,4243 3367,4239 3392,4233"/>
        <Word id="word_ac967f7a-3dda-4457-8d16-98fd6294b039">
          <Coords points="1314,4265 1364,4260 1414,4256 1466,4255 1481,4255 1481,4300 1467,4300 1418,4301 1368,4305 1318,4310"/>
          <TextEquiv>
            <Unicode>ter</Unicode>
          </TextEquiv>
        </Word>
        <Word id="word_87f1efcd-4848-4961-945e-7432acb31447">
          <Coords points="1534,4255 1566,4254 1616,4252 1666,4250 1716,4249 1766,4248 1816,4247 1862,4246 1863,4291 1817,4292 1767,4293 1717,4294 1667,4295 1617,4297 1567,4299 1536,4300"/>
          <TextEquiv>
            <Unicode>maendt</Unicode>
          </TextEquiv>
        </Word>
        <Word id="word_f7cfba34-489b-4984-a6ea-9d184ad709c7">
          <Coords points="1917,4245 1966,4244 2016,4242 2065,4239 2115,4236 2166,4234 2216,4232 2265,4229 2316,4227 2365,4224 2416,4222 2464,4222 2464,4267 2417,4267 2368,4269 2317,4272 2268,4274 2217,4277 2167,4279 2118,4281 2068,4284 2017,4287 1967,4289 1918,4290"/>
          <TextEquiv>
            <Unicode>aengenomen</Unicode>
          </TextEquiv>
        </Word>
        <Word id="word_81e8e64a-6b35-4f6c-a0e2-b8f02963b85a">
          <Coords points="2517,4222 2566,4220 2617,4220 2629,4220 2627,4265 2617,4265 2567,4265 2519,4267"/>
          <TextEquiv>
            <Unicode>d'</Unicode>
          </TextEquiv>
        </Word>
        <Word id="word_ba953160-ec2a-4768-8220-9b08bb71b342">
          <Coords points="2682,4223 2716,4222 2766,4221 2816,4220 2866,4219 2916,4218 2966,4217 3016,4216 3066,4214 3116,4212 3166,4211 3217,4211 3267,4211 3315,4208 3364,4204 3384,4199 3394,4243 3368,4249 3318,4253 3267,4256 3217,4256 3167,4256 3117,4257 3067,4259 3017,4261 2967,4262 2917,4263 2867,4264 2817,4265 2767,4266 2717,4267 2683,4268"/>
          <TextEquiv>
            <Unicode>verbeteringhe</Unicode>
          </TextEquiv>
        </Word>
        <TextEquiv conf="0.9230233353320628">
          <Unicode>ter maendt aengenomen d' verbeteringhe</Unicode>
        </TextEquiv>
        <TextStyle xHeight="40"/>
      </TextLine>
      <TextLine id="ddec0609-40af-4fcb-917a-12bc527c8280">
        <Coords points="2295,4282 2511,4282 2511,4361 2506,4355 2498,4361 2455,4360 2428,4350 2376,4350 2358,4365 2328,4368 2320,4360 2295,4360"/>
        <Baseline points="2334,4345 2384,4341 2434,4340 2473,4342"/>
        <Word id="word_23a3f0f0-18d7-4f5c-8032-cb5761087770">
          <Coords points="2331,4310 2381,4306 2433,4305 2475,4307 2472,4352 2434,4350 2385,4351 2335,4355"/>
          <TextEquiv>
            <Unicode>mo</Unicode>
          </TextEquiv>
        </Word>
        <TextEquiv conf="0.4386473834842977">
          <Unicode>mo</Unicode>
        </TextEquiv>
        <TextStyle xHeight="32"/>
      </TextLine>
      <TextLine id="d1a3a9ce-939f-410d-b250-236756ec0c01">
        <Coords points="1237,4413 1263,4397 1339,4321 1375,4304 1594,4308 1635,4348 1675,4348 1691,4364 1711,4365 1731,4365 1775,4324 1979,4324 1999,4344 2015,4344 2023,4352 2107,4352 2175,4365 2227,4317 2287,4369 2298,4360 2367,4349 2475,4349 2543,4292 3270,4284 3287,4300 3336,4301 3336,4380 3247,4380 3239,4387 2623,4387 2615,4395 2559,4399 2419,4394 2231,4403 1935,4403 1895,4415 1783,4511 1763,4510 1745,4494 1671,4490 1623,4470 1587,4442 1237,4443"/>
        <Baseline points="1276,4419 1326,4421 1376,4417 1426,4414 1476,4409 1526,4406 1576,4403 1626,4401 1676,4399 1726,4397 1776,4395 1826,4393 1876,4394 1926,4394 1976,4392 2026,4389 2076,4386 2126,4383 2176,4382 2226,4381 2276,4381 2326,4385 2376,4387 2426,4384 2476,4382 2526,4379 2576,4377 2626,4375 2676,4375 2726,4375 2776,4374 2826,4373 2876,4372 2926,4370 2976,4370 3026,4368 3076,4367 3126,4366 3176,4366 3226,4365 3276,4364 3298,4361"/>
        <Word id="word_a5f91793-996a-46d3-9489-6b57f83d4dde">
          <Coords points="1277,4384 1327,4386 1373,4382 1383,4382 1386,4426 1377,4427 1326,4431 1276,4429"/>
          <TextEquiv>
            <Unicode>en</Unicode>
          </TextEquiv>
        </Word>
        <Word id="word_2c435949-ee97-4059-b8cc-43b2fb9a7093">
          <Coords points="1436,4378 1472,4374 1524,4371 1574,4368 1625,4366 1675,4364 1725,4362 1766,4360 1768,4405 1726,4407 1676,4409 1626,4411 1577,4413 1527,4416 1477,4419 1441,4423"/>
          <TextEquiv>
            <Unicode>tnieuw</Unicode>
          </TextEquiv>
        </Word>
        <Word id="word_e827e2ed-b184-4761-a12f-f7de5e1ea14e">
          <Coords points="1821,4358 1825,4358 1877,4359 1926,4359 1975,4357 2024,4354 2074,4351 2124,4348 2175,4347 2225,4346 2259,4346 2259,4391 2226,4391 2176,4392 2127,4393 2077,4396 2027,4399 1976,4402 1926,4404 1876,4404 1826,4403 1823,4403"/>
          <TextEquiv>
            <Unicode>verbandt</Unicode>
          </TextEquiv>
        </Word>
        <Word id="word_81aa2599-485d-4425-8b16-b65da9b8b781">
          <Coords points="2325,4348 2337,4352 2377,4352 2424,4349 2475,4347 2475,4347 2478,4392 2476,4392 2427,4394 2376,4397 2323,4394 2311,4390"/>
          <TextEquiv>
            <Unicode>p„r</Unicode>
          </TextEquiv>
        </Word>
        <Word id="word_f37ee606-2dc2-4cb3-a46e-4d2466472818">
          <Coords points="2531,4344 2575,4342 2625,4340 2676,4340 2726,4340 2775,4339 2805,4338 2806,4383 2776,4384 2726,4385 2676,4385 2626,4385 2576,4387 2532,4389"/>
          <TextEquiv>
            <Unicode>deses</Unicode>
          </TextEquiv>
        </Word>
        <Word id="word_220ea1ec-39ac-4e62-9be9-dd7096448ec0">
          <Coords points="2859,4337 2875,4337 2925,4335 2976,4335 3025,4333 3075,4332 3125,4331 3176,4331 3225,4330 3275,4329 3293,4326 3299,4371 3276,4374 3226,4375 3176,4376 3126,4376 3076,4377 3026,4378 2976,4380 2926,4380 2876,4382 2860,4382"/>
          <TextEquiv>
            <Unicode>aenvanck</Unicode>
          </TextEquiv>
        </Word>
        <TextEquiv conf="0.8436574669291262">
          <Unicode>en tnieuw verbandt p„r deses aenvanck</Unicode>
        </TextEquiv>
        <TextStyle xHeight="36"/>
      </TextLine>
      <TextLine id="line_961aeb52-767a-4106-a659-a6d1dbbc4386">
        <Coords points="1249,4445 1591,4445 1622,4469 1670,4489 1744,4493 1763,4510 1786,4510 1818,4478 1834,4474 1995,4471 1995,4550 1626,4551 1515,4544 1249,4560"/>
        <Baseline points="1288,4546 1338,4546 1388,4544 1438,4542 1488,4539 1538,4536 1588,4534 1638,4533 1688,4532 1738,4531 1788,4528 1838,4526 1888,4528 1938,4530 1957,4531"/>
        <Word id="word_92bed01d-75c3-425a-9ea3-bb5ef24d62c4">
          <Coords points="1288,4511 1338,4511 1387,4509 1437,4507 1486,4504 1536,4501 1587,4499 1637,4498 1687,4497 1737,4496 1786,4493 1837,4491 1889,4493 1939,4495 1959,4496 1956,4541 1938,4540 1888,4538 1838,4536 1789,4538 1738,4541 1688,4542 1638,4543 1588,4544 1539,4546 1489,4549 1438,4552 1388,4554 1338,4556 1288,4556"/>
          <TextEquiv>
            <Unicode>nemende</Unicode>
          </TextEquiv>
        </Word>
        <TextEquiv conf="0.722788740511513">
          <Unicode>nemende</Unicode>
        </TextEquiv>
        <TextStyle xHeight="30"/>
      </TextLine>
    </TextRegion>
    <TextRegion id="region_8692b8ea-41d1-40cc-ad80-63e2f1905a8a_2" custom="structure {type:paragraph;}">
      <Coords points="921,2564 914,2571 914,2575 910,2578 910,2589 914,2593 914,2596 918,2593 918,2586 921,2582"/>
    </TextRegion>
    <TextRegion id="region_4af072d7-bb81-4356-ac44-4b2de0a330b9_3" custom="structure {type:paragraph;}">
      <Coords points="935,2557 939,2561 939,2607 935,2610 943,2610 946,2614 971,2614 975,2610 989,2610 992,2607 996,2607 989,2600 989,2596 985,2593 985,2557 982,2554 982,2550 953,2550 950,2554 939,2554"/>
    </TextRegion>
    <TextRegion id="region_e7371d32-ecf2-499a-a080-6628ec67f2d3_4" custom="structure {type:paragraph;}">
      <Coords points="1067,1579 1074,1586 1078,1586 1081,1590 1117,1590 1120,1586 1145,1586 1149,1583 1156,1583 1170,1568 1167,1568 1163,1572 1156,1572 1152,1576 1127,1576 1124,1579 1117,1579 1113,1583 1110,1579 1110,1576 1099,1565 1099,1561 1095,1558 1095,1554 1099,1551 1095,1554 1088,1554 1085,1558 1081,1558 1071,1568 1067,1568"/>
    </TextRegion>
    <TextRegion id="region_5eb986b4-b032-465c-918a-ba8dd5dcbdd9_7" custom="structure {type:catch-word;}">
      <Coords points="3222,4382 3212,4382 3208,4378 3187,4378 3183,4374 3176,4374 3173,4378 3158,4378 3155,4382 3144,4382 3141,4385 3123,4385 3158,4385 3162,4389 3201,4389 3205,4385 3215,4385 3219,4382"/>
    </TextRegion>
  </Page>
</PcGts>
