3553 4917
2777 335 2975 394 655

894 556 1098 610 alhier
1130 566 1468 622 aengenamen
1501 578 1602 626 als
1635 580 1737 627 wij
1770 580 1940 630 sijn,
1969 582 2107 631 ende
2141 582 2243 628 dat
2274 583 2478 629 eenEd:
2511 584 2613 631 ten
2646 585 2882 632 aensien

898 683 1064 731 vande
1097 685 1494 735 cristenheijt
1527 690 1593 736 so
1625 689 1858 736 gevoele
1892 691 1991 737 met
2024 692 2223 738 uEd„le
2255 690 2322 736 de
2354 689 2521 735 zelve
2554 687 2653 733 voc
2686 687 2889 737 minder

904 795 1186 844 perijckel
1216 799 1311 847 van
1340 803 1682 853 uijtgeseijt
1712 804 1776 851 te
1806 802 2024 849 werden,
2055 802 2242 849 loopt,
2273 800 2398 847 ende
2428 796 2615 845 schoon
2646 792 2740 840 sul
2770 788 2931 837 tegen

919 915 982 961 de
1011 914 1231 960 stricte
1261 916 1480 964 Japanse
1509 921 1697 970 wetten
1727 922 2101 970 vergrijpende
2131 920 2225 966 met
2255 918 2318 964 't
2347 914 2629 962 inbrengen
2659 913 2753 959 van
2784 914 2940 960 papen

912 1026 1014 1074 off
1048 1027 1453 1076 diergelijcke
1485 1031 1554 1077 so
1587 1032 1790 1079 sullen
1823 1033 2059 1079 evenwel
2092 1034 2161 1082 de
2191 1032 2431 1083 Gansche
2463 1031 2700 1078 chinese
2732 1025 2902 1076 natie

909 1140 1091 1187 daerom
1120 1142 1272 1189 Japan
1302 1143 1425 1191 niet
1452 1148 1575 1196 doen
1604 1152 1816 1198 ruijmen
1846 1153 1968 1198 ofte
1997 1155 2088 1200 den
2118 1155 2299 1203 handel
2327 1153 2481 1203 'teen
2511 1151 2632 1197 maal
2662 1151 2968 1200 verbieden,

909 1254 1045 1300 maer
1078 1254 1420 1305 eenelijcke
1452 1262 1521 1308 de
1554 1264 1862 1314 schuldige
1893 1271 2165 1320 stratsen
2198 1272 2335 1319 ende
2368 1267 2573 1317 voorts
2606 1263 2742 1312 haer
2774 1260 2880 1308 als

911 1375 1104 1422 vooren
1137 1377 1201 1422 de
1233 1377 1459 1425 negotie
1491 1380 1846 1429 vrijelijcke
1877 1384 1974 1429 toe
2007 1384 2201 1431 laten,
2232 1386 2362 1432 daer
2393 1387 2491 1433 ter
2521 1383 2812 1433 Contrarie
2844 1383 2943 1432 wij

912 1491 1120 1541 tegens
1154 1492 1223 1538 de
1257 1493 1498 1539 Iapanse
1532 1494 1705 1542 harde
1738 1495 1981 1543 geboden
2014 1498 2083 1544 in
2117 1497 2394 1544 zodanige
2427 1497 2634 1544 fauese
2667 1496 2978 1545 vervallen

907 1614 1289 1665 vastelijcke
1323 1612 1532 1659 gelove
1566 1613 1635 1659 de
1670 1614 1982 1660 schuldige
2017 1615 2295 1661 gestraft
2326 1616 2467 1663 ende
2501 1615 2606 1661 (op
2638 1614 2710 1660 't
2743 1612 2955 1662 beste)

903 1736 969 1782 de
1000 1736 1130 1783 rest
1162 1735 1293 1781 uijt
1325 1734 1487 1781 Japan
1520 1735 1781 1781 gedannen
1812 1737 2007 1782 zouden
2039 1735 2267 1782 werden,
2299 1735 2397 1780 dat
2429 1735 2527 1780 het
2559 1733 2754 1779 oocdis
2784 1725 2981 1776 chunes

912 1855 1040 1904 ofte
1072 1855 1168 1901 wel
1199 1855 1390 1902 Iequan
1421 1856 1549 1903 daer
1580 1857 1676 1903 nae
1708 1856 1803 1903 aen
1834 1854 1994 1900 leijt
2025 1854 2121 1901 den
2152 1854 2407 1901 geheelen
2438 1852 2725 1900 chinetsen
2755 1846 2947 1895 handel

911 1977 1013 2025 del
1044 1975 1246 2022 Comp:e
1279 1974 1647 2025 tontsetten,
1680 1980 1914 2028 gelijck
1948 1978 2148 2027 alrede
2181 1975 2382 2023 genoch
2414 1972 2482 2019 in
2514 1964 2650 2016 sijn
2681 1957 2883 2007 geweld

909 2094 1114 2140 heeft,
1146 2091 1589 2139 blijcklaarder
1623 2094 1725 2139 aen
1759 2094 1828 2140 't
1860 2092 2032 2140 geene
2065 2090 2202 2137 dese
2236 2087 2406 2135 Iaare
2439 2085 2508 2131 in
2539 2078 2780 2129 tonckin
2813 2074 2921 2122 on„

901 2218 1168 2265 derstaen
1201 2217 1301 2262 wat
1334 2217 1467 2262 sijn
1500 2217 1700 2263 vorder
1733 2215 1933 2263 intent
1965 2214 2032 2260 is
2066 2212 2199 2259 ende
2232 2208 2531 2257 hoedanic,
2564 2205 2631 2252 s.
2664 2201 2872 2249 Comp:s

908 2339 1163 2391 negotie
1199 2339 1272 2384 in
1307 2334 1709 2383 toecommende
1745 2333 1964 2380 aldaer
2000 2333 2182 2380 meent
2218 2332 2292 2379 te
2327 2329 2728 2377 becommeren,
2764 2329 2926 2376 werd

911 2464 1014 2511 bij
1048 2461 1117 2508 't
1150 2461 1458 2508 schrijven
1491 2460 1696 2507 vanden
1730 2458 2139 2505 oppercoopman
2173 2456 2548 2505 Bronckhorst
2581 2453 2959 2502 duijdelijck

903 2584 1285 2635 ontledet

601 2766 847 2820 vermits
880 2766 986 2812 den
1019 2759 1471 2810 overvloedigen
1505 2753 1748 2803 toevoer
1782 2752 1887 2798 van
1921 2752 2095 2799 zijde
2129 2753 2338 2799 waaren
2371 2753 2511 2802 door
2545 2756 2615 2801 de
2649 2750 2928 2801 Chinesen

902 2873 971 2923 't
1003 2877 1275 2924 verleden
1308 2875 1444 2923 Iaer
1477 2873 1579 2920 tot
1611 2869 1985 2918 nangasackij
2018 2867 2221 2914 gedaen
2255 2867 2323 2912 en
2357 2866 2459 2912 dit
2491 2849 2933 2909 tegenwoordige

904 2999 1033 3045 Iaer
1064 2997 1259 3044 alrede
1290 2996 1420 3041 waer
1452 2995 1678 3041 ruijgen
1710 2995 2033 3042 overslach,
2066 2995 2259 3041 hoewel
2291 2996 2388 3042 wae
2421 2996 2485 3042 't
2517 2994 2743 3042 becomen
2774 2993 2878 3041 van

891 3121 1146 3179 notisie
1180 3115 1326 3164 noch
1361 3115 1434 3162 al
1468 3114 1686 3162 eenige
1722 3113 1975 3159 Joncken
2010 3113 2119 3159 met
2154 3113 2407 3159 partije
2441 3106 2658 3157 stijde
2693 3097 2911 3151 aenge„

903 3241 1093 3291 comen
1130 3241 1318 3292 zijn,
1354 3238 1505 3285 niet
1542 3235 1767 3282 minder
1804 3233 1880 3279 is
1917 3233 1992 3279 te
2029 3234 2217 3280 weten
2254 3232 2329 3278 zo
2367 3231 2479 3277 van
2514 3222 2741 3275 nankin
2775 3217 2892 3267 als

914 3361 1134 3412 hocceo
1171 3364 1317 3413 1174
1352 3359 1464 3407 p:s
1498 3353 1683 3403 rouwe
1719 3352 1902 3397 soude
1938 3352 2085 3402 ende
2121 3357 2195 3405 98
2231 3355 2341 3403 p„s
2375 3347 2597 3400 Baghij
2632 3331 2962 3390 derhalven

902 3489 1044 3540 niet
1078 3487 1218 3534 heer
1251 3485 1322 3530 te
1356 3477 1774 3529 verwonderen,
1808 3478 1878 3524 de
1913 3475 2086 3523 zijde
2121 3474 2260 3520 ende
2295 3469 2469 3519 zijde
2502 3464 2677 3513 stuck
2711 3457 2955 3508 wercken

904 3610 1013 3656 den
1049 3605 1485 3655 voorjaarigen
1519 3601 1703 3650 prijs
1737 3599 1884 3647 niet
1920 3596 2138 3644 moogen
2172 3587 2501 3641 Berijcken
2535 3582 2683 3631 ende
2718 3579 2867 3628 Con„

910 3732 1186 3781 firmeert
1220 3727 1358 3776 sulr
1392 3723 1600 3773 uEd:le
1631 3720 1911 3767 gevoelen
1945 3714 2290 3766 aengaende,
2323 3714 2393 3760 't
2426 3711 2738 3759 voornemen
2773 3712 2880 3760 van

904 3855 1041 3904 metk
1074 3850 1413 3899 verhaalden
1445 3848 1682 3896 Iequan,
1716 3849 1919 3897 nadien
1953 3849 2088 3896 uijt
2121 3846 2324 3894 siijne
2357 3839 2696 3890 quartieren
2730 3838 2835 3886 enn

892 3981 1075 4039 groot
1109 3974 1396 4026 gedeelte
1432 3974 1540 4019 der
1575 3972 1790 4019 zelver
1825 3968 2148 4018 herwaarts
2182 3962 2470 4011 gebracht
2506 3957 2614 4006 is,
2648 3950 2756 4000 wat
2791 3941 2936 3994 ende

911 4107 1018 4156 hoe
1051 4101 1195 4152 veel
1229 4098 1301 4146 't
1336 4094 1760 4142 aengebrachte
1793 4089 1901 4139 der
1937 4089 2220 4140 Chinesen
2255 4090 2432 4141 desen
2466 4081 2644 4133 Iaare
2678 4077 2786 4124 zal

2354 4288 2970 4356 inworteeken/.

2198 4176 2333 4223 m
