3567 4801
2704 527 2908 587 912

514 516 801 574 decemb.
841 513 1005 562 1645

913 705 1010 754 den
1042 701 1170 749 7.en
1198 693 1457 743 November
1487 693 1585 739 was
1616 689 1744 737 oocq
1774 686 1840 734 in
1871 683 2128 731 soualijs
2159 683 2287 730 Chom
2319 684 2416 730 ten
2447 682 2639 730 ancker
2670 677 2896 728 gecomen

903 808 954 855 d'
976 799 1103 852 swaen
1127 795 1203 843 Van
1226 790 1377 839 Bantum
1401 788 1501 834 ende
1525 782 1700 833 rlevens
1724 781 1774 826 d.
1799 780 1825 826 o
1848 777 1924 824 een
1947 775 2172 822 scheepken
2197 775 2272 821 van
2297 775 2447 821 Willem
2471 773 2670 821 Courtens
2695 769 2820 818 Comp.
2842 767 2869 813 e

905 898 1104 952 genaemt
1130 895 1188 942 d'
1216 888 1386 940 Hester
1413 885 1498 932 tot
1525 880 1640 930 geen
1667 873 1809 924 ander
1836 869 2007 917 eijnde
2034 868 2119 914 als
2146 865 2261 912 omme
2288 865 2458 911 aldaer
2485 864 2542 909 te
2569 859 2768 909 brengen
2796 850 3022 903 tseecker

899 999 1133 1062 Portugees
1158 991 1339 1043 weecque
1363 989 1416 1036 In
1441 977 1725 1033 mosambicque
1748 974 1802 1021 A.
1827 973 1853 1018 o
1878 971 2059 1017 passado
2084 971 2187 1016 sich
2212 969 2290 1016 met
2316 966 2445 1014 sijne
2469 962 2650 1011 familie
2674 958 2779 1007 ende
2802 948 3011 1003 middelen

924 1115 1033 1164 Jnde
1056 1108 1141 1158 Jan
1166 1104 1249 1152 (om
1274 1094 1492 1148 daermede
1518 1091 1708 1138 naerhoa
1734 1083 2087 1136 terlapigeren)
2114 1081 2169 1127 g'
2194 1071 2521 1126 Inbarcqueert
2547 1065 2710 1115 hadde,
2735 1060 2845 1110 ende
2871 1058 2899 1104 —

910 1224 1140 1285 gemercqt
1166 1218 1255 1269 den
1283 1210 1513 1262 schipper
1539 1204 1742 1254 daervan
1769 1198 1943 1247 (synde
1969 1192 2172 1242 Conincx
2200 1186 2401 1236 gesndt)
2427 1181 2516 1231 aen
2544 1174 2774 1226 Iehlandt
2801 1162 2974 1217 Joanna

913 1342 1023 1396 naer
1046 1336 1128 1385 dat
1153 1332 1208 1379 d.
1232 1328 1261 1375 o
1284 1317 1526 1372 portugees
1553 1315 1659 1362 ende
1683 1310 1819 1360 veele
1844 1308 1899 1354 t'
1923 1299 2164 1352 parlament
2190 1292 2430 1343 toegedaen
2455 1289 2536 1336 aen
2561 1284 2696 1333 landt
2720 1271 2989 1328 vroijlijck

948 1444 1118 1496 waeren)
1141 1441 1215 1488 met
1236 1439 1287 1485 't
1309 1434 1433 1484 schip
1455 1425 1699 1477 doorgegaen
1722 1422 1796 1469 se,
1819 1420 1893 1466 soo
1915 1417 2038 1465 heeft
2062 1416 2111 1462 d.
2135 1416 2160 1461 o
2183 1409 2378 1460 daermede
2401 1407 2450 1453 al
2474 1405 2571 1452 sijn
2596 1402 2693 1450 goet
2715 1394 2960 1447 verlooren,

920 1563 1031 1619 Ende
1054 1557 1111 1605 Is
1137 1550 1379 1601 doorgroot
1404 1542 1620 1594 avontuer
1644 1537 1781 1587 weder
1805 1533 1861 1580 in
1886 1528 2182 1578 mosambicque
2208 1519 2450 1572 geraeckt,
2476 1515 2638 1563 alwaer
2662 1508 2798 1559 desen
2822 1500 2960 1552 voors

916 1672 1084 1732 Hester
1109 1666 1250 1715 (niet
1275 1659 1470 1710 wetende
1496 1655 1580 1703 van
1606 1651 1691 1698 dit
1716 1642 1884 1695 stuck)
1909 1635 2131 1686 gecomen,
2158 1632 2214 1679 en
2240 1623 2545 1676 garresteert
2571 1620 2655 1668 hs,
2679 1610 2848 1663 sedogh
2873 1604 2958 1654 den

945 1774 1246 1827 Gouverneur
1276 1766 1578 1818 verstaende
1607 1764 1698 1811 hij
1727 1760 1819 1808 Van
1848 1757 1939 1804 een
1967 1753 2120 1802 ander
2148 1744 2421 1796 Compagnie
2448 1737 2571 1789 WWas
2599 1729 2753 1782 heeft
2779 1723 2876 1771 hem

918 1888 1215 1947 gelargeert,
1239 1874 1564 1932 onderbelofte
1591 1871 1672 1918 dat
1696 1864 1833 1914 desen
1858 1861 1941 1908 man
1966 1859 2021 1905 in
2048 1853 2263 1904 Souratte
2290 1849 2425 1897 soude
2451 1844 2667 1893 brengen,
2691 1840 2748 1888 om
2772 1834 2889 1883 sijn

926 1997 1106 2052 guarand
1129 1993 1182 2041 bi
1207 1989 1284 2037 den
1309 1983 1565 2033 presidenet
1590 1980 1744 2028 aldaer
1769 1977 1821 2024 te
1845 1971 2051 2021 soecken,
2075 1966 2179 2015 doch
2202 1961 2332 2010 heeft
2356 1958 2459 2005 niet
2484 1951 2791 2003 g'obsineert,

928 2104 1036 2152 ende
1060 2100 1116 2147 se
1141 2096 1223 2143 met
1249 2095 1304 2141 d'
1329 2090 1464 2139 selve
1490 2085 1652 2135 hester
1677 2082 1759 2130 den
1784 2078 1893 2127 26:e
1918 2072 2108 2122 daeraen
2134 2067 2376 2117 wedermaer
2401 2060 2752 2112 goageseijldt—

957 2276 1077 2342 Met
1107 2266 1187 2315 d'
1221 2243 1557 2307 engelsche
1593 2234 1855 2288 sachten
1892 2233 1967 2279 d'
2002 2226 2264 2277 Indovre
2300 2223 2450 2271 ende
2486 2215 2710 2268 Willem

902 2271 926 2318 ƒ

919 2371 1026 2427 sijn
1048 2362 1227 2414 brieven
1250 2358 1353 2406 adij
1376 2354 1454 2402 25.
1478 2353 1504 2399 e
1528 2346 1731 2398 augustus
1755 2344 1806 2390 in
1829 2339 1958 2389 alles
1982 2337 2033 2383 vo
2057 2327 2310 2381 geschreven
2334 2316 2638 2372 aengebraght,
2661 2308 2814 2360 welcke
2837 2300 2991 2353 melden

937 2478 1020 2526 dat
1045 2471 1129 2520 den
1153 2461 1346 2514 Conincq
1371 2457 1454 2505 van
1480 2449 1726 2501 Engelandt
1752 2445 1835 2492 met
1860 2442 1943 2489 sin
1969 2426 2351 2486 gandtscheleger
2376 2423 2432 2469 in
2459 2418 2595 2468 houte
2622 2409 2894 2462 geslaehen,

933 2587 1036 2639 ende
1058 2570 1385 2630 persoonelijck
1407 2566 1510 2614 door
1534 2560 1635 2610 sijn
1658 2555 1760 2604 been
1783 2545 2035 2599 geschoten,
2059 2535 2310 2590 mitsgaders
2333 2532 2385 2579 in
2408 2528 2485 2576 een
2509 2522 2709 2572 seeckere
2734 2516 2863 2567 studt

930 2691 1169 2751 gevlught
1196 2684 1317 2734 was,
1343 2678 1405 2727 d'
1433 2669 1641 2721 welcque
1669 2664 1789 2713 vant
1816 2653 2083 2708 parlament
2113 2650 2202 2698 soo
2229 2643 2349 2693 nauw
2377 2633 2644 2687 belegert)
2672 2625 2880 2676 Vierde.

926 2815 1012 2866 dat
1036 2809 1095 2858 't
1120 2791 1429 2852 onmogelijck
1456 2783 1624 2835 scheen
1649 2776 1790 2825 langh
1817 2772 1958 2820 tegen
1983 2763 2236 2816 t'houden,
2262 2760 2347 2807 soo
2374 2754 2459 2804 dat
2485 2736 2765 2798 geschaepen
2789 2719 2960 2779 stonde

919 2924 1059 2984 desen
1083 2910 1274 2967 swaeren
1300 2900 1517 2953 oorloogh
1541 2894 1679 2946 haest
1704 2891 1787 2938 ten
1812 2883 1976 2934 eijnde
2002 2878 2138 2927 soude
2163 2873 2327 2922 moeten
2351 2860 2516 2916 loopen

929 3073 1036 3126 den
1067 3049 1313 3115 Coninck
1347 3043 1452 3092 van
1486 3023 1904 3086 Vranckerijck
1938 3011 2113 3066 bleef
2146 2997 2426 3054 dagelicx
2460 2983 2808 3042 Victorieus

936 3171 1055 3222 over
1081 3166 1172 3214 den
1199 3151 1406 3209 Coninck
1432 3145 1523 3193 van
1551 3138 1786 3190 spannien
1815 3134 1904 3182 van
1931 3123 2197 3178 gelijcken
2223 3117 2314 3166 den
2341 3105 2548 3161 Coninck
2575 3100 2665 3149 van
2693 3094 2870 3145 Sweden

933 3275 1130 3334 overden
1156 3264 1352 3317 keijser
1377 3260 1435 3307 en
1461 3246 1823 3304 Conquestteren
1849 3242 1934 3291 van
1960 3225 2266 3286 beyjdesyden
2293 3222 2349 3269 d'
2374 3215 2488 3266 eene
2514 3208 2654 3259 staet
2679 3200 2793 3251 naer
2818 3196 2904 3243 den

935 3386 1198 3443 anderen

1038 3531 1187 3600 Men
1233 3518 1475 3570 heeft
1522 3508 1764 3561 langh
1807 3493 2149 3551 gerucht
2195 3485 2342 3537 dat
2378 3478 2535 3528 den
2581 3468 2920 3522 grooten

939 3634 1124 3684 Cuurcq
1153 3631 1247 3678 een
1276 3621 1523 3675 sodanige
1553 3617 1799 3666 machtige
1827 3609 2045 3660 vermade
2073 3597 2443 3653 geprepareert
2472 3588 2658 3641 heeft,
2687 3583 2781 3632 als
2808 3578 2906 3627 bij

932 3739 1157 3798 Menschen
1184 3727 1438 3783 gedencken
1465 3722 1578 3771 niet
1604 3716 1803 3766 geweest
1831 3714 1944 3761 sij,
1971 3711 2085 3758 ende
2112 3708 2197 3756 dat
2224 3703 2310 3752 het
2337 3700 2394 3746 op
2421 3694 2563 3744 Malta
2589 3687 2732 3737 soude
2756 3678 2928 3731 gemunt

937 3850 1136 3905 hebben,
1161 3841 1305 3894 edoch
1333 3838 1390 3885 Is
1416 3827 1672 3882 Contrarie
1697 3817 1982 3871 geschiedt,
2007 3813 2123 3862 ende
2150 3810 2292 3858 heeft
2319 3800 2546 3854 daermede
2572 3776 2968 3844 d'Eijlandekens

932 3959 1143 4016 santen,
1171 3946 1411 4002 Corphen,
1437 3937 1559 3990 ende
1587 3925 1886 3981 Sephalpna,
1914 3912 2243 3969 midtsgaders
2272 3909 2332 3956 't
2362 3902 2540 3953 groote
2569 3894 2779 3946 eylandt
2807 3888 2993 3938 Candia

935 4056 1242 4114 overvallen,
1266 4051 1380 4098 doch
1405 4047 1463 4096 Is
1489 4041 1629 4091 vande
1655 4032 1934 4085 veneetsche
1962 4024 2267 4076 singieurije
2292 4018 2378 4068 met
2405 4008 2711 4063 adsistentie
2737 4002 2822 4052 van

946 4174 1134 4229 andere
1163 4162 1381 4216 Cristen
1411 4150 1722 4205 potentaten
1750 4146 1814 4194 in
1844 4139 2062 4190 sulcker
2092 4130 2341 4183 manieren
2371 4121 2527 4174 geren
2557 4116 2806 4166 ontreent

0 708 213 756 Witte

121 961 215 1008 ten

170 3081 209 3126 in
