3567 4883
1325 710 1550 772 -

1586 738 2238 800 Gelegentheden
2252 745 2633 794 gedient
2681 744 2883 793 ende
2931 741 3383 790 geruijmen

1349 872 1588 921 tijt
1633 875 1705 920 t
1764 870 2059 921 deser
2117 869 2650 924 fortracie
2707 876 3064 925 t'ampt
3122 875 3300 922 van

1321 1007 1840 1063 Corporael
1896 998 2587 1047 waergenomen,
2645 1001 2875 1047 wert
2933 1002 3105 1049 ten
3162 1004 3396 1062 dien

1312 1141 1779 1199 Insichte
1836 1138 2012 1188 als
2069 1130 2302 1181 door
2355 1128 2708 1182 Ruijme
2765 1128 3289 1185 experatie

1320 1271 1618 1331 sijnes
1665 1264 2011 1316 verbant
2057 1262 2159 1309 d'
2207 1261 2405 1310 novo
2454 1262 2650 1309 voor
2700 1264 2946 1313 drije
2994 1265 3292 1314 achter

1296 1402 1462 1452 een
1515 1399 1958 1447 volgende
2013 1397 2344 1446 jaeren
2398 1396 3005 1445 aengenomen,
3059 1397 3280 1447 ende
3332 1400 3393 1451 d

1273 1526 1824 1584 qualiteijt
1876 1525 2043 1573 van
2097 1519 2702 1573 lanspasraet
2753 1517 3086 1567 nevens
3140 1513 3308 1561 een

1209 1675 1720 1756 Belooningh
1768 1668 1923 1719 van
1973 1664 2482 1714 vijffthien
2529 1649 2890 1709 guldens
2939 1652 3092 1699 pr.
3142 1644 3397 1696 maent

1284 1805 1903 1862 toegevought,
1952 1801 2160 1851 jnne
2211 1792 2520 1842 gaende
2566 1790 2674 1837 't
2723 1788 2984 1839 nieuw
3006 1776 3397 1831 verbant

1275 1928 1489 1981 ende
1541 1924 1647 1971 d'
1699 1918 2387 1969 Verbeteringhe
2439 1912 2599 1960 van
2651 1908 2916 1959 gagie
2963 1903 3179 1951 dato
3232 1904 3393 1952 als

1239 2063 1726 2119 vooren

1321 2293 1686 2345 Gerridt
1737 2301 2153 2350 Arentsen
2203 2304 2361 2351 van
2410 2304 2933 2356 westbroeck
2984 2311 3140 2358 int
3191 2311 3400 2361 lant

1271 2425 1639 2475 gecomen
1691 2426 1848 2473 met
1900 2425 2215 2473 tjacht
2255 2423 2685 2471 oostsane
2737 2426 2843 2475 ao
2895 2428 3105 2476 1629
3150 2412 3262 2470 in

1252 2551 1749 2607 qualiteijt
1792 2547 1948 2596 van
1996 2537 2345 2590 soldaet
2393 2541 2840 2594 naderhant
2885 2543 3337 2595 gevordert

3277 2648 3328 2694 re

1254 2676 1413 2725 tot
1466 2669 1941 2720 adelborst
1993 2668 2417 2717 hebbende
2469 2668 2575 2714 nu
2627 2666 2733 2712 d'
2784 2663 2892 2712 E.
2940 2659 3212 2715 Comp.
3260 2678 3337 2726 e

1246 2800 1442 2847 over
1491 2794 1590 2844 d'
1637 2786 2031 2837 sesthien
2080 2785 2375 2831 achter
2423 2784 2571 2831 een
2618 2785 3013 2833 volgende
3060 2782 3359 2832 jaeren

1244 2935 1417 2982 tot
1474 2926 1760 2980 goedt
1816 2918 2560 2968 Contentemendt
2617 2916 2846 2965 ende
2902 2906 3369 2960 genougen

1238 3069 1387 3121 van
1433 3062 1628 3112 sijn
1677 3059 2016 3107 meerder
2062 3055 2452 3105 gedient,
2500 3055 2694 3102 ende
2742 3052 2888 3100 een
2935 3049 3373 3097 geruijmen

1221 3203 1420 3251 tijt
1468 3194 1717 3246 tampt
1746 3189 1915 3237 van
1958 3177 2510 3233 Corporaell.
2558 3178 2660 3228 te
2704 3181 2957 3229 deser
3004 3175 3354 3227 Casteel

1215 3351 1584 3413 Bedient,
1629 3346 1813 3395 ende
1853 3328 2042 3389 sich
2086 3316 2269 3367 door
2315 3316 2544 3364 gaens
2589 3315 2955 3365 ijverich
2996 3305 3367 3359 gequeten

1229 3485 1447 3533 wert
1498 3478 1664 3530 ten
1717 3473 1936 3522 dien
1987 3456 2426 3516 jnsichte
2480 3453 2643 3499 als
2696 3450 2915 3499 door
2966 3445 3297 3500 ruijme

1240 3619 1679 3674 experatie
1727 3616 2020 3663 sijnes
2068 3609 2458 3661 verbandt
2505 3608 2603 3655 d'
2649 3604 2847 3654 novo
2893 3600 3091 3649 voor
3126 3593 3382 3646 drijc

1219 3758 1560 3818 achter
1612 3752 1784 3803 een
1838 3736 2288 3796 volgende
2342 3731 2681 3780 jaeren
2736 3725 3304 3775 aengenomen

1224 3888 1324 3942 en
1363 3875 1468 3929 d'
1515 3866 1998 3915 Qualiteijt
2045 3864 2192 3914 van
2238 3844 2819 3907 lantspassaet
2866 3843 3157 3890 nevens
3204 3845 3350 3891 een

1224 4007 1752 4058 tractamendt
1800 4009 1944 4056 van
1988 4000 2231 4056 vijff
2279 3990 2519 4044 thien
2565 3981 2903 4033 guldens
2950 3981 3095 4027 ter
3143 3980 3394 4027 maent

1208 4164 1347 4211 toe
1392 4163 1763 4212 geleijt,
1807 4157 1901 4206 t'
1947 4148 2179 4201 nieuw
2223 4144 2548 4191 verbant
2593 4145 2686 4191 en
2733 4145 2825 4190 d'
2871 4144 3387 4195 verbetering

1217 4302 1368 4350 van
1418 4295 1670 4347 gagie
1720 4292 1923 4340 dato
1971 4292 2123 4340 als
2173 4287 2476 4336 vooren
2525 4283 2728 4333 jnne
2776 4282 3085 4334 gaende
