3444 4869
2701 605 2903 664 1020

866 751 1004 800 sonder
1026 748 1141 795 aende
1164 748 1279 795 selve
1302 750 1440 798 eenigh
1463 753 1555 799 gelt
1578 754 1624 799 op
1646 753 1693 799 d'
1715 753 1808 799 hant
1830 754 1876 799 te
1899 754 2174 800 verstrecken,
2197 755 2359 802 voldaen
2381 757 2519 803 sullen
2542 758 2702 803 werden,
2725 756 2794 803 wat
2817 755 2955 801 volgen

864 845 963 892 wil,
985 841 1085 890 ende
1109 837 1330 885 hoedanigh
1354 837 1405 884 de
1427 838 1771 885 contractanten,
1795 839 1894 885 haer
1918 840 2114 887 beloften
2138 842 2237 887 naer
2260 843 2383 888 comen
2407 843 2579 889 sullen,
2603 843 2726 889 staet
2749 843 2824 888 ons
2847 841 2946 887 ende
2970 841 3035 887 uE

867 931 1043 983 tsijner
1066 928 1166 975 tijt
1190 927 1241 973 te
1265 925 1488 972 vernemen,
1513 924 1612 970 ende
1636 924 1710 969 bij
1735 924 1884 970 aldien
1908 924 2081 971 t'selve
2106 926 2304 973 missende
2328 928 2403 974 dat
2427 929 2502 975 aen
2526 930 2627 976 haer
2650 932 2823 978 belofte
2848 927 2998 977 mochte

866 1016 1164 1066 mancqueeren,
1187 1013 1263 1061 sal
1286 1012 1361 1058 ons
1385 1011 1484 1057 geen
1508 1008 1657 1055 middel
1680 1007 1829 1053 nochte
1854 1006 2003 1052 credit
2026 1007 2323 1054 ontbreecken,
2347 1010 2520 1057 contant
2544 1013 2619 1058 tot
2643 1014 2717 1059 den
2740 1013 2889 1059 Jncoop
2914 1011 2989 1058 der

869 1108 998 1158 zijde
1022 1101 1203 1152 noodich
1227 1099 1305 1146 (om
1329 1097 1433 1144 uijt
1458 1094 1765 1142 d'aencomende
1791 1094 1996 1140 coopmans
2021 1094 2149 1141 weder
2175 1096 2227 1142 te
2251 1098 2457 1147 voldoen)
2482 1102 2534 1148 te
2558 1104 2764 1151 becomen,
2787 1105 2866 1151 soo
2890 1102 2968 1150 dat

869 1199 929 1246 ue
954 1193 1044 1242 met
1072 1190 1160 1237 der
1188 1185 1507 1235 Goddelycker
1536 1184 1681 1230 hulpe
1709 1183 1826 1228 (bij
1854 1182 2029 1230 aldien
2058 1186 2145 1231 den
2173 1187 2493 1238 bassorasche
2521 1194 2695 1240 handel
2724 1194 2869 1240 (naer

861 1288 1077 1347 verhoopt
1100 1282 1236 1331 wert)
1261 1276 1528 1326 uijtvalt:)
1554 1274 1635 1321 bij
1659 1272 1927 1318 valckenb:k
1953 1272 2087 1317 ruijm
2112 1273 2192 1318 100
2219 1273 2246 1319 0
2272 1274 2432 1321 gulden
2458 1277 2511 1322 te
2538 1277 2804 1324 verwachten
2829 1278 2964 1327 hebt,

865 1384 967 1432 ende
990 1379 1069 1427 soo
1093 1374 1196 1423 veel
1220 1370 1323 1418 meer
1349 1368 1426 1415 als
1449 1363 1604 1412 bergen
1629 1362 1705 1407 van
1731 1362 1782 1407 50
1807 1362 1833 1407 a
1858 1361 1910 1407 60
1934 1362 1960 1407 @
1985 1361 2113 1407 guld:
2139 1362 2293 1408 ('tsij
2317 1364 2470 1412 geheel
2495 1367 2598 1413 ofte
2622 1365 2853 1413 gedeelte)
2877 1366 2986 1414 hier

863 1474 997 1523 laet,
1021 1467 1130 1517 daer
1154 1459 1317 1510 geenen
1341 1453 1584 1503 seeckeren
1609 1454 1743 1500 staet
1769 1454 1823 1500 op
1850 1455 2064 1503 maecken,
2089 1459 2223 1506 nocht
2250 1461 2304 1507 uE
2329 1461 2490 1507 advijs
2516 1461 2677 1506 connen
2703 1454 2864 1506 geven,

678 1609 786 1660 Ende
810 1601 947 1652 alsoo
971 1590 1295 1644 Masulipatnam
1322 1589 1376 1635 nu
1402 1589 1483 1636 met
1510 1591 1698 1637 ontrent
1725 1592 1779 1637 d'
1805 1591 1886 1636 300
1913 1591 1940 1636 @
1966 1590 2128 1637 gulden
2154 1592 2342 1637 buijten
2369 1592 2450 1637 dat
2476 1591 2557 1636 bij
2583 1590 2745 1636 bergen
2772 1590 2880 1636 noch
2906 1586 2961 1634 te

864 1685 1020 1738 volgen
1043 1678 1199 1728 staet,
1223 1676 1326 1723 daer
1352 1674 1454 1721 even
1480 1674 1557 1719 wel
1582 1673 1685 1719 geen
1710 1673 1941 1719 seeckeren
1966 1674 2095 1721 staet
2120 1676 2171 1721 op
2196 1676 2401 1722 maecken,
2427 1677 2607 1723 buijten
2631 1678 2811 1724 'tgeene
2833 1677 2913 1724 wij

863 1778 946 1830 van
971 1773 1080 1822 sijn
1104 1764 1319 1816 quartier
1345 1762 1480 1808 tegen
1505 1760 1586 1806 a:o
1612 1756 1880 1804 aenstaende
1906 1755 2013 1801 zijn
2039 1755 2308 1805 vorderende
2333 1760 2654 1807 geprovideert
2680 1761 2734 1807 is
2760 1759 2841 1806 sal

864 1859 1227 1922 t'remitteeren
1253 1849 1505 1902 derwaerts
1532 1844 1756 1894 (volgens
1782 1841 1895 1889 hare
1922 1842 2062 1889 Ed=ls
2090 1844 2230 1889 geven
2257 1845 2397 1891 ordre
2424 1847 2563 1893 mijns
2591 1845 2842 1893 oordeels)
2869 1843 2954 1890 wel

852 1951 1144 2007 g'excuseert
1170 1945 1329 1995 connen
1354 1938 1541 1990 werden,
1567 1937 1673 1983 ende
1699 1936 1752 1982 uE
1776 1934 1831 1980 t'
1857 1931 1991 1979 geene
2016 1932 2069 1977 In
2096 1931 2307 1977 voorraet
2334 1932 2440 1978 hebt
2466 1933 2545 1979 tot
2572 1934 2651 1980 den
2678 1935 2863 1984 Imploij
2889 1937 2995 1984 voor

863 2048 975 2101 an:o
1001 2037 1275 2092 aenstaende
1300 2030 1465 2081 connen
1490 2023 1838 2074 gebruijcken,

779 2168 910 2222 Alsue
934 2164 1038 2212 voor
1061 2160 1191 2208 desen
1215 2156 1497 2204 g'adviseert
1523 2156 1574 2201 is
1599 2155 1804 2201 t'abuijs
1830 2154 1958 2200 vande
1983 2155 2213 2202 Taijouans
2239 2155 2418 2202 factura
2443 2155 2750 2203 uijtgevonden
2776 2158 2827 2203 en
2852 2158 2930 2205 bij

874 2247 947 2294 ons
969 2244 1067 2292 naer
1089 2238 1284 2289 behooren
1306 2233 1621 2282 geremedieert,
1644 2233 1693 2278 en
1716 2234 1765 2279 t'
1788 2233 1982 2279 Generael
2006 2234 2319 2280 gecrediteert,
2343 2235 2415 2280 wij
2439 2235 2585 2281 sullen
2607 2237 2657 2284 In
2680 2240 2753 2286 ons
2776 2241 2995 2289 schrijv=n

873 2338 954 2384 aen
979 2333 1089 2383 haer
1115 2329 1224 2377 Ed=e
1249 2326 1332 2373 met
1358 2321 1521 2370 tJacht
1546 2319 1602 2365 de
1628 2316 1845 2364 zeeieeuw
1872 2316 1900 2362 (
1925 2317 2088 2363 twelck
2114 2316 2386 2362 voornemens
2412 2318 2521 2364 zijn
2547 2319 2601 2365 2a
2628 2320 2657 2366 3
2682 2322 2817 2368 dagen
2844 2323 2952 2370 naer

870 2428 1045 2478 bergens
1068 2421 1269 2472 vertrecq
1291 2418 1368 2466 p=r
1393 2414 1567 2463 batt=ae
1592 2414 1667 2459 met
1691 2413 1792 2459 onse
1816 2410 1991 2457 boecken
2015 2407 2115 2454 ende
2139 2406 2315 2452 laetste
2339 2406 2539 2452 advijsen
2563 2408 2613 2453 te
2638 2408 2988 2458 dispatchieren)

865 2520 975 2571 daer
999 2516 1081 2564 van
1106 2513 1187 2559 aen
1213 2506 1400 2557 roeren,
1426 2503 1533 2551 doch
1559 2500 1720 2547 gelove
1745 2500 1799 2545 In
1825 2498 2039 2545 taijouan
2065 2497 2119 2542 al
2145 2497 2465 2542 uijtgevonden
2490 2496 2599 2543 ende
2624 2498 2944 2546 geremedieert

868 2606 970 2656 sal
1002 2595 1203 2649 wesen,

760 2733 891 2785 Geeft
914 2728 993 2777 ons
1017 2726 1095 2773 met
1120 2726 1172 2771 uE
1197 2726 1376 2772 vreempt
1401 2726 1478 2772 het
1503 2724 1733 2770 sircheels
1759 2724 1887 2770 blauw
1912 2723 1989 2769 tot
2014 2723 2091 2769 soo
2116 2723 2271 2770 hoogen
2295 2725 2423 2771 prijs
2449 2724 2755 2771 gestaijgeert
2780 2724 2857 2770 is,
2882 2720 2986 2769 ende

863 2824 962 2871 daer
983 2820 1085 2868 noch
1108 2817 1159 2864 op
1181 2814 1331 2861 blijft
1354 2810 1503 2858 staen,
1527 2809 1577 2855 d'
1601 2805 1823 2853 oorsaecke
1846 2803 1946 2849 daer
1970 2802 2044 2848 van
2069 2802 2243 2848 geloove
2266 2804 2316 2849 te
2339 2805 2438 2850 sijn
2463 2805 2513 2852 d'
2536 2808 2685 2855 Indigo
2709 2811 2858 2859 copers
2881 2815 2987 2865 haer

868 2906 1062 2960 reecq:e
1089 2900 1309 2950 maecken,
1336 2898 1391 2944 de
1417 2890 1721 2942 portugeesen
1746 2885 2160 2934 voortaenstaende
2185 2885 2407 2931 saijsoen
2433 2886 2517 2933 met
2543 2888 2654 2936 haer
2680 2891 2901 2940 Caraquen

869 2996 978 3043 naer
1004 2990 1222 3040 portugal
1249 2989 1304 3035 te
1329 2984 1521 3034 senden,
1547 2977 1739 3028 Grooten
1764 2971 1929 3021 Incoop
1954 2968 2119 3015 sullen
2144 2967 2283 3013 doen,
2309 2968 2472 3014 twelck
2499 2969 2717 3016 missende
2743 2971 2935 3020 buijten

874 3082 1063 3137 twiffel
1088 3078 1169 3125 tot
1195 3075 1276 3123 een
1301 3059 1754 3119 verdraechelijcken
1781 3056 1914 3104 prijs
1940 3054 2074 3101 staet
2098 3052 2153 3098 te
2179 3051 2286 3097 doen
2312 3050 2446 3098 dalen
2472 3053 2579 3099 Godt
2605 3054 2712 3100 geve
2738 3053 2818 3099 soo
2844 3052 2951 3098 uijt

871 3174 1003 3228 vale,
1028 3172 1081 3218 en
1104 3168 1158 3215 uE
1181 3165 1236 3213 de
1260 3154 1520 3208 g'eijschte
1545 3147 1830 3198 quantiteijt
1855 3144 1934 3191 ter
1959 3141 2218 3188 behoorlijk
2244 3141 2322 3187 tyt
2347 3142 2554 3191 becomen,
2580 3146 2632 3191 en
2657 3146 2942 3192 valckenb=jk

868 3261 1058 3314 d'selve
1083 3256 1165 3304 soo
1190 3246 1407 3300 spoedich
1433 3242 1541 3289 naer
1566 3238 1729 3286 batt=a
1755 3233 1945 3282 brengen
1970 3230 2105 3277 mach,
2131 3229 2213 3275 dat
2240 3229 2321 3276 met
2347 3231 2563 3279 d'retour
2589 3234 2805 3280 scheepen
2831 3234 2944 3282 onse

864 3351 1023 3407 Heeren
1046 3343 1153 3394 In't
1177 3335 1412 3386 vaderlant
1438 3329 1620 3380 becomen
1646 3324 1776 3373 mogen
1801 3322 1881 3368 d:o
1905 3315 2219 3365 valckenburch
2244 3316 2401 3362 sullen
2426 3317 2530 3363 hier
2556 3318 2661 3364 niet
2686 3319 2842 3365 langer
2868 3319 2974 3366 alst

873 3432 1055 3487 noodich
1078 3428 1132 3476 is
1156 3425 1209 3472 op
1232 3419 1390 3470 houden
1415 3413 1519 3463 Godt
1544 3412 1647 3458 geve
1672 3409 1751 3456 ons
1776 3404 2009 3454 tijdelijk
2034 3400 2267 3449 behouden,
2292 3400 2395 3446 ende
2421 3401 2499 3446 met
2524 3401 2680 3448 goeden
2705 3404 2809 3452 coop
2834 3407 2965 3455 cauwa

876 3518 1070 3571 volgens
1096 3512 1235 3562 onsen
1261 3505 1428 3556 eijsch
1454 3484 1676 3549 toecome,

665 3656 718 3702 de
740 3646 950 3699 provisie
974 3643 1078 3690 voor
1103 3641 1181 3687 hem
1207 3640 1310 3686 door
1336 3640 1388 3685 uE
1413 3640 1491 3685 ons
1516 3635 1800 3684 toegesouden
1826 3632 2058 3680 menagiere
2083 3630 2161 3677 soo
2187 3628 2290 3675 veel
2315 3625 2599 3672 eenichsints
2625 3624 2883 3671 geschieden
2909 3625 2991 3673 can

877 3738 928 3783 t'
952 3733 1131 3782 overige
1154 3728 1308 3777 sullen
1332 3725 1409 3772 hem
1434 3724 1485 3770 op
1510 3722 1612 3769 zijn
1636 3717 1865 3767 aencomste
1890 3717 1992 3762 hier
2017 3716 2068 3761 in
2093 3715 2296 3762 scheepen
2321 3712 2448 3759 aend'
2473 3712 2676 3757 provisie
2700 3711 2778 3757 van
2802 3710 2955 3756 vlees,

875 3816 1032 3868 specq,
1057 3812 1213 3860 aracq,
1237 3810 1291 3857 en
1316 3807 1446 3854 olije
1471 3804 1550 3851 sal
1574 3799 1782 3848 weijnich
1807 3797 2092 3843 mancqueren,
2117 3796 2299 3842 seijlen
2323 3795 2377 3840 en
2401 3794 2609 3840 cordagie
2635 3793 2869 3839 menagiere
2894 3794 2998 3842 mede

879 3911 955 3959 soo
977 3905 1079 3954 veel
1101 3900 1178 3949 als
1201 3892 1476 3944 eenichsints
1498 3885 1749 3937 geschieden
1773 3881 1873 3929 can,
1898 3879 2047 3925 twelck
2072 3879 2146 3924 ons
2171 3878 2345 3924 gelieve
2370 3879 2420 3925 te
2444 3879 2693 3925 vertrouwen
2718 3879 2818 3925 ende
2841 3879 2969 3927 niets

876 4000 959 4051 als
983 3989 1146 4044 tgeene
1170 3985 1252 4033 ten
1276 3976 1545 4028 uijtterste
1571 3971 1838 4020 benoodicht
1865 3969 1972 4016 sijn
1998 3968 2105 4014 daer
2131 3967 2212 4013 van
2238 3968 2478 4014 aentaften
2505 3966 2693 4014 sullen,

772 4127 858 4183 met
883 4117 1232 4170 verwonderinge
1258 4116 1446 4162 zienden
1472 4116 1633 4161 Indigo
1660 4115 1820 4161 bijana
1847 4115 1901 4160 In
1926 4112 2141 4159 d'agrase
2168 4108 2436 4157 quartieren
2461 4107 2543 4152 soo
2569 4107 2756 4153 qualijk
2783 4108 2997 4159 geslacht

864 4207 968 4253 is,
993 4204 1072 4251 dat
1097 4201 1201 4248 niet
1226 4199 1331 4246 meer
1356 4197 1435 4243 als
1460 4195 1538 4241 880
1563 4193 1642 4239 man
1667 4192 1720 4238 te
1745 4191 1927 4237 becomen
1953 4190 2005 4236 is
2031 4189 2238 4235 geweest,
2263 4187 2342 4233 tis
2367 4186 2471 4232 goet
2497 4186 2575 4231 dat
2601 4186 2680 4231 den
2705 4187 2860 4233 eijsch
2886 4185 2965 4233 van

875 4286 988 4334 daer
1014 4283 1101 4330 met
1128 4281 1213 4327 756
1239 4279 1326 4326 man
1353 4274 1495 4323 goede
1521 4271 1720 4318 Gorsisz
1746 4269 1974 4316 vergroot
2002 4268 2058 4314 is
2086 4266 2255 4313 connen
2284 4266 2498 4317 werden,
