3573 4958
573 486 783 549 Julio
821 478 947 528 ao.
988 475 1154 522 1646

953 644 1227 695 seggende
1260 645 1362 692 den
1396 647 1636 696 Coningh
1668 652 1771 698 tot
1805 649 2350 708 wertrecglicentie
2383 664 2656 724 gegeven,
2688 676 2827 723 Item
2860 679 3067 728 gelast

941 766 1121 815 hadde
1156 769 1229 815 d'
1261 765 1658 818 Ingesamelde
1694 772 1873 820 bijde
1909 775 2268 825 (bestaende
2303 780 2914 845 ongeveerinhondert
2947 802 3024 853 50

930 883 1184 938 packen)
1218 884 1327 930 ons
1362 883 1435 928 op
1470 884 1614 932 dato
1650 887 1831 934 soude
1866 890 2299 948 g'intregeert
2333 904 2550 960 worden
2585 914 2801 971 hebben
2837 927 2947 977 tot
2980 935 3054 987 op

990 1007 1141 1056 coop
1177 1007 1553 1053 vanmeerder
1589 1009 1890 1059 aenveele
1926 1015 2264 1069 mandoryns
2300 1025 2451 1078 gelt
2487 1035 2900 1101 uytgegeven,
2935 1059 3085 1107 omme

999 1137 1091 1184 soo
1120 1135 1245 1182 veel
1273 1137 1335 1183 by
1366 1137 1458 1184 een
1488 1138 1550 1184 te
1580 1139 1733 1185 halen
1763 1139 1856 1185 als
1886 1139 2132 1191 mogelijk
2161 1146 2284 1193 sij,
2315 1148 2408 1194 die
2436 1151 2560 1198 voor
2590 1154 2684 1203 ons
2711 1160 2957 1216 vertreck
2987 1172 3079 1219 med

992 1260 1230 1308 terhand
1264 1262 1704 1317 stellenlaten,
1738 1269 1873 1317 ende
1907 1267 2043 1315 offt
2075 1265 2348 1317 gebeurde
2381 1272 2484 1319 met
2516 1275 2722 1324 geheel
2753 1281 2855 1333 syn
2889 1288 3094 1343 schult

984 1382 1152 1431 conde
1184 1385 1519 1433 vereffenen
1551 1390 1852 1438 belooffde
1885 1393 1952 1438 't
1985 1392 2386 1447 mancquerende
2419 1403 2519 1450 aen
2552 1405 2986 1467 overblyjvende

981 1508 1213 1554 vrunden
1245 1509 1311 1556 te
1343 1511 1575 1560 voldoen
1605 1514 1708 1561 soo
1739 1516 1904 1562 haest
1937 1515 2135 1561 conde,
2167 1514 2335 1561 edogh
2365 1518 2531 1566 soude
2563 1521 2763 1572 lieden
2794 1529 2959 1581 alles

979 1628 1260 1675 betalen,
1294 1631 1433 1677 maer
1468 1632 1677 1678 bleeff
1711 1633 1992 1679 beducht,
2026 1633 2237 1680 hebben
2269 1637 2374 1684 als
2409 1639 2549 1686 meer
2583 1642 3042 1705 aengenoertoel

944 1749 1301 1797 mandorijns
1336 1752 1443 1798 die
1478 1751 1586 1800 hun
1620 1756 1763 1802 syde
1798 1754 2014 1800 hadden
2048 1755 2369 1803 versuympt
2404 1759 2476 1808 op
2510 1762 2583 1808 te
2617 1763 2870 1819 brengen
2902 1775 3045 1822 gest

909 1879 1169 1930 straft
1206 1878 1318 1924 met
1354 1879 1503 1925 haer
1539 1879 1911 1926 Silverende
1947 1879 2133 1925 andre
2170 1881 2468 1930 goederen
2503 1887 2839 1940 Jaaselffs
2873 1896 3060 1943 hunne

970 1998 1386 2047 qualiteijten
1420 2000 1524 2047 aff
1559 2001 1802 2048 tenemen
1835 2002 1974 2048 Item
2009 2002 2078 2048 op
2112 2004 2390 2057 gisteren
2423 2011 2563 2060 nogh
2596 2008 2874 2057 dongerst
2908 2010 3012 2058 den

952 2130 1368 2180 grootrechter
1401 2127 1678 2175 Ongahaij
1712 2126 1816 2172 die
1850 2124 1954 2171 syn
1987 2125 2334 2178 oliphanten
2367 2133 2437 2180 en
2469 2131 2713 2180 paerden
2746 2125 3024 2178 ontnomen

969 2257 1208 2303 heeft:
1247 2255 1648 2302 mitsgaders
1686 2256 2086 2309 verscheyde
2126 2264 2245 2310 van
2285 2265 2405 2312 syn
2444 2260 2804 2311 volcqunde
2843 2260 3003 2308 leer

935 2387 1086 2436 ende
1121 2381 1421 2431 kettingh
1459 2382 1870 2433 gekloncken,
1907 2387 2094 2434 omdat
2131 2388 2243 2434 met
2281 2387 2580 2434 tydelijk
2616 2386 2841 2433 genoec
2878 2385 3029 2431 hare

947 2522 1056 2572 Ien
1089 2518 1341 2565 buijten
1375 2517 1628 2566 insijde
1663 2521 2021 2569 opgebracht
2057 2523 2308 2569 hadden,
2342 2525 2486 2572 daer
2521 2524 2629 2571 ten
2664 2521 3026 2571 principale

969 2638 1111 2684 om't
1147 2637 1360 2683 sobere
1396 2637 1574 2683 gewas
1609 2638 1717 2684 toe
1751 2640 2107 2688 onvermogen
2141 2640 2391 2687 bleven,
2427 2642 2606 2690 allen
2640 2644 2926 2691 'twelcke
2960 2647 3069 2697 wel

975 2752 1174 2801 mochte
1204 2748 1471 2796 oorsaecq
1502 2750 1670 2799 wesen
1700 2755 1800 2801 den
1833 2756 2064 2806 Coningh
2095 2758 2163 2805 de
2196 2759 2328 2805 syde
2360 2760 2493 2806 voor
2525 2761 2625 2807 ons
2657 2763 2922 2810 vertrecq
2954 2765 3088 2812 niet

973 2875 1038 2921 en
1069 2874 1328 2922 voldede,
1360 2874 1457 2919 nae
1490 2874 1587 2920 't'
1618 2876 1813 2924 welcke
1844 2879 1941 2926 ons
1974 2881 2168 2927 sonder
2200 2883 2393 2933 voorde
2426 2888 2555 2935 maij
2587 2890 2652 2936 te
2683 2891 2845 2938 laten
2877 2891 3040 2938 komen

972 2999 1556 3052 affscheytgevende,
1591 2999 1660 3044 na
1694 2999 1866 3050 Comp.
1898 3004 1936 3051 s
1968 3006 2141 3053 logie
2175 3009 2383 3060 gingen
2415 3017 2554 3064 daer
2587 3019 2691 3067 ons
2725 3023 2932 3075 besigh

988 3138 1277 3188 hielden
1317 3136 1687 3183 dengaende
1728 3136 1893 3183 ende
1933 3139 2221 3187 komende
2261 3142 2385 3191 man
2425 3147 2590 3196 hare
2631 3143 3002 3197 Coopmanso

981 3269 1137 3324 (die
1173 3260 1442 3312 weynigh
1480 3261 1709 3307 waren)
1747 3261 2054 3313 voorgelt
2090 3269 2282 3320 affte
2318 3276 2625 3329 setten/.

704 3423 787 3475 Op
818 3407 983 3466 dato
1022 3401 1142 3450 den
1180 3398 1497 3447 Japander
1537 3400 1934 3451 Trisemond.
1972 3406 2012 3452 r
2052 3407 2171 3453 ter
2210 3409 2409 3458 logie
2447 3413 2685 3460 wesend
2725 3411 2923 3460 wiste
2962 3408 3042 3455 te

959 3524 1299 3573 verhalen,
1334 3520 1449 3568 den
1487 3519 1864 3571 vertrocken
1902 3524 2204 3578 Chinesen
2240 3534 2656 3588 ambassedeur
2691 3541 3071 3592 affirmati

921 3644 1199 3690 velijk
1238 3642 1437 3689 hadde
1476 3640 2034 3697 latenverluyden
2073 3651 2470 3705 Inmeeninge
2508 3659 2748 3709 bleeff
2787 3664 3046 3710 tegent

949 3765 1363 3813 aenstaende
1403 3765 1528 3811 met
1569 3765 1612 3810 4
1651 3767 1982 3819 Joncquen
2021 3773 2107 3820 te
2146 3777 2353 3831 komen
2394 3785 2807 3839 negotieren
2847 3795 3054 3843 vande

959 3885 1178 3934 welcke
1214 3884 1504 3933 nagedane
1540 3884 1795 3933 negotie
1831 3888 2123 3939 volladen
2157 3896 2268 3944 2na
2302 3901 2485 3950 Japan
2520 3906 2884 3962 vertrecken
2918 3919 3070 3972 ende

889 4004 1175 4058 d'ander
1215 4014 1378 4060 twee
1417 4013 1784 4062 overlaten
1824 4018 2068 4068 wilde,
2109 4023 2272 4073 omme
2311 4028 2516 4080 tegen
2555 4037 2719 4086 haer
2758 4043 3004 4093 Retour

2599 4187 2958 4237 wandaer

2868 441 2941 490 1

637 3432 652 3477 -
