3505 4801
908 547 1097 594 sulcx
1134 547 1248 594 dat
1285 549 1399 596 den
1436 552 1814 600 gouverneur
1852 555 2079 606 voorsz
2116 562 2381 611 excusie
2418 567 2532 612 van
2568 568 2721 617 mijn
2757 573 2985 619 aenge„

892 643 1136 698 „nomen
1175 644 1376 693 heeft
1414 647 1576 695 doch
1616 650 1856 698 jndien
1896 654 1977 700 de
2015 655 2417 709 vruntschap
2455 665 2776 718 tusschen
2815 671 2936 718 ons

918 743 1178 794 beijden
1215 743 1326 788 soo
1362 742 1548 788 groot
1584 743 1732 789 niet
1769 744 1844 789 en
1880 745 2064 792 waere
2101 747 2397 801 geweest,
2433 756 2546 804 off
2581 760 2656 806 te
2691 760 2991 808 Miermosa

907 848 1220 897 geregeert
1254 848 1427 894 hadde
1462 849 1566 896 soo
1600 851 1774 896 soude
1808 848 1947 895 d=os
1981 848 2086 896 aen
2120 851 2294 899 landt
2328 854 2536 901 hebben
2570 856 2778 902 moeten
2812 855 3056 903 zenden,

913 949 1019 1001 off
1053 946 1123 993 't
1156 945 1261 990 jnt
1295 944 1709 991 dispacheeren
1743 942 1916 988 van't
1949 942 2122 988 schip
2157 943 2537 995 geobstreert
2571 951 2709 998 sijn
2742 953 3058 1014 geworden,

2843 1011 2924 1058 No

919 1053 1099 1101 welck
1134 1051 1424 1098 d'eenige
1459 1052 1747 1100 oorsaeck
1783 1054 1891 1100 is,
1927 1054 2035 1101 dat
2071 1055 2180 1101 aen
2215 1058 2287 1104 d:
2323 1059 2395 1104 E:
2431 1059 2755 1109 geleijnsz
2791 1063 2971 1110 gesz:

909 1160 1135 1210 hebbe,
1172 1160 1285 1205 dat
1323 1160 1437 1206 het
1473 1159 1700 1206 senden
1735 1158 1850 1206 der
1886 1157 2152 1204 paerden
2189 1160 2341 1207 naer
2376 1161 2640 1209 Batavia
2678 1161 2829 1207 (soo
2866 1161 3021 1208 veel

893 1268 1208 1321 mogelijk
1246 1267 1405 1315 over
1444 1266 1641 1312 desen
1680 1266 1838 1312 wegh
1877 1267 2231 1313 gelieffde
2270 1266 2349 1312 te
2388 1264 2822 1312 excuseeren,
2860 1261 2939 1307 om

899 1377 1226 1428 soodanige
1262 1377 1553 1423 gewelden
1590 1376 1736 1422 ende
1771 1374 2208 1422 impedimenten
2244 1373 2390 1420 niet
2426 1371 2680 1418 subject
2716 1370 2790 1416 te
2826 1368 3044 1415 wesen,

911 1487 1012 1534 ten
1044 1485 1309 1532 anderen,
1341 1484 1442 1530 dat
1475 1484 1674 1531 altijt
1706 1485 1773 1530 de
1806 1483 1972 1530 beste
2005 1482 2137 1528 daer
2170 1480 2303 1526 uijt
2334 1479 2568 1526 kippen,
2600 1481 2733 1527 ende
2765 1475 3033 1527 d'outste

915 1592 1061 1640 ofte
1097 1591 1170 1636 de
1206 1589 1499 1637 sleghste
1535 1591 1644 1637 ons
1681 1591 1863 1637 aende
1899 1590 2046 1636 hant
2081 1588 2301 1636 laten,
2336 1587 2483 1634 waer
2519 1586 2665 1631 door
2702 1586 2738 1631 u
2774 1585 2957 1631 Ed=ts

885 1698 1033 1752 over
1068 1696 1251 1743 desen
1286 1694 1432 1740 wegh
1468 1691 1831 1739 nummermeer
1867 1689 2121 1736 schoone
2156 1687 2339 1735 Jonge
2374 1686 2629 1732 beesten
2665 1682 2919 1731 becomen
2954 1681 3067 1728 can

805 1861 964 1916 Door
1001 1861 1079 1907 't
1116 1857 1502 1905 ernstelyck
1537 1856 1885 1905 versouck,
1923 1856 2076 1903 ende
2115 1856 2307 1903 hardt
2345 1854 2690 1901 aenhouden
2729 1855 2961 1903 vanden

910 1955 1353 2013 Oppercoopman
1389 1956 1646 2002 winninx
1683 1957 1866 2004 hebbe
1902 1957 2013 2003 aen
2047 1958 2123 2004 16
2159 1959 2489 2006 persoonen
2525 1960 2709 2007 (:soo
2745 1958 3040 2008 schipper

912 2066 1255 2123 Officieren
1288 2064 1391 2111 als
1424 2062 1730 2109 matroosen
1764 2062 1934 2108 van't
1968 2062 2410 2109 verongeluckte
2443 2063 2614 2110 Jacht
2647 2059 3058 2109 d'schelvis:)

915 2173 1054 2222 uijt
1088 2168 1297 2218 groote
1332 2167 1819 2214 commiseralitie
1853 2169 2027 2216 (:dat
2061 2171 2200 2216 seer
2234 2171 2409 2217 swaer
2441 2169 2582 2218 valt
2617 2166 2825 2213 naeckt
2859 2162 2999 2210 ende

911 2278 1092 2329 bloot
1127 2275 1200 2321 op
1235 2274 1308 2320 de
1344 2273 1632 2319 westcust
1668 2273 1740 2318 te
1775 2272 1956 2318 comen
1992 2271 2064 2317 :)
2099 2271 2208 2316 tot
2244 2271 2389 2317 haer
2424 2271 2748 2317 cleedingh
2784 2270 2892 2316 een
2927 2267 3040 2315 m=t

896 2380 1069 2438 gagie
1099 2374 1169 2423 in
1201 2366 1437 2417 contant
1470 2366 1839 2412 verstrecken
1873 2367 2007 2414 ende
2041 2369 2142 2416 bij
2175 2371 2242 2417 't
2275 2371 2544 2419 costende
2577 2371 2779 2419 vande:
2812 2367 3047 2415 paerden

908 2493 982 2542 in
1015 2487 1125 2537 een
1160 2479 1521 2531 factuerken
1556 2481 1664 2529 No„
1700 2482 1771 2529 11
1807 2479 2166 2527 brengende,
2202 2479 2561 2527 mitsgaders
2596 2478 2669 2525 't
2704 2472 2994 2522 Comptoir

901 2599 1229 2658 generael
1269 2593 1553 2642 conform
1592 2593 1756 2640 dien
1796 2591 2000 2639 voor.
2038 2588 2081 2635 .
2118 2585 2161 2633 .
2202 2585 2243 2631 .
2280 2584 2324 2632 .
2363 2581 2405 2628 .
2445 2581 2487 2627 .
2526 2582 2567 2628 ƒ
2608 2582 2976 2629 1896:8:11

908 2710 1303 2757 debiteeren,
1336 2704 1482 2754 ende
1517 2701 1590 2748 in
1625 2697 1840 2746 contra
1875 2694 1984 2742 ter
2019 2692 2199 2739 somma
2232 2684 2378 2737 van.
2412 2682 2450 2729 .
2484 2680 2521 2728 .
2557 2682 2593 2728 .
2628 2680 2952 2728 „5671:2:/

910 2824 1335 2875 crediteeren,
1371 2820 1618 2869 laeten,
1652 2817 1794 2863 voor
1830 2815 1936 2862 soo
1969 2808 2112 2859 veel
2146 2803 2218 2852 de
2251 2796 2571 2846 contanten
2605 2792 2712 2840 &„a
2745 2785 2853 2835 p=r
2885 2778 3030 2829 meer

895 2933 1054 2985 gem:
1091 2925 1561 2976 vogelstruijs
1600 2920 1952 2971 herwaerts
1990 2908 2304 2963 gesonden
2342 2902 2538 2952 comen
2577 2899 2656 2946 te
2692 2884 3047 2941 monteeren

833 3041 1087 3093 gelijck
1122 3040 1196 3085 de
1230 3035 1413 3083 Copia
1448 3033 1629 3080 van't
1665 3026 2027 3077 factuerken
2062 3024 2172 3070 N„o
2206 3018 2316 3069 12:
2350 3002 2713 3061 uijtwijsen
2748 2996 2894 3047 sal,

862 3179 971 3231 Dat
1007 3173 1361 3224 sorteringe
1395 3169 1645 3218 cleeden
1679 3168 1786 3214 den
1821 3161 2141 3212 directeur
2175 3159 2425 3206 Wollebt
2459 3153 2779 3203 geleijnsz
2814 3149 2956 3197 voor

901 3289 1116 3342 parsia
1150 3287 1328 3332 tegen
1362 3286 1434 3332 't
1467 3283 1822 3331 aenstaende
1857 3275 2140 3327 saijsoen
2175 3269 2352 3318 heeft
2385 3262 2634 3313 geliven
2669 3259 2740 3305 te
2773 3252 3028 3304 eyschen

880 3401 1018 3453 ende
1048 3396 1187 3446 daer
1220 3394 1323 3440 toe
1356 3393 1424 3439 56
1456 3391 1492 3437 O
1524 3383 1662 3434 gul:
1694 3380 1763 3428 in
1797 3376 2034 3425 contant
2067 3375 2136 3420 te
2170 3373 2408 3420 senden,
2441 3368 2543 3415 wat
2577 3365 2712 3413 sijn
2745 3363 2814 3410 E:
2846 3352 3051 3406 wegent

892 3503 1159 3562 pasquil
1194 3494 1384 3546 tegen
1421 3492 1497 3539 de
1533 3483 1949 3535 coopluijden
1986 3482 2212 3527 willem
2249 3475 2514 3526 aleman,
2550 3471 2702 3519 end'
2738 3456 3016 3514 anthoni

891 3613 1290 3675 Oudermeulen
1323 3601 1687 3657 ingestelt,
1723 3596 1868 3646 ende
1904 3591 2049 3640 door
2084 3588 2158 3635 de
2194 3581 2483 3632 schipper
2517 3573 2773 3625 Adriaen
2807 3566 2959 3616 Muts

893 3720 1118 3772 aenden
1154 3708 1603 3765 oppercoopman
1638 3701 1826 3751 Joost
1862 3694 2162 3746 dircksen
2197 3680 2646 3738 overgelevert
2682 3658 3058 3723 (:welckers

895 3827 1229 3878 affschrift
1262 3825 1296 3870 u
1328 3818 1496 3869 Ed=ts
1529 3815 1630 3862 bij
1662 3813 1730 3860 de
1761 3808 1930 3858 mijne
1962 3801 2163 3851 vanden
2196 3798 2364 3846 24=en
2396 3793 2564 3842 Ianua
2597 3778 2998 3837 toegesonden,

885 3943 1019 3990 ende
1049 3939 1119 3988 't
1150 3926 1486 3984 origineele
1519 3920 1687 3970 onder
1719 3912 1988 3964 geseijde
2019 3904 2389 3956 Oudermeulen
2421 3895 2723 3948 berustend
2755 3893 2823 3940 is
2856 3891 2923 3937 :)

884 4043 1325 4107 gerepliceert,
1356 4037 1493 4088 ende
1524 4033 1594 4080 op
1626 4027 1763 4076 mijn
1795 4021 2099 4071 voorslagh
2132 4017 2268 4065 (:om
2300 4015 2369 4062 de
2402 4012 2638 4060 Batavis
2672 4006 3055 4057 cargasoenen

899 4161 973 4206 op
1008 4153 1159 4205 dees
1195 4146 1456 4197 maniere
1492 4144 1605 4191 p=r
1640 4133 1939 4187 contract
1975 4131 2050 4177 te
2085 4119 2495 4174 vercoopen:)
2532 4110 2907 4163 geantwoort

898 4262 1013 4312 hoe
1049 4260 1088 4306 3
1124 4259 1163 4304 a
1198 4252 1350 4302 400:
1387 4247 1613 4296 packen
1648 4242 1838 4290 Cauwa
1875 4241 1988 4287 tot
2025 4240 2100 4286 23
2137 4236 2438 4285 larijnen
2473 4235 2550 4282 op
2587 4232 2925 4280 leveringh

2726 487 2913 538 1014

2549 4378 2950 4427 vercocht

0 581 239 633 derw=ts

0 681 268 734 pnassour

0 775 264 829 nhebben

0 870 266 921 beijden

0 971 60 1018 de
87 975 270 1028 factur

0 1077 97 1123 bij
129 1077 261 1128 dese

0 1187 256 1238 rabisch

0 1290 247 1343 erandere

219 1598 241 1644 te

163 1999 184 2044 ke

154 2109 241 2159 ier

134 2230 213 2275 ken

0 2326 220 2378 niet

0 2441 98 2487 is,
127 2437 227 2488 dit

0 2552 245 2602 sprijng

0 2665 251 2712 aervan

131 2778 247 2825 loove

172 2899 247 2945 ors

181 3544 208 3590 llen

104 3857 192 3902 hbben,

0 3857 30 3902 heb

18 4421 86 4467 ks

769 3187 803 3232 ƒ

0 2227 21 2273 i
