3560 4958
1344 803 1520 851 Dagh
1563 801 1911 851 Register
1954 800 2216 852 wegens
2259 807 2347 855 't
2390 810 2875 863 gepasseerde

1411 1312 1647 1363 Daer
1704 1306 1879 1355 dat
1934 1308 2053 1356 op
2105 1317 2284 1368 den
2342 1324 2633 1375 29en.
2689 1332 3212 1387 September

1540 1433 1880 1493 d'fluijt
1914 1444 2302 1500 heemstede
2345 1455 2473 1502 van
2513 1459 2939 1518 Paliacatta
2980 1474 3237 1530 alhier

1527 1580 1649 1630 ter
1689 1579 1929 1626 rheede
1967 1581 2089 1629 was
2127 1586 2604 1646 gearriveert,
2644 1601 2803 1651 ende
2843 1606 2924 1654 op
2961 1610 3086 1665 den
3120 1625 3243 1677 2en

1511 1716 1808 1771 October
1849 1717 2103 1770 binnen
2142 1728 2228 1778 de
2267 1735 2479 1789 zwier
2518 1746 2855 1799 gecomen,
2894 1757 3021 1803 als
3061 1759 3355 1816 wanneer

1505 1863 2010 1917 d'Eliphanten
2050 1874 2346 1930 wierden
2385 1889 2681 1952 gelost,
2720 1910 2806 1959 is
2836 1914 2973 1970 den
3011 1928 3224 1989 14en.

1433 2018 1752 2086 October
1796 2018 1977 2071 daer
2022 2026 2520 2089 aenvolgende
2563 2046 2655 2096 de
2698 2053 3060 2118 grootste
3104 2074 3331 2122 vande

1503 2168 1593 2214 5.
1637 2168 2175 2225 aengebrachte
2216 2184 2664 2250 Eliphanten
2706 2207 3155 2276 gestorven,
3196 2235 3331 2288 soo

1504 2331 1612 2378 dat
1646 2331 1754 2378 van
1787 2334 1860 2383 7.
1893 2340 1999 2387 stx
2034 2342 2179 2390 noch
2211 2348 2283 2397 4.
2317 2353 2423 2399 int
2458 2354 2636 2405 leven
2670 2362 2813 2412 sijn
2847 2368 2988 2415 ende
3023 2370 3096 2419 de
3129 2376 3306 2426 wijle

1484 2497 1617 2547 Ed:
1659 2497 1878 2548 heere
1917 2500 2096 2549 dese
2139 2498 2792 2565 Coopmanschappen
2835 2521 3358 2590 beswaerlijck

1507 2653 1592 2701 in
1632 2650 1926 2698 sivelij
1967 2649 2220 2698 kunnen
2261 2654 2471 2706 aende
2511 2662 2639 2716 man
2678 2673 3014 2727 gebracht
3055 2683 3356 2754 werden,

1499 2807 1677 2855 ende
1719 2807 1809 2854 de
1851 2804 2074 2853 selve
2117 2805 2251 2852 hun
2291 2810 2383 2857 in
2426 2814 2779 2870 oncosten
2823 2825 3044 2875 comen
3085 2829 3180 2881 te

1498 2957 1985 3009 consumeren,
2029 2962 2251 3012 boven
2294 2968 2473 3017 dien
2514 2974 2692 3031 noch
2735 2987 2870 3039 het
2912 2996 3222 3063 sterven

1494 3119 1935 3170 onderworpen
1971 3124 2173 3171 sijn,
2212 3124 2333 3172 soo
2371 3127 2612 3180 hebben
2650 3136 2891 3193 metten
2928 3150 3173 3219 andren

1485 3278 1789 3328 sondert
1830 3285 1960 3331 wel
2002 3286 2219 3334 nemen
2261 3290 2391 3336 van
2433 3292 2477 3338 u
2518 3294 2608 3342 E.
2649 3300 3213 3371 goetgevonden,

1496 3440 1669 3491 omme
1712 3440 2057 3489 geroerde
2097 3447 2441 3501 amimaels
2483 3457 2613 3506 soo
2654 3463 2826 3513 drae
2868 3468 2955 3518 de
2996 3475 3210 3536 wegen

1469 3610 1604 3660 wat
1647 3603 2138 3657 opgedroocht
2180 3615 2403 3667 sijn,
2446 3624 2624 3674 naer
2668 3629 3112 3689 zasiemahol
3156 3641 3246 3687 te

1469 3775 1856 3825 vervoeren
1898 3773 2113 3823 alsoo
2154 3779 2584 3840 vertrouwen
2623 3798 2796 3847 d'E.
2836 3805 3052 3853 Compe
3091 3810 3352 3867 aldaer

1479 3933 1574 3980 de
1619 3932 1999 3980 hoochste
2046 3931 2285 3984 marct
2329 3943 2473 3998 sal
2514 3955 2663 4009 aen
2706 3969 3084 4028 treffen,
3130 3978 3320 4025 want

1460 4104 1586 4159 bij
1626 4100 1874 4149 aldien
1914 4098 2038 4143 wij
2078 4099 2366 4153 deselve
2406 4109 2572 4161 niet
2610 4119 2776 4172 naer
2815 4129 3023 4182 boven
3061 4141 3348 4199 voeren,

1466 4280 1591 4325 soo
1632 4276 1717 4325 is
1758 4269 2133 4321 apparent.
2173 4269 2302 4316 dat
2341 4274 2467 4324 die
2507 4281 2633 4330 ons
2674 4286 2886 4343 lange
2923 4302 3174 4372 sullen
3213 4330 3300 4382 by

1453 4447 1787 4495 blijven
1831 4448 2167 4496 t'welck
2214 4448 2405 4501 niet
2451 4458 2737 4517 alleen
2783 4474 3258 4539 costelijck

3010 4666 3241 4717 maer

655 285 834 339 Julio
869 283 906 328 a
941 282 1013 327 o.
1049 280 1193 327 1646

1765 848 1812 893 egi

1942 585 2141 633 pie

1887 460 2321 518 Jonckem

2867 465 3019 515 164
