3642 4828
999 534 1126 587 mey
1164 525 1289 576 ao.
1331 521 1497 570 1646

1927 619 2073 669 Pr.
2107 621 2548 674 Transport

1352 765 1463 813 noch
1489 764 1681 811 voorsoo
1708 764 1818 810 veel
1845 762 2009 810 aenden
2037 761 2174 807 Nabab
2200 760 2338 806 sjane
2364 759 2447 805 wes
2473 758 2583 804 Chan
2610 757 2748 803 voort
2774 756 2968 803 lossen.

1347 861 1540 913 seecker
1565 858 1676 906 paep
1703 857 1812 903 ende
1840 855 1976 902 ander
2002 853 2139 900 volcq
2165 851 2329 898 vanden
2356 850 2547 896 Coninck
2574 849 2656 895 Van
2682 842 2929 893 Maccasser

1348 955 1488 1006 synde
1515 944 2038 1000 daerondergereeckent
2065 942 2120 988 d'
2147 940 2367 987 goederen
2395 939 2450 985 by
2477 937 2697 984 gemelten
2721 929 2919 982 Coninck

1357 1054 1466 1103 door
1492 1044 1682 1098 Vehbier
1708 1040 1791 1088 van
1816 1037 1872 1084 't
1898 1033 2115 1081 geseijde
2141 1031 2277 1077 schip
2304 1031 2521 1077 verleren
2547 1026 2818 1076 Importeren
2844 1025 2872 1070 —
2899 1026 2926 1071 -
2952 1025 2980 1070 -
3006 1023 3088 1069 71„
3114 1020 3200 1069 500

1761 1167 1933 1217 somma
1967 1164 2275 1211 beeraeght
2310 1163 2379 1209 't
2413 1164 2653 1216 verlies
2685 1170 2721 1216 -
2755 1170 2790 1216 -
2822 1172 2863 1221 -
2885 1175 2995 1227 r/a
3027 1165 3236 1220 436500

1271 1283 1456 1342 Buyten
1485 1283 1667 1330 welcke
1697 1285 1818 1331 noch
1847 1285 1909 1331 62
1939 1283 2090 1330 denen
2120 1282 2242 1328 ende
2271 1284 2333 1330 37
2362 1285 2695 1331 Maccassaren
2725 1281 2817 1329 die
2845 1275 3090 1325 d'Mooren
3118 1275 3210 1322 Van
3239 1266 3452 1320 pipelij

1358 1384 1598 1439 gevangen
1627 1382 1746 1429 ende
1775 1380 1924 1427 doodt
1952 1375 2220 1424 geslaegen
2249 1372 2457 1419 hebben,
2486 1370 2753 1417 onderston
2780 1368 2990 1415 Wullhem
3019 1366 3198 1416 leijet

1142 1564 1302 1624 28de.
1328 1553 1487 1605 werdt
1518 1551 1612 1598 met
1643 1547 2017 1596 Communicatie
2046 1543 2173 1591 ende
2203 1544 2328 1591 goet
2359 1544 2546 1590 vinden
2576 1542 2764 1589 vanden
2794 1539 2950 1586 raedt
2981 1537 3075 1583 den
3103 1523 3479 1581 oppercoopman

1366 1661 1419 1708 s.
1442 1657 1471 1704 r
1495 1653 1678 1701 laurens
1703 1654 1781 1699 pit
1806 1651 1884 1698 ten
1908 1648 2091 1695 dienste
2116 1647 2194 1693 van
2220 1647 2323 1692 onse
2348 1645 2505 1692 heeren
2530 1647 2840 1693 principaelen
2865 1646 2970 1691 naer
2995 1644 3073 1690 den
3097 1639 3202 1687 H=re

1348 1755 1662 1821 Miersunelat
1690 1754 1776 1800 Int
1804 1754 2116 1800 moorschelen
2145 1754 2202 1800 er
2230 1752 2599 1800 gecommitteert
2627 1753 2740 1798 omme
2769 1753 2939 1799 overd'
2967 1751 3223 1798 gesondene
3251 1752 3280 1797 4
3308 1751 3393 1797 str

1362 1864 1635 1912 eliphanten
1662 1863 1745 1909 die
1772 1863 1991 1909 gemelten
2018 1863 2073 1908 H.
2100 1863 2127 1908 r
2154 1862 2347 1908 genegen
2373 1863 2429 1911 Is
2455 1867 2537 1912 van
2565 1867 2647 1912 ons
2673 1866 2729 1912 af
2756 1863 3029 1912 t'handelen
3057 1862 3111 1908 t'
3138 1854 3440 1907 accorderen,

1343 1982 1484 2036 sinde
1511 1979 1651 2027 vande
1677 1978 1706 2023 2
1734 1974 2011 2023 resterende
2038 1974 2121 2019 een
2149 1974 2427 2023 gesturven,
2453 1977 2565 2023 ende
2592 1978 2648 2023 d'
2676 1977 2842 2023 andere
2869 1977 2981 2024 omme
3007 1978 3091 2024 tot
3118 1974 3397 2023 schenckgie

1354 2100 1519 2152 nevens
1544 2096 1628 2144 een
1653 2092 1791 2140 blaer
1818 2091 1982 2138 rompen
2008 2092 2037 2138 ½
2063 2091 2092 2137 d
2118 2092 2147 2139 o
2172 2094 2364 2140 groffel
2391 2093 2582 2140 nagelen
2609 2092 2663 2137 =½
2691 2092 2718 2137 d
2744 2090 2773 2135 o
2799 2085 3100 2134 sandelhoudt
3126 2084 3154 2130 1
3181 2083 3348 2135 sockel

1341 2217 1505 2267 foelij
1532 2216 1559 2262 1
1584 2212 1667 2259 str
1693 2207 1830 2256 roost
1856 2205 2237 2252 schaellaecken,
2263 2205 2318 2251 en
2345 2205 2372 2250 d
2399 2204 2481 2250 een
2507 2203 2643 2249 goude
2670 2202 2887 2248 kettingh
2914 2202 3077 2248 buyten
3104 2202 3213 2249 noch
3239 2203 3267 2248 3
3293 2201 3378 2249 str

1367 2335 1668 2393 poersiaente
1695 2332 1885 2379 paerden
1912 2329 1994 2376 met
2021 2329 2103 2375 hun
2129 2329 2455 2375 gereedtschap
2480 2328 2537 2375 en
2563 2325 2726 2372 eenige
2754 2323 3053 2370 Clenicheden
3077 2322 3133 2369 en
3161 2318 3461 2367 masulipatan

1356 2466 1550 2522 present
1575 2462 1658 2510 tot
1685 2458 1794 2506 dien
1820 2455 1985 2503 eijnde
2011 2454 2121 2500 noch
2148 2451 2502 2499 geprojecteert
2529 2451 2611 2497 aen
2637 2450 2747 2496 sijn
2773 2446 2856 2493 Ed:
2883 2444 2937 2490 te
2964 2438 3210 2489 vereeren,
3233 2430 3346 2481 ende

1350 2587 1432 2634 dat
1458 2585 1540 2632 ten
1566 2581 1889 2630 verscheijden
1916 2580 2158 2627 Insichten
2185 2579 2266 2625 als
2293 2574 2697 2624 voornamentlijck
2722 2570 2804 2618 het
2829 2567 2885 2614 na
2910 2562 2992 2611 bij
3018 2558 3153 2605 wesen
3180 2558 3261 2603 van
3288 2557 3396 2603 sijn
3422 2557 3479 2604 Ed

1352 2695 1542 2749 alhier,
1568 2691 1784 2740 hebbende
1809 2690 1864 2736 In
1890 2688 2025 2734 lange
2051 2687 2185 2732 niets
2211 2685 2400 2732 genoten
2426 2685 2480 2730 d'
2506 2684 2561 2730 E.
2586 2683 2828 2729 Compagnie
2854 2681 2962 2728 sijn
2988 2679 3150 2726 taveur
3176 2676 3284 2724 ende
3310 2671 3473 2721 huelpe

1351 2807 1435 2860 des
1459 2800 1726 2851 niettemin,
1752 2799 1859 2845 maer
1884 2800 2070 2846 meerder
2096 2799 2176 2845 als
2202 2799 2309 2844 oijt
2335 2799 2441 2844 voor
2468 2799 2574 2844 dato
2600 2798 2813 2844 bewesen,
2839 2796 2919 2843 soo
2945 2796 3025 2841 dat
3051 2794 3131 2841 den
3156 2790 3317 2839 handel

1355 2908 1557 2962 onder't
1585 2904 1813 2952 gebriedt
1841 2903 2012 2949 vanden
2040 2902 2467 2951 goecondaetschen
2495 2904 2639 2952 Mags.
2666 2907 2894 2954 daerdoor
2921 2905 3008 2952 ten
3035 2899 3379 2949 principaelen

1361 3011 1709 3065 onbecommert
1740 3010 1898 3056 Comen
1929 3010 1993 3056 te
2023 3008 2277 3056 gouderen
2308 3008 2467 3054 (omme
2498 3010 2688 3055 welcke
2718 3009 2782 3055 in
2813 3007 3035 3054 Balance
3067 3004 3193 3051 ende

1359 3129 1674 3190 Continuatie
1702 3127 1760 3173 t'
1788 3121 1960 3171 houden
1988 3120 2104 3166 d'E:
2130 3120 2389 3167 Compagnie
2418 3122 2503 3167 ten
2532 3120 2790 3167 hoochsten
2818 3118 3018 3165 gelegen
3047 3118 3104 3163 to
3129 3111 3450 3163 tvoornodigh

1359 3250 1446 3302 als
1472 3247 1529 3293 nu
1556 3240 1835 3291 tegrechten
1861 3237 1947 3285 tyt
1974 3236 2141 3282 gedaen
2168 3234 2364 3281 dienet,
2392 3235 2531 3281 sulcx
2558 3233 2643 3279 dan
2670 3230 2893 3278 gemelten
2921 3230 3033 3275 h:ra
3060 3231 3172 3276 pit,
3200 3231 3311 3276 naer

1345 3365 1435 3414 dat
1464 3361 1553 3408 syn
1581 3355 1817 3405 afscheyt
1845 3352 2110 3399 ontfangen
2140 3350 2287 3397 hadde
2315 3348 2463 3395 desen
2492 3348 2669 3394 avondt
2698 3343 2992 3393 derwaerdts
3019 3331 3255 3388 gereijst
3285 3333 3344 3383 Is

1200 3511 1258 3560 Ao
1281 3504 1338 3554 29
1360 3494 1446 3547 tot
1471 3486 1607 3536 ult:o
1633 3484 1688 3530 1.
1714 3483 1742 3529 e
1767 3479 1877 3528 niet
1904 3476 2255 3524 remarcquebels
2282 3473 2606 3522 voorgevallen

1937 3762 2216 3820 Junij
2267 3741 2544 3803 Anno1
2596 3718 2763 3781 646

1600 4099 1631 4146 ƒ

1707 4142 1836 4190 net
1875 4131 1963 4184 de
1999 4117 2471 4169 marcquabels
2513 4117 3023 4165 Voorgevallen

2838 605 2973 654 Na
3030 608 3308 656 3650
