3642 4828
1042 521 1231 574 mey
1288 512 1543 565 1646

1201 641 1232 688 R
1255 641 1368 689 10d.
1395 640 1423 685 o
1450 638 1617 684 werden
1644 638 1810 683 voord'
1837 635 2059 682 Waerheyt
2087 632 2281 680 bericht
2307 629 2474 677 eenige
2502 627 2641 674 dagen
2665 626 2862 673 Voorled
2889 628 2945 674 en
2971 629 2999 674 4
3026 628 3388 679 portugeetsche

1338 721 1664 772 vaertuygen
1697 718 1925 766 geladen
1957 715 2055 763 met
2086 710 2316 759 omtrent
2347 707 2446 754 200
2478 706 2642 752 Balen
2671 700 2837 750 Peper
2868 699 2999 746 voor
3031 702 3129 752 s.t
3161 701 3325 751 Thome

1328 814 1421 862 van
1450 811 1542 859 wat
1571 808 1785 855 plaetse
1815 805 2029 852 gecomen
2057 801 2211 850 sijn,
2241 797 2424 847 blijft
2454 796 2546 842 ons
2575 796 2667 841 tot
2696 792 2820 841 noch
2849 790 3093 837 onbewust
3123 791 3158 839 —

1156 942 1190 988 O
1218 937 1288 988 u.
1319 928 1618 980 vertreckt
1650 928 1750 974 van
1782 926 1915 973 dees
1947 922 2113 970 rhede
2145 916 2344 966 naerst
2373 914 2541 962 Thome
2574 909 2871 959 d'Chaloup
2904 909 3069 957 Cleen
3101 908 3334 959 Pipelij
3364 914 3399 960 —

1336 1023 1424 1070 ten
1453 1018 1772 1066 principaele
1800 1015 1917 1063 omme
1945 1011 2120 1060 eenige
2147 1007 2324 1056 Cleden
2351 1002 2440 1050 die
2467 996 2700 1046 derwaerd
2729 992 2788 1040 ts
2816 992 2874 1037 in
2903 992 3165 1039 voorraedt
3193 994 3310 1047 sin,

1336 1113 1401 1161 t'
1431 1111 1847 1162 Imbarcqueren,
1876 1108 2006 1154 ende
2037 1102 2325 1153 Herwaerds
2355 1099 2421 1147 te
2453 1096 2677 1145 brengen

1204 1250 1265 1299 An
1291 1245 1350 1293 12
1374 1237 1464 1289 tot
1493 1235 1551 1282 14
1577 1232 1665 1279 d.o
1693 1229 1808 1276 niet
1837 1228 2238 1274 remoercquabels
2267 1222 2611 1273 voorgevallen
2639 1223 2668 1268 —

1182 1392 1275 1451 Agh
1301 1387 1361 1435 15
1383 1382 1445 1428 do
1471 1375 1644 1425 become
1672 1371 1929 1419 andermael
1956 1367 2043 1416 een
2071 1362 2300 1411 briefken
2327 1360 2414 1405 van
2441 1357 2527 1404 den
2556 1357 2642 1403 Hr.
2669 1354 2955 1401 Miersumela
2983 1351 3069 1398 aen
3097 1351 3413 1397 Gouverneur,

1353 1465 1544 1522 verold
1574 1465 1794 1511 Heussen
1824 1460 2139 1510 geschreven
2169 1455 2421 1505 Luydende
2451 1452 2546 1499 als
2576 1450 2765 1496 volght

1425 1642 1587 1709 Dhij
1624 1634 1780 1686 hebt
1815 1627 1935 1678 ons
1971 1623 2050 1670 te
2089 1618 2360 1668 gevalle
2398 1611 2746 1663 d'thonijs
2785 1606 3133 1658 gesonden,
3165 1594 3327 1649 ende

1340 1750 1429 1796 wij
1456 1739 1638 1795 hadden
1666 1729 1935 1782 d'stucken
1962 1727 2083 1773 oock
2112 1725 2262 1772 dicht
2291 1721 2470 1769 naerd'
2500 1720 2798 1766 Waterkandt
2827 1717 3095 1765 gebraght,
3124 1714 3244 1761 maer

1330 1845 1443 1896 door
1469 1840 1527 1889 d'
1553 1833 1721 1884 groote
1748 1825 1998 1876 moratsen,
2025 1822 2136 1869 ende
2164 1821 2358 1867 swaerte
2386 1819 2664 1866 verstucken
2692 1819 2775 1864 het
2803 1818 3108 1864 onmogelijck
3135 1815 3330 1863 geweest

1351 1937 1378 1983 1
1403 1936 1431 1982 '
1455 1926 1822 1980 Iuboercqueren,
1847 1921 2083 1970 derhalven
2109 1920 2188 1966 die
2213 1918 2344 1965 weder
2368 1916 2423 1963 te
2449 1915 2736 1962 ruggesende,
2762 1916 2997 1963 blijvende
3021 1912 3259 1962 verblijdt
3284 1910 3365 1956 van

1344 2025 1444 2078 uwe
1475 2022 1636 2069 goede
1667 2014 2083 2065 genegentheyt,
2114 2012 2211 2059 soo
2242 2010 2371 2056 u.:o
2403 2010 2467 2055 20
2498 2007 2755 2056 Opagoden
2786 2004 2915 2051 ende
2946 2001 3170 2048 meerder
3202 2000 3300 2048 van

1340 2116 1465 2168 node
1494 2110 1619 2161 hebt
1649 2106 1958 2155 sendtvolcq
1987 2103 2112 2150 ende
2142 2099 2481 2147 Wisselaers,
2512 2101 2605 2147 wij
2635 2098 2820 2146 sullen
2850 2096 2944 2143 het
2973 2093 3067 2140 met
3097 2087 3350 2138 Coopmans

1346 2215 1455 2265 ofte
1481 2209 1643 2259 silver
1667 2206 1723 2254 in
1749 2199 2044 2250 masulipatam
2071 2194 2392 2243 afreeckenen,
2419 2191 2633 2239 schsende
2660 2187 3009 2236 tegenwoordich
3034 2184 3116 2231 een
3140 2171 3383 2227 sabandaer

1343 2309 1425 2362 met
1448 2299 1683 2354 teyjckens
1708 2296 1786 2343 van
1811 2292 1966 2339 mijnen
1991 2287 2172 2336 Coninck
2198 2287 2250 2332 om
2275 2283 2611 2332 palliacattain
2636 2281 2843 2329 Gouverno
2868 2279 2972 2326 Voor
2995 2275 3075 2322 den
3099 2271 3255 2319 selven
3279 2265 3333 2315 te

1347 2402 1477 2452 nemen
1503 2401 1581 2447 UE:
1606 2397 1710 2445 moet
1736 2395 1814 2442 ons
1839 2390 2021 2439 volgens
2046 2390 2099 2435 d'
2123 2385 2409 2434 vrundtschap
2434 2385 2512 2431 die
2538 2385 2616 2430 der
2641 2382 2719 2429 tot
2744 2379 2849 2426 noch
2873 2376 2952 2423 toe
2977 2370 3185 2420 tusschen
3210 2365 3289 2415 ons

1347 2496 1549 2550 geweest
1578 2496 1664 2541 Is,
1692 2492 1923 2540 hierinne
1951 2487 2211 2536 behulpich
2240 2487 2412 2532 wesen,
2441 2487 2527 2533 Ick
2556 2487 2700 2533 hebbe
2728 2485 2844 2531 lock
2871 2483 2959 2530 hem
2987 2478 3161 2527 belast
3188 2473 3310 2522 naer

1348 2602 1454 2652 uwen
1478 2596 1613 2645 haedt
1638 2589 1877 2640 t'hooren,
1904 2588 2010 2634 ende
2036 2586 2249 2633 daerwaer
2275 2587 2328 2632 te
2354 2587 2460 2632 doen
2487 2586 2646 2632 sooder
2672 2586 2752 2632 bij
2778 2583 2885 2631 UEE,
2910 2580 3070 2627 eenige
3096 2576 3361 2626 Oliphanten

1322 2702 1442 2761 sijn
1469 2699 1528 2746 om
1556 2697 1614 2743 te
1641 2691 1929 2740 verwoopen,
1957 2690 2072 2735 laet
2100 2689 2244 2735 weten
2273 2689 2359 2734 hoe
2387 2689 2502 2734 veel
2530 2688 2617 2734 hoe
2645 2687 2846 2734 groodt,
2875 2687 2990 2733 ende
3017 2686 3105 2734 van

1329 2791 1451 2840 waer
1480 2792 1572 2839 sal
1600 2789 1692 2837 als
1722 2789 1814 2835 dan
1843 2790 1964 2837 mijn
1994 2790 2145 2837 Volcq
2175 2789 2296 2835 omme
2326 2790 2386 2835 te
2417 2790 2749 2837 besichtigen
2779 2789 2991 2838 senden,

1191 2930 1242 2977 An
1261 2923 1316 2974 16
1337 2916 1414 2966 do.
1439 2913 1637 2961 schreeff
1662 2913 1736 2958 den
1760 2913 2008 2963 gouverneur
2033 2917 2181 2963 Arnole
2206 2917 2380 2963 Heutsen
2404 2917 2603 2962 adtwoort
2627 2918 2677 2963 op
2701 2918 2776 2964 den
2800 2919 2974 2965 voorsz.
2998 2917 3122 2964 brief
3147 2907 3371 2961 luijdende

1359 3011 1451 3062 als
1479 3004 1660 3055 volght

1355 3136 1519 3188 Hitel
1550 3133 1616 3180 ad
1647 3127 1782 3177 Ydem

1356 3276 1443 3323 Den
1471 3277 1617 3323 brief
1646 3277 1733 3323 van
1762 3277 1849 3322 syn
1878 3276 2053 3323 Hooch.
2081 3274 2256 3320 hebben
2284 3271 2546 3318 ontfangen
2574 3271 2633 3317 en
2662 3272 2749 3318 met
2778 3268 3097 3317 beyjdtschap
3125 3266 3332 3314 geleden

1354 3386 1428 3432 wij
1451 3382 1601 3430 hadden
1624 3379 1748 3426 gaern
1772 3375 1921 3424 gesien
1944 3372 1995 3419 d'
2019 3371 2192 3416 stucken
2216 3369 2315 3416 Inde
2339 3368 2513 3414 thonijs
2536 3369 2685 3415 hadden
2709 3369 2857 3415 Cunnen
2881 3371 2931 3416 g'
2955 3370 3252 3418 subarcqueere

1348 3484 1495 3534 werden
1519 3483 1569 3528 op
1592 3481 1667 3527 dat
1690 3477 1814 3525 d'eer
1837 3474 1985 3521 hadden
2009 3472 2132 3519 mogen
2157 3470 2353 3517 genieten
2377 3471 2451 3516 die
2475 3471 2549 3517 met
2573 3473 2672 3519 onse
2696 3474 2868 3520 schepen
2891 3473 2966 3519 tot
2989 3471 3064 3517 uE.
3087 3469 3237 3516 dienst

1353 3588 1457 3636 naer
1480 3577 1765 3631 Masulipatam
1790 3575 1842 3621 te
1868 3575 2022 3620 voeren
2048 3574 2125 3620 dan
2150 3574 2279 3620 sulcx
2304 3574 2408 3620 niet
2433 3575 2587 3621 Cunnen
2612 3575 2691 3621 wat
2715 3576 2870 3622 salmen
2894 3570 3076 3620 doen,'t
3099 3567 3178 3614 sal
3203 3561 3333 3611 goedt

1349 3696 1445 3746 ende
1467 3684 1728 3740 verseeckert
1751 3680 1869 3728 sijn,
1892 3678 1964 3724 die
1986 3676 2058 3722 tot
2081 3674 2436 3721 groodtmaeckinge
2459 3676 2530 3721 van
2553 3676 2649 3723 U.:n
2671 3678 2766 3723 faem
2789 3675 3002 3722 overlamet
3026 3671 3191 3720 gevoerd
3214 3670 3238 3715 t
3261 3661 3381 3715 werde

1340 3796 1421 3846 het
1445 3784 1656 3841 genougen
1680 3781 1760 3828 dat
1786 3780 1891 3826 sijn
1916 3777 2073 3825 Hooch.
2099 3776 2126 3822 t
2151 3775 2308 3821 neempt
2334 3775 2386 3820 in
2413 3774 2544 3820 alles
2569 3776 2805 3824 Vercregen
2830 3779 3065 3825 Victorien
3090 3774 3248 3823 deelen
3273 3772 3352 3818 wij

1349 3892 1462 3945 mede
1487 3886 1572 3936 met
1595 3877 1818 3928 gelijcke
1844 3870 2174 3921 blijdtschap,
2200 3869 2448 3915 aengaende
2476 3868 2531 3914 d'
2558 3868 2778 3916 Gouverno
2804 3871 2887 3917 van
2913 3870 3216 3917 palliacatta

1350 3989 1436 4041 dat
1461 3985 1545 4034 uE.
1570 3982 1653 4028 ons
1679 3978 1816 4027 soude
1843 3973 2116 4022 tracteren,
2143 3972 2225 4018 als
2252 3972 2306 4017 t'
2333 3971 2606 4017 Voorgaende
2633 3971 2879 4018 Coningen,
2904 3966 3069 4014 dienet
3095 3964 3183 4013 tot

1347 4084 1609 4142 Andtwoert
1637 4080 1725 4128 syn
1753 4079 1926 4125 hoocht
1954 4077 2042 4124 wel
2070 4075 2215 4122 heeft
2243 4071 2474 4119 verstaen
2502 4070 2618 4116 thoe
2646 4070 2851 4119 weynich
2872 4070 2993 4121 tyds
3021 4066 3283 4115 Voorleden

3221 4156 3328 4203 den
