3608 4917
2809 358 2989 404 68.3-

806 400 1139 452 Zwaericheijt
1166 402 1224 449 en
1249 405 1526 463 onvermogen
1551 419 1690 468 hadde
1717 420 2048 469 voorgewendet
2074 420 2158 468 van
2184 423 2379 474 grooter
2405 430 2654 483 capitael,
2680 439 2736 485 in
2763 440 2846 486 soo
2873 441 3042 498 corten

895 479 1004 528 tijt
1030 484 1112 530 als
1139 485 1248 534 daer
1274 490 1385 539 sijn
1410 495 1492 540 ses
1518 495 1601 543 off
1627 499 1763 546 seven
1790 501 1980 547 maenden
2007 502 2061 548 te
2088 502 2360 551 versetten,
2387 507 2523 556 soude
2549 511 2659 561 goet
2685 517 2903 568 gevonden

891 561 991 608 ende
1014 564 1210 618 raedsaem
1232 574 1477 625 geoordeelt
1500 580 1646 629 hebben
1671 584 1768 629 noch
1792 584 1964 630 meerder
1987 586 2207 631 derwaerts
2231 587 2451 637 tesenden,
2474 593 2523 639 de
2547 594 2718 643 redenen
2742 597 2816 643 die
2839 595 2914 643 mij

893 646 1104 697 bewoogen
1129 653 1262 703 waren
1286 660 1340 707 de
1364 663 1679 720 uijttermaten
1705 674 1862 720 groote
1888 674 2071 721 winsten
2097 674 2229 722 deses
2254 677 2386 724 jaers
2410 678 2543 725 wanth
2568 680 2647 727 100
2673 682 2856 728 incoops
2882 682 3015 728 1143.

889 733 1110 784 doorgaens
1133 740 1256 789 winst
1280 745 1454 798 gegeven
1475 755 1647 806 hebben,
1671 762 1720 807 op
1744 762 1818 808 dat
1842 762 1965 808 lands
1989 763 2209 809 goederen,
2234 764 2406 811 doorden
2429 767 2698 818 ongemeijnen
2723 773 2845 820 prijs
2869 774 2992 820 vande

877 828 1001 877 zijde
1024 829 1072 874 om
1096 829 1217 877 datse
1239 833 1313 881 soo
1336 836 1481 886 droogh
1503 842 1600 891 ende
1624 847 1792 895 suijver
1816 851 1888 896 was
1912 851 2128 896 weshalven
2152 851 2225 898 dat
2248 853 2465 902 andermael
2488 857 2537 903 te
2560 859 2753 909 besorgen
2776 865 2849 910 soo
2872 866 3040 913 hooghl.

897 916 1259 968 gerecommandeert
1281 924 1451 972 hebben,
1473 929 1547 978 dit
1569 934 1809 985 voorwenden
1833 940 1906 987 van
1929 943 2314 989 onvermogentheijt
2338 944 2386 989 om
2409 944 2483 992 soo
2506 948 2602 996 veel
2626 951 2819 1001 goederen
2842 957 2891 1003 te
2914 958 3060 1006 cunnen

898 1001 1083 1051 opcoopen
1106 1006 1222 1054 heeft
1243 1010 1314 1057 mij
1335 1012 1519 1062 oorsaeck
1542 1018 1725 1069 gegeven,
1748 1024 1817 1069 bij
1840 1024 1979 1072 wijlen
2001 1027 2070 1073 met
2093 1028 2139 1073 s.
2162 1028 2416 1077 broeckhorst
2437 1033 2736 1084 dienaengaende
2759 1039 2805 1084 te
2828 1039 3037 1091 spreecken

894 1099 939 1144 en
962 1099 1052 1146 daer
1075 1101 1166 1147 uijt
1188 1103 1303 1149 niets
1323 1106 1461 1155 anders
1481 1111 1618 1159 cunnen
1640 1115 1844 1164 begrijpen
1866 1119 1935 1166 off
1956 1121 2070 1167 soude
2092 1122 2137 1167 op
2160 1122 2251 1168 dese
2273 1123 2387 1169 wijse
2409 1124 2636 1174 bestcunnen
2657 1129 2839 1177 geholpen
2861 1132 3023 1185 werden,

894 1185 1114 1236 ingevalle
1137 1191 1357 1241 gedurull.
1380 1197 1479 1247 ende
1501 1203 1647 1251 altoos
1671 1206 1744 1252 een
1767 1208 1816 1255 't
1841 1210 1987 1258 geheel
2010 1213 2109 1259 jaer
2132 1216 2230 1262 door
2252 1216 2302 1262 't
2326 1216 2497 1264 Coptoir
2520 1220 2666 1267 aldaer
2690 1222 2813 1270 beset
2835 1226 2933 1273 ende
2956 1228 3036 1283 met

887 1284 982 1331 gelt
1006 1285 1173 1332 versien
1197 1287 1365 1336 bleeft,
1387 1292 1484 1340 want
1506 1296 1578 1343 wat
1601 1298 1673 1344 het
1696 1299 1817 1346 volck
1839 1302 2055 1350 belanght,
2077 1306 2149 1351 die
2173 1306 2316 1353 moeten
2340 1308 2436 1355 doch
2459 1311 2506 1356 om
2530 1311 2578 1357 de
2601 1312 2911 1359 Vaderlandsche
2935 1314 3054 1362 sijde

883 1381 931 1427 op
952 1381 1001 1427 te
1024 1381 1143 1427 copen
1165 1383 1308 1431 aldaer
1330 1387 1591 1438 overgelaten
1613 1394 1754 1442 werden
1778 1397 1826 1443 en
1848 1398 1920 1444 off
1943 1399 2013 1444 het
2037 1399 2132 1445 gelt
2154 1400 2225 1446 tot
2249 1401 2320 1447 der
2343 1402 2531 1451 goederen
2555 1406 2697 1453 opcoop
2720 1408 2767 1454 in
2790 1408 2979 1455 Taijpuan

887 1467 963 1517 oft
986 1473 1061 1518 wel
1085 1474 1135 1520 in
1158 1475 1332 1522 Tonquin
1356 1477 1628 1527 overgelaten
1651 1482 1750 1529 werd
1775 1484 1849 1530 dat
1873 1486 2097 1535 verschill
2119 1492 2170 1539 en
2193 1493 2318 1540 soude
2341 1495 2415 1541 soo
2440 1496 2563 1543 groot
2587 1497 2686 1542 noth
2711 1497 2933 1545 gewihtich
2957 1494 3057 1544 niet

881 1558 1003 1606 sijn,
1026 1557 1122 1602 oock
1145 1557 1218 1605 soo
1241 1560 1291 1608 en
1312 1565 1434 1615 soude
1456 1571 1552 1618 door
1575 1574 1719 1622 opcoop
1742 1577 1815 1624 van
1838 1579 2005 1627 stoffen
2029 1582 2101 1627 als
2125 1582 2222 1630 daer
2244 1585 2341 1631 sijn
2364 1586 2555 1632 hockins,
2579 1587 2819 1635 soumingijs
2842 1590 2889 1635 en
2913 1589 3010 1635 baas

884 1649 932 1695 de
952 1648 1261 1698 zijde-handell
1283 1654 1402 1704 (niet
1423 1660 1660 1717 vermindert
1681 1673 1754 1719 off
1775 1675 1988 1722 gehindert
2010 1678 2151 1724 werden
2175 1679 2224 1726 t.
2244 1681 2292 1728 en
2316 1681 2410 1728 oock
2433 1683 2621 1730 mogelijk
2644 1685 2715 1730 bij
2738 1685 2833 1732 onse
2853 1686 3021 1733 meerder

886 1733 930 1779 en
950 1734 1124 1784 stercker
1143 1740 1273 1790 handel
1294 1745 1339 1793 in
1358 1749 1424 1796 dat
1444 1752 1533 1802 land
1552 1758 1681 1806 sonder
1702 1761 1745 1807 de
1767 1762 1918 1811 luijden
1938 1766 2005 1813 wel
2024 1769 2176 1819 meerder
2195 1773 2434 1822 aengehouden
2454 1777 2606 1823 werden)
2626 1779 2691 1824 tot
2712 1778 2755 1823 de
2776 1777 2885 1823 sijde
2904 1777 3061 1828 teelen,

878 1823 974 1873 Zuer
995 1827 1087 1874 oock
1109 1830 1178 1876 wel
1200 1831 1361 1882 meerder
1382 1838 1497 1887 fijne
1519 1843 1680 1890 stotten
1702 1845 1771 1892 als
1793 1847 2000 1899 pelinghs,
2021 1855 2068 1901 en
2089 1857 2204 1903 sijde
2226 1859 2364 1908 selffs
2386 1863 2524 1912 metter
2545 1867 2637 1913 tijt
2660 1868 2706 1913 na
2728 1868 2820 1914 mijn
2842 1865 3057 1917 bedencken

891 1906 940 1955 en
959 1913 1028 1959 soo
1049 1915 1185 1964 anders
1206 1919 1298 1968 niet
1319 1924 1365 1971 en
1386 1927 1455 1974 can
1476 1930 1679 1981 bevroeden
1701 1935 1792 1981 oock
1814 1936 1882 1983 wel
1904 1938 1950 1984 in
1971 1940 2085 1987 reden
2106 1942 2332 1992 bestaende,
2354 1947 2466 1995 soude
2489 1950 2624 1996 cunnen
2646 1951 2850 1999 opgecocht
2871 1955 3031 2005 werden,

882 2001 981 2047 hier
1004 2002 1129 2051 tegen
1152 2007 1202 2053 en
1225 2009 1324 2057 doet
1348 2012 1446 2061 niet
1470 2017 1545 2065 dat
1568 2021 1643 2069 het
1666 2025 1766 2073 lant
1788 2029 1862 2076 dan
1887 2031 1961 2077 aen
1985 2032 2084 2078 rijs
2107 2034 2157 2079 te
2181 2035 2280 2082 cort
2304 2037 2428 2086 soude
2450 2040 2599 2087 comen,
2622 2041 2696 2086 soo
2721 2041 2819 2088 veel
2843 2042 2918 2088 als
2941 2044 3021 2099 het

888 2088 962 2137 aen
984 2093 1105 2141 sijde
1128 2097 1298 2146 meerder
1320 2102 1441 2149 gaff,
1463 2105 1514 2152 en
1535 2109 1608 2156 dat
1631 2112 1752 2160 soude
1775 2116 1944 2162 zeecker
1967 2118 2016 2165 al
2039 2120 2088 2167 te
2111 2123 2231 2170 verre
2254 2125 2423 2173 gesocht
2445 2128 2567 2175 sijn,
2590 2130 2686 2176 Maer
2709 2131 2781 2177 dan
2805 2132 2951 2178 moeste
2973 2133 3051 2181 ooc

886 2181 1053 2231 altijtt
1077 2186 1150 2232 een
1172 2188 1269 2236 goet
1291 2192 1507 2241 vaertuijc
1529 2197 1626 2245 daer
1648 2202 1910 2252 overgelaten
1933 2207 2077 2256 werden
2100 2211 2171 2256 tot
2195 2211 2481 2261 versekeringh
2504 2216 2576 2264 van
2599 2218 2719 2264 Comp.
2742 2219 2767 2265 s
2790 2220 2909 2266 volck
2933 2221 2983 2270 en

890 2267 1096 2318 middelen,
1117 2274 1278 2323 gelijck
1299 2279 1391 2327 daer
1412 2283 1504 2331 doch
1526 2287 1619 2335 moet
1640 2291 1892 2342 overblijven
1912 2298 2005 2345 omde
2026 2301 2141 2348 sijde
2163 2303 2255 2350 voor
2276 2306 2504 2354 Nederlant,
2527 2309 2709 2355 eenelijk
2731 2309 2801 2355 dat
2822 2311 2891 2358 het
2913 2311 3028 2359 selve

889 2352 937 2398 nu
960 2353 1151 2403 mogelijk
1174 2359 1247 2406 een
1268 2363 1389 2412 maent
1411 2368 1483 2415 off
1505 2370 1602 2419 daer
1624 2375 1792 2424 ontrent
1814 2380 1981 2429 vroeger
2004 2384 2077 2431 van
2099 2387 2266 2435 Tonquin
2289 2390 2527 2440 affsteeckt
2550 2395 2622 2442 als
2645 2397 2694 2442 't
2716 2398 2788 2443 dan
2812 2398 2930 2444 soude
2954 2399 3049 2445 doen

885 2439 1006 2487 aen't
1029 2443 1175 2492 welcke
1198 2447 1344 2497 gansch
1366 2453 1560 2504 weijnich
1583 2460 1752 2510 gelegen
1776 2465 1849 2511 is,
1873 2467 1995 2514 alsoo
2017 2470 2091 2517 het
2113 2473 2211 2520 doch
2234 2476 2404 2527 evenwel
2426 2483 2476 2530 de
2499 2486 2812 2535 vaderlandsche
2836 2490 2983 2537 vloote

884 2523 956 2570 off
979 2526 1124 2576 immers
1146 2532 1197 2579 de
1218 2535 1340 2584 leste
1361 2541 1531 2593 schepen
1553 2549 1625 2596 van
1648 2551 1722 2599 die
1744 2555 1817 2603 wel
1840 2559 2032 2610 beloopen
2055 2565 2199 2613 soude,
2222 2568 2270 2614 en
2294 2568 2342 2614 om
2365 2570 2557 2618 geseijde
2581 2573 2821 2624 vaertuijgh
2843 2579 2916 2627 dan
2939 2580 2990 2626 te

883 2606 1050 2658 vroeger
1071 2614 1120 2660 na
1142 2616 1309 2669 batavia
1331 2625 1379 2671 te
1402 2626 1522 2674 mogen
1543 2630 1851 2686 attvaerdigen.
1874 2642 1947 2688 soo
1968 2644 2088 2693 soude
2110 2649 2324 2698 goetwesen
2346 2653 2371 2699 (
2394 2654 2442 2699 't
2464 2655 2583 2701 welck
2606 2656 2701 2704 doch
2724 2659 2866 2707 anders
2889 2662 3055 2709 evenwel

875 2699 927 2748 en
949 2697 1119 2749 buijten
1141 2705 1215 2753 dat
1237 2710 1359 2759 soude
1381 2715 1478 2763 goet
1501 2719 1550 2765 en
1573 2721 1646 2768 van
1669 2724 1742 2771 ons
1765 2727 2053 2780 voorgeslagen
2076 2735 2173 2781 sijn
2196 2736 2389 2787 geweest)
2412 2743 2485 2789 dat
2508 2745 2556 2790 de
2580 2745 2772 2791 Tonquins
2796 2745 2991 2791 voerders

889 2788 973 2834 van
998 2789 1137 2840 Japan
1163 2796 1382 2847 attrecht
1408 2803 1518 2852 door
1544 2808 1600 2856 na
1626 2812 1818 2863 Tonquin
1844 2819 2010 2871 voeren
2034 2828 2199 2877 sonder
2226 2833 2445 2883 Caijouan
2471 2839 2717 2887 datimmers
2744 2841 2826 2887 soo
2853 2842 2937 2891 een

891 2872 1130 2926 becommerl.
1152 2883 1201 2930 en
1223 2886 1414 2937 gevaerl.
1437 2893 1462 2939 k
1484 2895 1653 2945 plaetse
1674 2901 1748 2948 is,
1769 2905 1866 2953 eens
1887 2910 1959 2956 aen
1982 2912 2031 2958 te
2053 2913 2150 2961 doen
2172 2917 2291 2967 alsoo
2314 2923 2411 2972 daer
2433 2928 2529 2974 niet
2551 2929 2600 2974 te
2622 2930 2860 2978 verrichten
2884 2932 3026 2979 hebben

886 2958 958 3007 off
980 2963 1052 3012 bij
1073 2967 1285 3021 versuijmt
1306 2977 1379 3025 can
1400 2982 1563 3033 werden,
1586 2988 1775 3038 behalven
1796 2995 1867 3041 dat
1889 2997 1983 3045 oock
2006 3000 2054 3047 al
2076 3003 2124 3049 te
2146 3005 2357 3055 bedencken
2379 3011 2427 3057 is
2449 3012 2521 3058 oft
2542 3014 2636 3060 daer
2659 3015 2754 3062 niet
2775 3018 2846 3063 all
2869 3015 2939 3063 wat

890 3054 1341 3115 particulariteijten
1363 3072 1465 3119 mede
1487 3076 1613 3123 soude
1637 3079 1912 3132 voorgecomen
1936 3088 2111 3137 werden,
2136 3092 2212 3138 dat
2236 3094 2437 3143 weijnige
2459 3098 2560 3144 voor
2584 3098 2759 3145 Tonquin
2784 3098 2885 3145 uijt

862 3152 1079 3200 Taijouan
1105 3154 1268 3202 nodich
1294 3158 1431 3206 conde
1455 3163 1564 3211 voor
1590 3167 1807 3220 ballast,
1833 3176 1915 3222 als
1940 3178 2183 3229 deswavel,
2210 3184 2372 3230 zonder
2398 3186 2587 3233 verlet,
2614 3188 2695 3234 wel
2720 3187 2776 3234 na
2802 3186 2938 3234 Japan

882 3236 1077 3284 gesonden
1100 3239 1271 3292 werden,
1293 3249 1392 3297 ende
1414 3253 1536 3302 alsoo
1559 3258 1609 3304 nu
1632 3260 1706 3309 aen
1728 3265 1803 3313 die
1825 3270 2044 3319 Tonquinse
2067 3275 2213 3321 saecke
2236 3276 2309 3322 ben
2333 3277 2455 3323 segge
2478 3279 2551 3325 dit
2575 3280 2672 3326 daer
2696 3281 2768 3326 bij
2793 3280 2938 3326 (alsoo

886 3324 1092 3373 voorslae
1115 3330 1192 3378 van
1217 3333 1473 3387 overblijff
1497 3342 1627 3392 eenes
1650 3349 1932 3401 vaertuijchs
1954 3355 2008 3402 en
2032 3357 2186 3405 volcks
2210 3361 2288 3407 bij
2312 3363 2390 3409 dat
2414 3365 2593 3411 Contoir
2618 3365 2696 3411 tot
2720 3367 2875 3414 opcoop
2898 3371 2978 3422 van

890 3408 1063 3458 meerder
1085 3414 1258 3466 Iapanse
1281 3422 1356 3469 als
1379 3425 1479 3472 oock
1502 3428 1552 3474 de
1575 3430 1895 3485 vaderlandsche
1918 3441 2139 3493 goederen,
2163 3448 2237 3495 dat
2261 3450 2383 3497 onses
2407 3452 2604 3499 oordeels
2628 3454 2727 3501 vrij
2750 3456 2824 3501 wat
2848 3454 2972 3502 groot

889 3493 1142 3549 bedencken)
1166 3505 1369 3558 waerdich
1393 3514 1495 3562 sij,
1519 3518 1595 3564 off
1620 3520 1722 3567 niet
1746 3522 1822 3568 wel
1846 3523 1948 3571 best
1973 3527 2075 3574 ware
2099 3530 2149 3577 't
2175 3532 2452 3583 opperhoofft
2477 3538 2553 3584 van
2578 3539 2655 3584 dat
2679 3540 2857 3588 Contoir
2880 3544 2934 3593 in

896 3578 1065 3630 persoon
1086 3587 1207 3635 zelve
1229 3591 1326 3640 daer
1348 3596 1613 3650 overbleeft,
1635 3606 1707 3653 ick
1730 3609 1850 3658 soude
1873 3614 1946 3661 het
1968 3617 2184 3668 soodanich
2207 3623 2279 3670 wel
2302 3625 2471 3675 bijkans
2493 3631 2589 3677 voor
2612 3631 2708 3678 best
2732 3633 2876 3681 houden

898 3671 1004 3717 oock
1028 3673 1107 3721 soo
1132 3677 1289 3726 scheen
1313 3682 1366 3730 S:
1390 3686 1522 3734 van't
1545 3691 1625 3738 zum
1649 3694 1729 3742 van
1753 3698 1832 3744 die
1857 3700 1961 3748 onse
1986 3704 2221 3757 voorslagh
2245 3713 2401 3760 geheel
2426 3716 2531 3762 niet
2556 3717 2739 3765 vrempt.

701 3777 764 3827 er
793 3782 917 3828 noch
946 3784 1100 3833 vande
1129 3788 1405 3843 Tonquinse
1436 3798 1620 3848 zaecke
1650 3804 1988 3859 affscheijde
2017 3816 2110 3864 can
2139 3820 2263 3867 niet
2293 3823 2507 3873 nalaten
2538 3825 2630 3873 dit
2659 3824 2721 3870 in
2751 3823 3031 3876 bedencken

888 3870 942 3916 te
965 3872 1094 3919 geven
1120 3874 1197 3919 off
1222 3875 1326 3923 niet
1350 3878 1481 3931 alsoo
1504 3888 1761 3942 geraedsaem
1786 3898 1890 3947 ware
1914 3903 1966 3949 de
1991 3904 2223 3956 Conquinte
2248 3911 2377 3958 sijde
2401 3913 2505 3960 voor
2530 3916 2761 3966 Nederlant
2786 3922 3018 3976 opgecocht

891 3956 944 4001 op
966 3958 1145 4008 batavia
1169 3964 1272 4011 ofte
1295 3967 1373 4015 wel
1396 3971 1449 4017 in
1472 3974 1650 4024 Tonquin
1674 3980 1828 4031 selffs
1852 3988 1955 4035 over
1977 3991 2029 4038 te
2054 3993 2257 4044 behouden
2281 4000 2333 4047 en
2357 4003 2409 4049 na
2433 4005 2560 4055 Japan
2585 4011 2661 4058 aff
2686 4014 2737 4060 te
2761 4015 2993 4074 vaerdigen

893 4043 1049 4096 liever
1074 4052 1152 4099 als
1176 4055 1229 4101 na
1253 4057 1487 4110 Nederlant
1510 4066 1563 4112 te
1588 4068 1770 4120 zenden,
1793 4077 1872 4125 soo
1896 4081 2026 4131 lange
2050 4086 2232 4135 deselve
2256 4091 2386 4139 sijde
2410 4095 2464 4142 in
2487 4099 2617 4150 Japan
2641 4106 2720 4153 tot
2744 4109 2822 4157 soo
2847 4112 2976 4161 hogen

883 4128 1011 4177 prijs
1035 4133 1113 4181 als
1136 4137 1215 4187 nu,
1237 4143 1315 4191 dat
1339 4147 1417 4195 is,
1440 4151 1517 4199 soo
1542 4154 1670 4202 hoogh
1694 4157 1771 4205 als
1795 4160 1847 4207 in
1872 4163 2101 4216 Nederlant
2125 4172 2278 4222 zelts,
2303 4177 2507 4230 versocht
2530 4186 2582 4232 en
2606 4188 2734 4236 aende
2759 4191 2837 4237 man
2860 4192 2943 4239 can

901 4225 1129 4276 geholpen
1155 4230 1353 4288 werden,
1378 4244 1492 4291 want
1518 4248 1660 4297 vande
1686 4253 1743 4299 31
1769 4254 1883 4306 sch.
1910 4261 1967 4306 't
1994 4262 2135 4312 rabat
2162 4268 2500 4324 affgetrocken
2525 4280 2639 4328 voor
2665 4284 2722 4330 18
2749 4286 2950 4342 maenden

888 4314 916 4360 h
941 4316 1023 4365 alt
1045 4322 1153 4376 sulx
1178 4332 1366 4381 weijnih
1390 4337 1550 4387 booven
1576 4343 1630 4389 de
1655 4344 1684 4391 l
1708 4347 1815 4396 331:
1841 4351 1948 4397 7:.
1974 4353 2293 4406 uijtbrengen,
2318 4362 2399 4409 dan
2424 4365 2612 4416 gemerkt
2636 4373 2717 4419 het
2742 4375 2983 4424 verschill

2583 4510 2955 4565 vanden

109 409 221 466 uchten

152 492 194 538 i

140 564 186 610 schijne

122 1296 197 1343 van

123 1379 212 1425 erte
