3614 4780
2075 251 2407 311 April

2477 835 2645 891 815

693 492 810 541 Aen
847 491 924 538 d'
962 491 1153 539 Ed=le
1191 489 1343 539 h=rn
1380 489 1573 543 Raden
1608 500 1685 546 en
1723 500 1952 552 direc„

520 616 753 665 „teurs,
784 609 950 658 wegen
983 607 1082 654 den
1115 607 1578 661 Nederlantschen
1610 617 1775 664 staet
1808 619 1885 665 in

852 989 1224 1039 fundamentele
1254 992 1378 1038 ende
1409 992 1657 1040 bestante
1687 992 1997 1038 resolutie,
2028 991 2183 1037 verre
2213 990 2338 1036 ende
2368 990 2524 1037 goede
2554 988 2771 1036 omsich„

869 1088 1144 1136 „ticheijt,
1170 1085 1446 1132 mitsgaders
1473 1084 1748 1131 behoorlijk
1775 1085 1885 1131 ende
1912 1085 2297 1130 gelicentieerde
2324 1083 2545 1130 middelen
2571 1075 2792 1129 twelcken

883 1184 1149 1233 aengaende
1178 1183 1208 1228 v
1237 1182 1297 1228 E.
1325 1180 1385 1226 d:
1414 1178 1592 1225 rijper
1620 1176 1828 1222 oordel,
1857 1177 1946 1222 off
1976 1177 2212 1224 daerinne
2241 1179 2508 1225 soodanigh
2536 1169 2806 1226 gehandelt

875 1277 998 1331 sij,
1026 1273 1238 1321 subject
1267 1271 1479 1317 blijve)
1508 1269 1901 1316 gerequireert,
1931 1271 2051 1317 over
2081 1271 2232 1318 sulcx
2262 1272 2382 1319 voor
2412 1270 2653 1322 alnodigh

875 1369 1247 1429 d'obstaculen,
1274 1365 1388 1413 ende
1416 1365 1502 1410 der
1530 1364 1700 1409 selver
1728 1364 2013 1411 oorsaecke,
2039 1365 2324 1411 namentlijk
2353 1366 2411 1412 d'
2437 1367 2779 1413 Inwilligingh

874 1473 1021 1527 eerst
1047 1468 1136 1517 van
1165 1464 1425 1513 Chinannas
1453 1461 1830 1508 onversadelijk
1858 1462 2176 1509 begheerten,
2202 1463 2320 1510 ofte
2349 1463 2464 1509 tsij
2493 1461 2581 1507 wij
2608 1463 2797 1510 vanden

871 1568 1049 1620 handel
1078 1566 1138 1612 om
1166 1561 1404 1610 d'Zuijdt
1432 1559 1522 1606 Int
1550 1557 1728 1603 geheel
1757 1556 2083 1605 desisteren,
2111 1559 2230 1604 ende
2260 1559 2348 1605 aen
2377 1559 2466 1605 hem
2496 1560 2792 1613 overlaten,

877 1666 965 1713 off
992 1658 1284 1709 andersints
1313 1656 1459 1703 24000
1488 1656 1604 1701 pag:
1633 1654 1866 1701 Jaerl=jk
1894 1654 1982 1700 tot
2011 1655 2098 1700 een
2127 1655 2448 1702 recognitie,
2476 1656 2593 1703 ende
2622 1657 2803 1710 onder„

844 1762 1026 1811 „houdt
1055 1760 1148 1807 van
1177 1757 1360 1804 sijnen
1390 1756 1572 1802 staet,
1601 1752 1845 1801 furneren
1875 1752 2088 1797 wilden,
2118 1752 2240 1798 daer
2269 1753 2331 1799 op
2361 1754 2422 1800 nu
2452 1754 2573 1800 noch
2604 1753 2725 1799 naer

870 1865 1004 1915 dato
1036 1861 1171 1910 vant
1203 1856 1505 1905 gemaeckte
1538 1855 1806 1902 contract
1840 1856 1940 1901 met
1973 1854 2107 1900 ons,
2140 1850 2442 1899 doorgaens
2475 1847 2576 1894 wel
2609 1842 2778 1892 onbe„

850 1961 1229 2023 „schaemdelijk
1257 1959 1345 2006 als
1374 1958 1462 2004 off
1490 1956 1607 2002 daer
1635 1954 1723 2000 toe
1752 1951 2073 1998 gerechticht
2101 1951 2247 1997 waer,
2274 1946 2625 1996 g'Insisteert
2652 1937 2800 1990 heeft

866 2076 954 2123 ten
980 2065 1187 2119 anderen
1213 2060 1303 2108 des
1330 2049 1565 2105 Conincx,
1593 2047 1798 2095 pogende
1826 2046 1885 2092 t'
1914 2045 2003 2091 sij
2030 2045 2148 2091 door
2177 2046 2410 2091 geweldt,
2439 2046 2527 2091 off
2556 2045 2761 2091 valsche

1397 2090 1518 2147 Mr.

867 2161 1196 2220 pretexten,
1226 2154 1359 2204 sich
1391 2149 1489 2198 van
1521 2147 1587 2193 s'
1620 2146 1816 2191 Compis
1849 2146 2112 2193 middelen
2143 2149 2209 2194 te
2240 2147 2503 2194 maecken,
2536 2143 2766 2192 geweert

875 2267 1114 2321 wierden,
1140 2258 1293 2310 welcq
1320 2252 1412 2301 soo
1440 2247 1590 2295 verre
1619 2246 1888 2292 gebracht,
1918 2247 2008 2294 dat
2036 2248 2245 2294 beijden
2275 2248 2365 2294 van
2393 2246 2484 2293 hun
2513 2243 2794 2290 g'opinia„

852 2362 1078 2421 „teert,
1108 2354 1238 2404 ende
1268 2348 1399 2399 boos
1430 2344 1752 2393 voornemen,
1784 2344 1913 2392 sich
1943 2344 2299 2391 Inbeeldende
2328 2345 2459 2392 (als
2490 2345 2619 2390 off,
2652 2344 2716 2390 dE

876 2460 1062 2516 compje
1091 2455 1184 2503 aen
1213 2446 1458 2499 t'missen
1488 2444 1580 2491 van
1610 2442 1763 2488 desen
1793 2438 1977 2487 handel
2007 2438 2129 2484 maer
2160 2438 2282 2483 voor
2312 2435 2587 2483 weijnigen
2618 2429 2770 2480 tijdt

880 2554 1096 2612 meerder
1125 2545 1340 2597 gelegen
1369 2542 1522 2589 waer)
1552 2540 1614 2587 in
1643 2537 1827 2585 corten
1857 2535 2101 2582 tgevolgh
2132 2533 2254 2580 daer
2284 2532 2375 2577 van
2405 2531 2436 2577 t
2467 2528 2741 2576 erlangen,

880 2656 979 2710 ten
1007 2638 1328 2699 principale
1359 2630 1772 2682 gedestitueert
1804 2630 1931 2676 sijn
1962 2629 2249 2675 gewerden,
2278 2627 2408 2672 ende
2439 2626 2534 2673 d'E
2565 2623 2759 2670 Comp:e

886 2744 1118 2803 middeler
1144 2734 1291 2787 wijle
1318 2729 1406 2778 soo
1433 2723 1723 2773 excessiven
1752 2723 1925 2770 schade
1954 2724 2070 2770 niet
2098 2725 2156 2770 in
2185 2723 2329 2770 haren
2358 2723 2560 2769 handel,
2589 2722 2799 2769 vermits

893 2846 1088 2902 echter
1120 2838 1249 2888 door
1280 2828 1637 2881 mancquement
1669 2828 1766 2874 van
1798 2828 2089 2874 contanten
2121 2828 2284 2874 niets
2315 2825 2510 2874 souden
2541 2823 2737 2869 connen

883 2940 1181 2998 verrichten
1208 2932 1418 2984 hebben,
1446 2926 1775 2977 toegebracht
1802 2926 1982 2973 heeft,
2009 2926 2189 2974 sijnde
2219 2926 2308 2972 wel
2338 2925 2397 2970 t'
2427 2919 2784 2970 voornaemste,

875 3041 1100 3095 d'eerst
1129 3029 1482 3085 aengeslagen
1514 3026 1991 3074 Cansjewaronsche
2023 3024 2310 3071 lijwaten,
2340 3022 2469 3070 daer
2501 3021 2565 3067 op
2596 3016 2797 3064 ontv=t

875 3141 937 3191 d'
966 3137 1085 3185 5000
1115 3132 1204 3182 p=a
1233 3124 1530 3177 uijtgeset,
1560 3122 1649 3169 tot
1679 3122 1798 3167 noch
1827 3122 1916 3167 ten
1945 3121 2065 3167 dele
2094 3121 2154 3166 in
2183 3119 2362 3166 handen
2391 3117 2540 3164 vande
2569 3110 2777 3161 rovers,

878 3231 1009 3279 ende
1041 3222 1335 3276 d'verdere
1367 3220 1466 3266 aen
1498 3216 1890 3265 d'Engelschen
1922 3215 2054 3261 voor
2086 3216 2184 3261 hun
2217 3212 2413 3261 achter
2445 3207 2609 3256 wesen
2639 3203 2745 3250 aen

878 3320 1150 3378 chinanna
1183 3311 1455 3364 verpandt
1487 3307 1793 3356 gebleven,
1827 3307 1964 3353 daer
1997 3310 2099 3355 van
2132 3311 2403 3358 apparent
2437 3312 2713 3362 weijnigh

880 3421 1007 3471 ofte
1037 3418 1164 3466 geen
1195 3410 1510 3463 restitutie
1540 3408 1604 3455 te
1635 3405 1951 3452 verwachten
1981 3407 2076 3453 sal
2107 3407 2265 3454 sijn,
2296 3407 2610 3453 d'oncosten
2640 3404 2738 3452 van

881 3519 1187 3576 toupassen,
1217 3513 1401 3563 pions,
1431 3510 1493 3557 t'
1522 3506 1798 3554 opmaecken
1827 3505 1920 3551 van
1950 3506 2073 3553 twee
2103 3508 2408 3556 reduijten,
2437 3508 2531 3555 als
2557 3502 2745 3555 anders

875 3625 970 3675 tot
1000 3613 1278 3668 defentie,
1307 3608 1432 3657 ende
1462 3604 1803 3652 seguriteijt
1833 3606 1926 3651 van
1957 3606 2081 3652 dese
2111 3608 2328 3655 plaetse
2358 3610 2543 3656 nodigh
2573 3603 2760 3654 alrede

878 3715 1214 3773 verstreckt,
1241 3709 1366 3760 ende
1394 3705 1518 3754 noch
1547 3704 1609 3750 te
1638 3703 2004 3751 verstrecken,
2034 3704 2217 3750 werden
2247 3703 2339 3749 bij
2369 3698 2613 3748 provisie
2642 3694 2754 3741 tot

878 3816 1036 3870 nader
1066 3805 1378 3860 uijtcomste
1408 3802 1502 3849 van
1532 3799 1751 3846 saecken
1781 3800 1907 3846 uijt
1937 3800 2124 3846 stadts
2154 3801 2403 3848 Thollen,
2434 3798 2559 3846 ende
2589 3795 2810 3843 gerech„

850 3906 1163 3969 „ticheden,
1191 3900 1286 3949 soo
1316 3897 1472 3945 verre
1503 3895 1596 3941 die
1627 3895 1814 3941 cunnen
1844 3897 2216 3946 toereijcken,
2247 3900 2371 3946 ende
2401 3899 2464 3944 t'
2494 3896 2836 3943 mancquerend

878 4005 1003 4056 uijt
1032 3996 1342 4048 t'vermogen
1372 3994 1466 4040 der
1497 3991 1838 4039 Jngesetenen
1867 3993 2208 4041 gefurneert,
2238 3995 2362 4041 doch
2393 3993 2548 4040 heeft
2578 3993 2640 4039 d'
2669 3989 2738 4036 E:

877 4098 1066 4150 Compj:
1097 4093 1222 4141 daer
1253 4088 1441 4137 tegens
1471 4085 1535 4131 nu
1566 4083 1660 4130 een
1691 4083 1942 4129 swaerder
1973 4085 2317 4132 Guarnisoen,
2348 4087 2474 4133 mits
2505 4082 2849 4132 d'vereijsch

2679 4210 2821 4266 verte

10 255 34 300 4

55 255 90 301 46

0 1001 148 1046 volcq
177 1001 296 1048 door

0 1081 287 1130 gewerden.

0 1160 291 1215 rsijn

0 1254 167 1300 Compj=s
191 1255 288 1301 dorp

0 1342 147 1388 seer
181 1341 293 1388 mal

0 1432 146 1482 sijn,
173 1427 293 1476 blij

0 1518 291 1568 incipaelst

0 1611 200 1659 houden,
224 1611 284 1660 de

0 1697 182 1744 geringh
207 1696 286 1743 sch

0 1791 277 1839 ttochten

0 1878 293 1929 uijtcomst

0 1964 294 2021 aensoud

0 2061 145 2113 ende
179 2052 289 2105 bij

0 2152 145 2205 sal
187 2147 290 2195 in

0 2234 274 2296 tuijt

0 2335 147 2385 teijt
174 2330 293 2379 sevi

0 2435 160 2484 sullen
186 2430 293 2481 geli

0 2538 64 2583 at
96 2530 288 2584 gheeft

0 2627 280 2682 aenwijst

0 2722 187 2774 werdt,
218 2721 282 2767 nu

0 2811 125 2861 ende
155 2807 282 2855 ver„

0 2898 166 2951 meer
207 2895 291 2943 en

0 2990 265 3041 streert.

0 3077 273 3131 entio

0 3163 277 3217 Keijcken

0 3261 56 3309 q
111 3249 280 3304 die

0 3346 284 3398 vervallen.

0 3443 179 3492 mines
214 3441 287 3488 va

0 3530 193 3578 macht,
225 3531 290 3578 en

0 3621 108 3668 een
144 3617 289 3667 favo

0 3707 281 3756 doorgaens

0 3798 94 3844 den
124 3799 281 3848 ouden

0 3890 32 3935 d
64 3884 290 3935 perinci

0 3977 144 4025 enter
169 3979 287 4026 pro„

0 4064 190 4111 een

0 4167 282 4217 amentelk
