3567 4801
2739 463 2921 523 928

699 521 1073 576 January
1120 504 1341 564 1646

956 686 1127 737 aldaer
1154 684 1240 730 van
1268 680 1467 729 Batavia
1495 680 1722 726 verwacht
1750 681 1949 728 wierdt,
1975 681 2232 728 herwaerds
2260 684 2487 735 tevolgen
2515 690 2713 736 stondt,
2741 682 2968 734 behalven

954 785 1168 839 eenlijck
1194 781 1301 829 6000
1327 778 1487 826 taylen
1513 773 1860 822 schuydtsilver
1886 772 1968 818 dat
1993 774 2073 819 syn
2099 775 2153 820 E.
2179 775 2259 821 tot
2286 776 2366 821 den
2392 776 2499 821 thin
2525 776 2686 824 handel
2712 779 2872 827 nodigh
2897 775 3082 825 hadde,

946 896 1034 949 soo
1058 886 1228 940 stondt
1255 884 1284 930 8
1309 880 1422 929 Wolf
1450 879 1534 925 met
1560 877 1617 924 6.
1644 874 1728 921 stx
1755 868 2034 919 Oliphanten
2061 868 2173 913 voor
2200 869 2284 914 dit
2311 869 2534 916 Comptoir
2559 869 2867 916 medegeladen

941 996 1024 1048 te
1061 984 1300 1038 werden
1340 984 1382 1032 —

925 1140 1044 1191 Uijt
1071 1121 1339 1183 Nagapitan
1367 1119 1458 1165 was
1487 1118 1547 1164 In
1576 1116 1783 1163 malacca
1812 1115 1902 1160 den
1931 1115 1990 1160 8.
2020 1115 2079 1161 en
2109 1116 2317 1165 october
2345 1120 2495 1167 eenen
2523 1122 2554 1168 8
2583 1122 2732 1167 acomo
2760 1117 2968 1168 Cardosa

930 1227 1124 1282 Coopman
1151 1225 1234 1271 met
1261 1224 1345 1269 syn
1372 1221 1565 1270 patache
1592 1216 1896 1266 Verschenen,
1924 1216 1979 1261 en
2006 1216 2091 1261 den
2116 1217 2200 1264 11.
2226 1218 2283 1265 en
2310 1221 2531 1269 November
2558 1222 2696 1268 weder
2724 1222 2834 1269 naer

943 1325 1164 1383 Maccouw
1195 1321 1289 1369 van
1319 1317 1445 1365 daer
1476 1313 1789 1362 vertrocken

936 1473 1033 1521 den
1064 1466 1226 1516 11.en
1256 1455 1515 1511 November
1547 1455 1644 1500 Was
1676 1453 1741 1499 d'
1772 1451 1838 1497 H.
1869 1452 1902 1497 r
1933 1450 2031 1496 van
2062 1449 2256 1495 Vliedt
2288 1446 2481 1493 nevens
2513 1445 2610 1491 syn
2641 1442 2969 1491 huijsvrouw

940 1569 1049 1620 ende
1074 1563 1265 1613 familie
1291 1561 1372 1607 met
1398 1560 1453 1606 d'
1480 1557 1668 1605 schepen
1694 1553 1857 1602 Egmont
1884 1552 1993 1598 Ende
2019 1553 2154 1598 engel
2180 1554 2261 1599 van
2288 1554 2396 1599 daer
2422 1552 2531 1598 naer
2558 1549 2747 1597 Batavie
2773 1546 3043 1593 vertrocken

935 1680 1051 1731 omme
1077 1677 1164 1724 met
1191 1674 1249 1721 d'
1276 1673 1334 1718 E.
1360 1667 1532 1718 Heeren
1559 1664 1703 1712 raden
1730 1663 1816 1710 van
1843 1661 1985 1707 India
2013 1660 2127 1706 over
2154 1660 2325 1706 eenige
2354 1660 2552 1706 saecken
2580 1658 2894 1706 specialijck

933 1800 962 1845 t
987 1789 1278 1845 malacxsche
1305 1781 1537 1834 gouverno
1565 1775 1912 1825 Concerneren,
1940 1774 2055 1819 eens
2083 1771 2372 1818 mondelingh
2399 1771 2459 1817 te
2486 1773 2774 1822 Confereren
2802 1777 2836 1825 —

931 1901 1083 1955 sulcx
1111 1898 1232 1945 sijn
1261 1896 1322 1942 E.
1351 1895 1381 1941 8
1409 1892 1560 1939 maijo
1589 1888 1829 1937 aenstaen
1858 1886 2008 1933 weder
2037 1887 2158 1932 naer
2187 1888 2396 1933 malacca
2425 1886 2486 1932 te
2515 1883 2843 1932 retourneren
2872 1879 3024 1927 stont

931 2009 1060 2063 ende
1090 2008 1154 2054 't
1184 2004 1437 2052 Gouverno
1469 2004 1563 2050 soo
1594 2003 1752 2049 lange
1784 2003 1878 2048 aen
1907 2001 1941 2048 E
1972 1999 2224 2046 vlaminck
2255 1996 2476 2044 bevolen
2507 1994 2603 2041 was

714 2170 796 2220 Aen
821 2166 876 2214 23
899 2160 956 2209 d.
982 2158 1008 2203 o
1032 2148 1301 2203 verschyndt
1327 2145 1487 2192 alhier
1513 2143 1594 2189 ter
1620 2142 1753 2188 rhede
1780 2142 1860 2188 uyt
1886 2142 1940 2188 s'
1966 2142 2179 2189 gengelij
2205 2143 2445 2191 seeckeren
2471 2143 2712 2191 portugeer
2736 2143 2820 2189 met
2844 2145 2951 2193 sijn

931 2249 1185 2303 schiampan
1212 2247 1409 2295 geladen
1436 2245 1522 2292 met
1550 2245 1690 2291 rijs,
1719 2246 1916 2292 nielij,
1943 2247 2000 2293 s'
2027 2246 2253 2292 gengelij
2281 2245 2394 2291 ende
2421 2243 2591 2290 andere
2618 2244 2872 2291 Coopmansz

932 2352 1070 2403 synde
1097 2350 1207 2396 niet
1234 2345 1510 2395 voornemens
1535 2342 1703 2390 alhier
1729 2341 1785 2388 te
1812 2342 2004 2388 lossen,
2032 2342 2142 2389 maer
2169 2343 2281 2391 naer
2306 2347 2335 2393 S
2362 2349 2390 2394 .
2416 2347 2554 2393 Thome
2582 2346 2692 2392 voor
2719 2344 2775 2390 t'
2801 2341 2967 2389 seylen

714 2513 775 2565 Ao
797 2498 885 2553 24„
911 2493 968 2542 25
995 2489 1079 2537 end
1105 2487 1162 2533 26
1186 2483 1245 2532 d.
1273 2482 1300 2527 o
1327 2479 1440 2527 niet
1466 2476 1773 2524 sonderinghs
1800 2480 2134 2529 voorgevallen
2161 2484 2245 2530 als
2273 2483 2495 2529 eenlijck
2522 2484 2607 2531 dat
2632 2481 2856 2531 geroerde

934 2582 1179 2637 portugees
1206 2578 1343 2627 vande
1368 2575 1507 2622 rhede
1533 2575 1642 2621 naer
1669 2574 1778 2621 sijn
1806 2573 2161 2619 gedestineerde
2187 2574 2379 2622 plaetse
2405 2577 2542 2623 weder
2569 2573 2841 2623 vertrocken
2868 2568 2951 2618 Is,

736 2753 801 2805 An
826 2744 890 2795 27
917 2736 1010 2786 d.o
1037 2725 1340 2779 verschyndt
1368 2719 1790 2769 alhierteerhede
1818 2719 1910 2766 van
1938 2718 2209 2765 Bengaelen
2240 2719 2360 2765 over
2390 2718 2720 2764 Masulipatam
2750 2719 2780 2764 t
2806 2715 2963 2764 Jacht

927 2832 1011 2881 lis
1036 2824 1258 2875 daermede
1285 2821 1451 2869 become
1477 2819 1671 2865 missive
1697 2816 1808 2864 ende
1835 2816 2001 2863 andere
2028 2818 2331 2864 doccumenten
2358 2819 2497 2864 vande
2523 2816 2936 2865 oppercoopluyden

907 2931 1007 2985 H:r
1034 2919 1289 2975 Martinus
1319 2918 1383 2964 d'
1414 2917 1602 2964 Vroede
1634 2916 1697 2962 en
1727 2915 1916 2961 Thomas
1947 2914 2136 2961 Cuijck
2167 2916 2293 2962 uijt
2324 2916 2513 2963 Pwelij
2542 2917 2606 2964 in
2637 2917 2764 2966 dato
2791 2919 2890 2967 18e
2919 2923 2955 2971 —

913 3018 1119 3065 Januarij
1144 3017 1248 3062 ende
1273 3016 1325 3062 S.
1351 3016 1377 3061 r
1402 3014 1557 3061 pieter
1582 3013 1711 3059 sijme
1737 3013 1840 3058 uijt
1866 3013 2149 3060 Masulipatam
2175 3012 2407 3060 gedateert
2432 3010 2510 3057 25.
2536 3010 2588 3055 en
2613 3009 2664 3056 d.
2690 3009 2716 3054 o
2742 3007 2926 3054 daerbij

923 3118 1055 3168 onder
1080 3113 1265 3163 anderen
1290 3109 1501 3158 vernemen
1526 3107 1816 3154 eerstelijck
1841 3108 1947 3154 uyjt
1973 3109 2025 3155 d'
2052 3106 2340 3154 Bengaelsche
2366 3102 2550 3150 advise,
2576 3101 2734 3147 hoedat
2758 3095 2944 3146 gemelte

913 3222 1061 3277 Jacht
1087 3217 1177 3266 van
1203 3212 1321 3261 daer
1349 3208 1581 3256 belaeden
1610 3208 1726 3253 Comt
1755 3208 1842 3254 met
1870 3209 2016 3256 21339
2044 3207 2102 3253 lb
2131 3205 2276 3252 witte
2304 3203 2478 3249 poeyer
2506 3200 2739 3247 suijcker
2768 3197 2884 3245 2727
2912 3193 2972 3241 lb

934 3316 1023 3361 was
1050 3313 1171 3361 1612
1200 3310 1260 3356 lb
1288 3304 1438 3354 Boter
1466 3301 1585 3348 4282
1615 3300 1675 3346 lb
1703 3299 1763 3345 s'
1793 3298 2030 3345 gengelij
2059 3297 2178 3343 olij
2206 3296 2237 3342 9
2267 3294 2475 3342 leggers
2503 3294 2712 3342 arreecq
2740 3295 2918 3344 253518
2947 3291 3008 3340 lb

917 3413 1037 3458 hijs
1066 3405 1368 3458 monterende
1398 3403 1489 3449 met
1518 3401 1579 3447 d'
1608 3394 2030 3445 gebupporteerde
2060 3390 2301 3439 ongelden
2330 3391 2543 3438 t'samen
2571 3394 2603 3440 ƒ
2630 3386 2962 3442 3497„19„10„

909 3516 962 3562 d'
986 3511 1197 3561 schaloup
1222 3507 1354 3556 Cleen
1380 3503 1563 3552 pipelij
1590 3499 1721 3548 soude
1746 3498 1799 3543 in
1823 3495 2061 3543 Compagnie
2086 3490 2271 3539 gecomen
2296 3485 2454 3534 hebben
2480 3483 2585 3530 doch
2611 3481 2742 3528 alsoo
2767 3480 2820 3526 't
2846 3471 2979 3524 selve

887 3614 1003 3667 becq
1030 3606 1256 3658 Bevonden
1283 3601 1482 3650 wierdt,
1509 3598 1679 3645 bleven
1707 3595 1876 3643 d'onse
1904 3593 2271 3640 genoodtsaeckt
2297 3591 2411 3639 voor
2439 3584 2580 3636 eerst
2607 3572 2919 3628 behoorlijck

900 3718 962 3765 te
988 3706 1291 3761 repareren,
1319 3701 1471 3750 sulcx
1500 3699 1531 3745 2
1560 3697 1621 3743 a.
1651 3697 1681 3743 3
1709 3695 1860 3743 dagen
1890 3693 2011 3740 naer
2040 3692 2161 3739 dato
2190 3690 2431 3737 tevolgen
2460 3684 2671 3736 stonden
2697 3680 2730 3726 —

2765 3679 2828 3725 -

887 3860 1036 3918 uijt
1070 3855 1145 3901 d'
1179 3830 1617 3898 Masulwatamse
1653 3828 1945 3876 advijsen
1980 3821 2273 3872 vernemen
2309 3817 2492 3866 onder
2527 3813 2784 3863 anderen

894 3965 979 4016 hoe
1004 3961 1061 4009 't
1085 3953 1224 4005 schip
1248 3947 1333 3997 rl:
1357 3935 1604 3990 amsterdam
1630 3931 1795 3979 aldaer
1819 3928 1904 3976 ter
1930 3926 2067 3972 rhede
2093 3923 2176 3970 den
2203 3922 2285 3968 17.
2311 3921 2339 3967 '
2366 3918 2503 3966 deser
2529 3915 2639 3962 uijt
2665 3911 2913 3960 Bengaelen

907 4062 1007 4114 met
1039 4056 1136 4106 een
1167 4042 1588 4101 Cargasoentgen
1620 4033 1944 4086 monterende
1974 4030 2009 4076 ƒ
2040 4023 2396 4074 23882„16„4„
2426 4017 2720 4068 bestaende
2751 4019 2816 4065 In

899 4168 1023 4224 1641
1051 4152 1233 4212 packen
1262 4146 1442 4196 voeyer
1471 4139 1712 4190 suijcker
1741 4135 1802 4182 en
1832 4134 1922 4179 425
1952 4134 2013 4179 v.
2040 4131 2072 4177 s
2101 4130 2163 4175 d.
2190 4124 2253 4173 os
2282 4121 2402 4169 lacq
2430 4118 2522 4164 wel
2552 4116 2672 4163 quam
2701 4109 3003 4160 tarriveren

126 698 238 746 13„

0 1489 251 1537 18„10:
