3444 4869
2626 603 2800 653 1021

813 738 1000 784 t'compt
1026 739 1240 788 qualijck
1266 743 1347 789 dat
1372 744 1427 789 d'
1452 745 1612 791 Gounij
1638 746 1747 795 vant
1772 751 1959 801 sackjen
1985 757 2067 803 dat
2091 759 2146 806 ue
2172 761 2386 810 schrijft
2411 766 2520 813 open
2544 769 2731 817 geweest
2758 767 2892 817 heeft

802 829 854 875 en
880 829 1033 877 verrot
1058 832 1160 878 sijn
1186 833 1263 879 met
1287 835 1492 885 hollants
1517 840 1645 887 doecq
1670 842 1825 890 gelapt
1848 846 1900 892 Is
1925 847 2130 899 t'welcke
2154 854 2359 907 oorsaecq
2384 863 2512 910 wesen
2537 866 2614 911 sal
2639 866 2716 911 bij
2741 866 2897 916 aldien

799 926 876 972 der
901 924 1056 971 eenigh
1081 925 1184 971 gelt
1210 925 1467 973 uijtgemist
1492 929 1595 977 wert
1620 932 1672 978 de
1697 933 1854 979 comp=e
1876 936 1930 984 t'
1954 940 2032 987 sal
2056 943 2212 994 moeten
2236 951 2493 1003 vergoeden,
2518 958 2595 1003 den
2621 958 2827 1007 schipper
2852 961 2931 1010 van

796 1021 1019 1072 valckens
1047 1020 1159 1065 ofte
1187 1020 1270 1065 den
1298 1020 1606 1069 ondercoop=m
1633 1025 1718 1071 aen
1744 1027 1857 1074 lant
1884 1030 1970 1077 die
1995 1034 2304 1091 t'ontfangen
2330 1047 2471 1098 heeft
2497 1054 2722 1103 soudenen
2748 1058 2919 1105 (mijns

790 1120 1016 1174 oordeels)
1040 1117 1140 1164 daer
1163 1115 1290 1162 voren
1313 1116 1513 1162 behooren
1537 1117 1613 1163 aen
1637 1119 1687 1165 te
1711 1120 1936 1171 spreecken
1960 1126 2036 1174 wij
2059 1130 2210 1181 sullen
2233 1137 2384 1186 letten
2407 1142 2607 1190 (doenljk
2630 1145 2805 1192 zijnde)
2829 1148 2929 1193 alle

790 1222 873 1269 het
899 1213 1037 1266 gelt,
1063 1211 1146 1257 dat
1172 1209 1282 1255 naer
1310 1208 1446 1254 desen
1474 1208 1529 1254 op
1555 1209 1720 1257 vracht
1746 1212 1993 1263 derwaerts
2020 1219 2130 1266 gaet
2156 1221 2240 1272 met
2265 1228 2376 1277 leer
2401 1234 2703 1285 overtrocken
2729 1238 2867 1286 wert—

796 1315 929 1368 edoch
952 1307 1059 1357 voor
1084 1306 1163 1351 een
1188 1303 1320 1350 dieff
1346 1303 1398 1349 is
1423 1303 1581 1350 t'gelt
1607 1305 1686 1352 met
1711 1307 1817 1355 leer
1841 1311 2051 1362 benaeijt
2076 1318 2182 1365 niet
2207 1321 2417 1374 bewaert,
2442 1330 2782 1382 diergelijcken
2807 1337 2860 1383 is
2885 1337 2968 1385 ons

790 1413 908 1468 hier
933 1405 1022 1456 aen
1049 1401 1137 1449 een
1164 1399 1281 1446 pack
1308 1400 1395 1448 p=r
1423 1403 1596 1450 Bergen
1624 1406 1740 1453 hier
1767 1409 1970 1459 gecomen
1997 1415 2400 1473 (toebehoorende
2426 1429 2514 1477 een
2541 1433 2800 1484 armenier)
2828 1439 2943 1485 ont„

780 1512 945 1563 „moet,
969 1505 1134 1556 zijnde
1161 1503 1325 1550 tselve
1352 1503 1461 1548 (Ick
1488 1503 1680 1550 geloove
1704 1505 2006 1558 vastelijcke
2031 1515 2060 1561 )
2086 1517 2223 1568 Inden
2249 1524 2359 1573 wech
2384 1529 2523 1579 vande
2548 1536 2820 1588 carluijden
2847 1542 2904 1589 op

788 1605 1034 1658 gesneden,
1061 1603 1225 1650 alwaer
1251 1602 1362 1648 jnde
1389 1602 1443 1647 20
1471 1602 1662 1649 stucken
1689 1605 2044 1660 derriabaddijs
2070 1616 2399 1674 uijtgenomen,
2424 1630 2535 1679 end'
2561 1635 2724 1683 plaets
2751 1638 2888 1686 weder

788 1709 869 1755 met
895 1703 1057 1753 lappen
1083 1701 1245 1747 gevult
1271 1700 1380 1745 was,
1407 1700 1515 1747 door
1541 1702 1650 1748 dien
1675 1705 1757 1753 het
1783 1709 1891 1757 leer
1917 1713 2000 1760 van
2024 1716 2214 1768 buijten
2240 1724 2323 1773 wat
2347 1730 2590 1783 gescheurt
2616 1739 2778 1788 sijnde
2804 1743 2913 1792 door

789 1808 932 1859 ordre
957 1801 1100 1852 vande
1127 1797 1353 1845 schipper
1381 1797 1466 1842 met
1493 1798 1578 1846 een
1605 1801 1972 1857 teerigendraet
1999 1813 2169 1867 aenden
2195 1823 2366 1877 andren
2391 1834 2617 1887 genaijt,
2644 1842 2758 1891 waer
2785 1847 2908 1896 door

795 1911 880 1957 wij
908 1907 1022 1956 hier
1049 1904 1164 1952 voor
1191 1903 1249 1948 d'
1276 1902 1590 1952 manquerende
1617 1907 1817 1957 stucken
1844 1913 2242 1977 aengesproocken
2268 1933 2384 1983 sijn
2410 1940 2668 1995 gewerden,
2694 1952 2922 2004 seggende

786 2013 869 2062 sIn
895 2008 977 2055 ons
1002 2004 1139 2052 schip
1166 2004 1384 2052 Geschiet
1410 2006 1547 2054 moste
1573 2010 1682 2056 sijn
1709 2011 1846 2061 alsoo
1871 2017 1954 2066 met
1980 2022 2063 2070 een
2088 2026 2307 2082 teerigen
2332 2038 2470 2088 draet
2495 2045 2631 2094 fleer
2658 2049 2793 2100 weder
2821 2055 2902 2101 toe

772 2108 989 2156 „genaijt
1015 2106 1124 2152 was,
1151 2105 1233 2151 soo
1259 2106 1341 2151 dat
1367 2105 1449 2151 wij
1476 2106 1531 2152 de
1557 2108 1612 2154 te
1638 2109 1748 2158 cort
1773 2114 1964 2166 comende
1989 2122 2180 2177 stucken
2206 2133 2424 2190 apparent
2449 2146 2613 2198 sullen
2638 2154 2805 2206 moeten

784 2204 1050 2251 vergoeden,
1076 2204 1183 2251 doch
1208 2203 1342 2251 hebbe
1368 2205 1449 2252 tot
1474 2207 1581 2253 noch
1607 2208 1688 2255 toe
1713 2211 2034 2270 wederhouden,
2058 2227 2114 2275 en
2138 2232 2325 2285 gesecht
2350 2241 2458 2289 (als
2483 2245 2909 2301 waerscheijnelijk

788 2304 879 2354 is)
908 2300 1026 2347 door
1055 2300 1409 2348 d'carattiers
1438 2303 1527 2351 Jnt
1556 2306 1793 2358 affcomen
1821 2314 1912 2363 van
1939 2320 2058 2372 Agra
2086 2328 2264 2384 Cassoo
2292 2340 2353 2388 de
2380 2345 2588 2397 plaetse
2616 2353 2706 2401 met
2734 2357 2858 2407 oude

781 2402 953 2450 lappen
980 2400 1067 2446 van
1094 2399 1209 2445 osse
1237 2399 1409 2447 deeken
1436 2402 1608 2452 gevult
1635 2407 1722 2455 was
1749 2411 1808 2458 en
1834 2414 1921 2465 Int
1948 2421 2149 2476 scheeps
2175 2433 2320 2485 onder
2346 2442 2490 2494 andre
2516 2450 2688 2501 packen
2716 2457 2916 2507 gelegen

783 2498 957 2546 heeft)
985 2495 1217 2542 geschiet
1245 2495 1389 2544 moste
1418 2499 1563 2548 sijn,
1591 2503 1650 2550 en
1678 2506 1794 2554 onse
1822 2510 2054 2565 goederen
2081 2522 2199 2575 mede
2224 2532 2313 2582 wel
2339 2538 2543 2593 gebeurt
2570 2549 2658 2599 wat
2686 2555 2831 2604 wegen
2859 2555 2918 2605 de

781 2593 1088 2649 voldoeninge
1114 2594 1225 2639 noch
1252 2594 1419 2644 volgen
1445 2600 1557 2648 sal,
1583 2604 1750 2654 sullen
1776 2610 1888 2658 hier
1914 2614 2026 2664 naer
2052 2620 2301 2678 vernemen,
2327 2634 2357 2680 —

713 2746 808 2801 Het
835 2738 926 2787 met
955 2736 1016 2782 ue
1045 2735 1196 2782 segel
1226 2737 1496 2787 versegelt
1526 2742 1738 2793 doosken
1766 2749 1858 2797 aen
1886 2753 1947 2800 uE
1976 2755 2157 2807 brieff
2186 2763 2397 2815 geheght
2426 2771 2576 2818 hebbe
2606 2773 2697 2820 wel
2726 2776 2966 2829 ontfang,

767 2835 824 2881 eu
851 2836 906 2881 In
933 2836 1182 2884 presentie
1209 2839 1293 2885 van
1320 2841 1403 2887 s=r
1429 2842 1679 2895 Tavernier
1705 2851 1900 2902 g'opent
1926 2858 1982 2903 en
2009 2859 2092 2907 hem
2119 2863 2478 2916 g'Intregeert,
2505 2872 2672 2918 tgeene
2698 2874 2809 2923 daer
2836 2878 2947 2925 Inne

770 2934 1026 2981 geslooten
1054 2934 1168 2980 was,
1196 2935 1283 2980 soo
1310 2937 1397 2985 dat
1423 2941 1482 2987 uE
1509 2944 1624 2991 daer
1651 2947 1738 2995 van
1764 2951 1878 2999 geen
1907 2954 2192 3009 naemaninge
2219 2965 2277 3012 te
2304 2968 2589 3022 verwachten
2617 2978 2788 3029 heeft,
2816 2985 2958 3031 ditto

774 3034 833 3082 is
860 3032 918 3078 10
945 3030 1087 3077 dagen
1115 3030 1371 3079 verleeden
1398 3034 1513 3081 naer
1539 3037 1738 3087 Espahan
1766 3042 2051 3099 vertrocken
2076 3056 2276 3109 latende
2303 3065 2388 3113 ons
2416 3068 2531 3117 hier
2557 3073 2644 3121 een
2670 3077 2925 3128 versegelt

775 3131 973 3178 sackjen
998 3128 1086 3176 met
1114 3128 1342 3174 weijnich
1368 3130 1652 3182 staeffjens
1679 3137 1851 3188 silver
1877 3145 1964 3194 dat
1989 3151 2216 3204 versocht
2243 3159 2386 3212 heeft
2413 3169 2499 3217 aen
2526 3173 2585 3219 uE
2610 3176 2669 3224 te
2695 3180 2866 3232 senden

775 3228 835 3274 om
864 3228 954 3274 aen
983 3227 1044 3273 de
1072 3226 1313 3274 fransche
1340 3229 1520 3277 Padres
1549 3232 1789 3281 (volgens
1817 3238 1939 3289 t'op
1965 3246 2176 3302 schrift
2203 3258 2384 3309 vanden
2412 3266 2592 3316 brieff
2620 3272 2740 3319 daer
2770 3274 2863 3323 aen

767 3326 1027 3377 gebonden)
1055 3327 1454 3376 t'overhandigen
1482 3331 1568 3378 d:o
1595 3334 1796 3383 sackjen
1823 3339 1995 3388 hebben
2022 3344 2194 3395 aenden
2221 3351 2478 3408 adsistent
2505 3364 2591 3409 Jan
2619 3364 2791 3411 dommer
2818 3362 2934 3412 (die

767 3428 883 3474 op't
911 3425 1230 3472 Jnstantlijk
1258 3426 1489 3472 versouck
1517 3427 1691 3473 vanden
1719 3429 1922 3478 nachoda
1949 3434 2096 3485 weder
2122 3441 2383 3495 derwaerts
2410 3451 2583 3501 compt)
2612 3456 2699 3502 aen
2726 3455 2814 3502 tie

766 3534 822 3581 t'
847 3528 1120 3578 Jntregeren
1147 3526 1501 3573 overhandicht,
1528 3528 1664 3575 ditto
1691 3530 1882 3577 Nachoda
1908 3533 2072 3583 hebben
2098 3539 2181 3586 wij
2207 3542 2317 3590 hier
2343 3546 2534 3595 volgens
2560 3551 2616 3598 ue
2641 3554 2861 3606 versoucq

762 3633 977 3688 (gelijck
1002 3629 1083 3677 bij
1107 3627 1162 3673 ue
1187 3625 1558 3672 verscheijnende
1584 3625 1690 3671 oock
1716 3626 1876 3674 anders
1900 3630 2008 3680 niet
2032 3636 2192 3686 seggen
2217 3642 2324 3690 sal)
2349 3646 2587 3698 behulpich
2613 3653 2824 3704 geweest,
2851 3658 2878 3704 —

763 3734 873 3783 ende
900 3730 982 3778 ten
1007 3725 1225 3774 respecte
1252 3724 1333 3770 dat
1360 3723 1441 3768 een
1467 3720 1605 3768 goede
1631 3721 1795 3769 vracht
1820 3725 1957 3774 soude
1982 3730 2227 3784 bedingen,
2253 3741 2336 3788 als
2361 3744 2497 3793 vande
2524 3748 2824 3802 portugeesen

760 3824 966 3876 bevrijt
993 3822 1053 3868 te
1081 3820 1199 3867 zijn
1227 3818 1433 3865 (zijnde
1462 3818 1551 3864 Jnt
1579 3819 1901 3868 herrewaerts
1929 3823 2077 3874 comen
2105 3830 2193 3879 van
2222 3834 2311 3882 ons
2338 3838 2573 3889 bevracht
2601 3845 2690 3892 dat
2718 3847 2777 3893 nu
2806 3847 2925 3894 mede

765 3928 823 3974 op
848 3916 1052 3971 d'selve
1080 3914 1195 3960 naem
1223 3915 1366 3961 gaet)
1395 3915 1624 3962 geseijde
1653 3917 1912 3966 adsistent
1939 3922 2056 3972 mede
2082 3928 2313 3984 gegeven,
2339 3939 2513 3988 sonder
2541 3944 2743 3992 d'selve
2770 3947 2890 3996 ofte

758 4017 936 4066 eenige
964 4013 1321 4062 Nederlanders
1350 4012 1470 4058 mede
1498 4015 1706 4065 gaende,
1735 4021 1973 4072 g'eenige
2002 4028 2240 4082 Cooplijk
2268 4038 2446 4090 eenigh
2475 4045 2595 4094 goet
2623 4049 2683 4094 op
2712 4050 2891 4099 vracht

760 4116 873 4163 daer
900 4113 957 4160 In
984 4109 1126 4157 soude
1154 4109 1324 4155 hebben
1351 4109 1522 4155 willen
1548 4111 1803 4164 scheepen,
1830 4120 1887 4166 en
1914 4121 1972 4168 om
1999 4124 2113 4173 haer
2139 4129 2338 4183 meerder
2365 4139 2423 4187 t'
2449 4143 2703 4195 animeeren
2730 4151 2762 4198 (
2783 4153 2928 4200 ditto

762 4210 847 4255 een
875 4208 1016 4255 goede
1044 4208 1214 4254 vracht
1242 4209 1385 4256 soude
1411 4212 1638 4261 becomen)
1665 4216 1835 4264 hebben
1863 4219 1949 4266 wij
1976 4221 2033 4267 de
2061 4223 2289 4277 goederen
2314 4234 2401 4283 bij
2427 4240 2599 4293 wijlen
2625 4250 2712 4299 p=r
2738 4256 2908 4306 fonme,
