3724 4773
1280 1019 1406 1065 den
1448 1012 1786 1064 Stierman
1827 1005 2122 1058 dieheyt

1282 1138 1419 1187 het
1464 1136 1647 1182 loot
1691 1131 1873 1179 twee
1914 1124 2102 1176 mael

1294 1245 1475 1296 inde
1517 1232 1789 1288 eerste
1832 1225 2059 1275 wacht

1297 1338 1580 1398 gesmeten
1614 1334 1685 1381 is
1717 1329 1861 1379 ende
1894 1324 2036 1372 vant
2071 1320 2281 1369 verder
2316 1313 2667 1365 gevraeghde
2701 1308 2842 1357 niet
2877 1304 2947 1351 te
2982 1299 3160 1348 weten

2313 1660 2431 1717 Off
2468 1651 2621 1702 naer
2657 1646 2773 1694 dat
2809 1637 2963 1689 vast
3000 1620 3425 1681 geraackten.

1273 1703 1640 1749 respnderen
1675 1704 1785 1751 hij
1821 1691 2151 1748 geryckel.

2344 1796 2437 1850 op
2477 1786 2613 1837 het
2654 1770 2877 1828 weder
2919 1761 3054 1813 wet
3095 1750 3363 1803 crygen

1277 1838 1406 1886 dat
1447 1830 1745 1881 alsdoen
1787 1825 1915 1874 het
1952 1815 2171 1868 jucht

2289 1931 2487 1986 vant
2527 1913 2782 1974 Jucht
2829 1894 3076 1955 goede
3121 1867 3371 1934 ordre

1281 1945 1494 1997 stiot
1535 1939 1750 1989 goede
1791 1929 2006 1984 Ordre
2049 1927 2224 1980 dien

2270 2050 2560 2105 gestelt
2600 2042 2724 2092 zy,
2764 2033 2931 2086 ende
2968 2024 3095 2075 wat
3131 1997 3465 2068 middelen

1275 2054 1488 2106 nacht
1528 2045 1825 2098 gestelt
1866 2042 2036 2091 hij,
2075 2038 2246 2086 ende

2257 2189 2444 2239 daer
2484 2180 2631 2234 toe
2676 2168 2817 2222 syn
2859 2136 3284 2209 aengewent

1286 2184 1583 2236 datelik
1624 2174 1879 2228 achter
1920 2170 2006 2217 wt
2047 2167 2177 2216 een

1266 2301 1472 2348 werp
1522 2294 1832 2347 ancker
1883 2284 2193 2337 huwers

1277 2397 1533 2448 achter
1574 2393 1660 2441 wt
1702 2391 2044 2439 gebracht
2086 2387 2256 2437 ende

1291 2499 1522 2548 alsdoen
1554 2498 1652 2545 tot
1684 2496 1945 2543 sochtens
1978 2494 2141 2541 alsoo
2173 2493 2272 2540 het
2302 2487 2467 2538 secht
2497 2481 2630 2531 door
2661 2476 2761 2524 het
2790 2468 3021 2519 laechen
3052 2460 3216 2512 water
3247 2457 3451 2505 bevoel

1294 2627 1667 2681 getardeert
1702 2626 1815 2673 soo
1851 2624 1963 2670 dat
1999 2623 2075 2669 sy
2110 2620 2334 2669 eyntel
2370 2613 2668 2664 sochters
2703 2603 2817 2655 ten
2853 2594 3039 2645 negen
3075 2589 3261 2639 uyren
3297 2585 3416 2633 met

1293 2763 1420 2812 het
1459 2750 1713 2808 wussen
1753 2742 1922 2792 vant
1962 2737 2172 2785 water
2213 2736 2340 2782 het
2376 2728 2591 2781 sware
2632 2723 2800 2772 touw
2841 2720 2926 2767 in
2962 2701 3387 2763 constabels

1304 2874 1518 2931 Camer
1560 2869 1688 2918 een
1730 2853 2114 2912 backboort
2154 2843 2326 2896 opde
2368 2835 2539 2886 wint
2579 2828 2880 2879 veringh
2921 2816 3177 2870 achter
3219 2812 3348 2861 uyt

1297 3020 1388 3071 op
1431 3015 1608 3065 drye
1651 3008 1828 3057 ende
1870 3002 2003 3051 een
2046 2993 2267 3046 hulff
2309 2985 2486 3037 vaen
2528 2972 2794 3029 twelck
2837 2967 2970 3016 den
3013 2955 3365 3010 Stierman

1315 3159 1758 3218 quartiermr
1800 3157 1846 3204 ,
1888 3135 2462 3198 hoochbootsman
2504 3128 2681 3179 ende
2724 3120 2946 3173 Claes
2987 3110 3388 3163 roeloffsz

1311 3275 1700 3335 boorsgesol
1739 3263 2089 3318 verclaren
2127 3255 2360 3306 sulcke
2397 3244 2632 3299 diepte
2668 3232 2982 3288 bevonden
3018 3226 3098 3275 te
3134 3216 3370 3270 hebben

1324 3396 1639 3453 gebracht
1676 3387 1835 3440 ende
1873 3381 1993 3430 het
2031 3374 2229 3425 eyndt
2266 3365 2425 3417 vant
2464 3359 2661 3409 selve
2699 3350 2858 3402 touw
2895 3348 2975 3395 in
3015 3341 3412 3393 corstabels

1315 3521 1529 3578 Camer
1569 3512 1739 3564 inde
1780 3504 1990 3555 Poort
2031 3495 2327 3549 genomen
2367 3486 2537 3538 ende
2578 3481 2747 3529 oyde
2788 3473 2957 3525 Spil
2998 3470 3251 3517 geleyt
3292 3470 3392 3521 an

1318 3630 1528 3683 daer
1577 3623 1787 3673 mede
1837 3620 1994 3668 het
2043 3613 2305 3665 jecht
2349 3598 2772 3658 achterwt
2821 3584 3083 3640 vande
3134 3579 3395 3629 Gront

1320 3762 1427 3814 te
1478 3759 1794 3807 winden
1845 3760 2056 3807 waer
2107 3755 2318 3807 mede
2345 3733 2788 3795 bevonden
2839 3724 3050 3777 niet
3102 3721 3208 3768 te
3255 3714 3469 3763 avan

1317 3905 1566 3962 ceren
1612 3898 1962 3949 vermits
1997 3887 2159 3943 het
2208 3879 2456 3931 water
2505 3873 2704 3922 noch
2752 3866 2852 3916 te
2901 3860 3150 3911 laech
3198 3854 3350 3902 was

1324 4029 1535 4091 ende
1585 4022 1741 4074 syn
1790 4016 2049 4064 volle
2098 4009 2512 4060 wassingh
2564 4007 2770 4054 niet
2817 3999 3130 4056 ehadde
3180 3995 3395 4043 waer

1336 4157 1433 4207 op
1478 4155 1858 4204 Schipper
1905 4151 2190 4203 gemelt
2236 4145 2379 4195 het
2425 4131 3089 4189 bovenverhaelde
3130 4119 3419 4172 groote

2888 1489 3018 1545 10

2312 967 2646 1022 geworpen
2685 959 2812 1012 Ey,
2852 951 3019 1002 ende
3060 947 3185 995 hoe
3226 943 3396 991 veel

2327 1112 2538 1166 mael
2587 1103 2745 1153 wel
2796 1094 2953 1146 yen
3002 1086 3217 1139 gles

2228 507 2333 555 Camn
2357 503 2542 551 Millima
2568 502 2699 548 dasoz
2726 503 2804 548 den
2830 503 2910 550 Cr.
2935 505 3171 553 directeur
3196 508 3328 557 Arent
