3567 4801
2719 489 2921 575 956

596 521 821 574 meye
869 511 1098 567 1646

887 698 1088 755 sijnde,
1114 695 1173 742 so
1199 692 1314 740 door
1341 689 1427 736 die
1454 686 1540 734 van
1567 679 1795 730 gemelten
1822 675 1936 723 Haen
1963 673 2021 720 op
2049 673 2162 720 onse
2189 673 2303 719 voor
2331 668 2615 717 afgesonden
2642 665 2786 712 ordre

908 796 1001 847 Jnt
1028 780 1330 838 herwaerdts
1359 775 1511 824 Comen
1539 771 1631 819 Van
1659 766 1841 815 Carcal
1869 763 2261 811 aengeslaegen,
2291 765 2502 811 daermet
2532 761 2712 810 become
2741 755 2953 805 missive

896 885 1032 937 vande
1057 882 1112 928 E.
1138 874 1299 926 Heeren
1325 871 1433 918 Joan
1459 864 1781 916 maetsuijcker
1807 861 1914 908 ende
1941 859 2048 906 Joan
2075 859 2289 904 Thijssen
2316 858 2423 904 ider
2449 856 2504 902 In
2529 852 2825 903 particulier

892 975 1168 1035 raeckende
1197 970 1290 1019 den
1317 961 1594 1014 toestandt
1624 954 1930 1005 derwaerdts
1960 952 2021 997 In
2051 951 2174 998 dato
2203 952 2325 999 p:mo
2355 950 2478 997 mago
2505 947 2599 995 aen
2629 935 2935 991 gouverneur

904 1084 1084 1142 Arnoed
1111 1072 1319 1127 Heussen
1347 1063 1672 1116 geschreven,
1699 1057 1877 1106 Nevens
1905 1053 2024 1101 meer
2052 1050 2230 1097 andere
2257 1042 2553 1094 pompieren,
2582 1040 2641 1086 en
2668 1028 2996 1085 doccumenten

906 1199 994 1247 van
1021 1186 1310 1242 diveersche
1337 1180 1511 1230 rlovos
1539 1168 1857 1224 namentlijck
1884 1164 2000 1212 uijt
2028 1157 2259 1209 Ehuropa,
2287 1154 2490 1202 Brasie,
2518 1151 2720 1198 Partia,
2747 1145 2807 1194 en

902 1304 1175 1358 Wingurla,
1205 1299 1297 1348 soo
1326 1291 1539 1343 becomen
1569 1286 1691 1336 mede
1721 1277 1934 1330 missive
1962 1270 2146 1322 vanden
2175 1261 2510 1314 Opverwopman
2539 1259 2601 1305 s.
2631 1258 2662 1303 r
2690 1250 2920 1301 Adriaen

875 1421 1064 1479 vander
1092 1411 1281 1464 meijde
1310 1405 1436 1455 uijt
1466 1397 1746 1449 Caylpatam
1775 1389 1963 1441 Nevens
1993 1386 2087 1432 een
2117 1373 2521 1430 Cargasoentgen
2550 1368 2645 1417 van
2674 1364 2800 1411 daer
2831 1363 2955 1410 over

908 1534 965 1583 S.
992 1536 1021 1582 t
1048 1528 1161 1580 Crus
1187 1525 1245 1572 d'
1272 1517 1413 1568 Gaele
1440 1510 1694 1561 bestaende
1721 1508 1778 1554 In
1804 1504 1862 1552 40
1888 1496 2058 1548 packen
2085 1485 2366 1540 diveersche
2392 1475 2674 1529 sorteringe
2700 1472 2786 1519 van
2812 1464 2982 1516 Cleden

904 1648 1064 1716 1500:
1092 1637 1187 1691 stx
1215 1618 1527 1678 hochdvelen
1556 1613 1650 1662 500
1680 1607 1774 1656 stx
1802 1599 2022 1650 goenijs
2051 1600 2114 1646 en
2144 1593 2300 1644 1322.
2329 1589 2393 1636 lb
2422 1583 2578 1632 stael
2608 1577 2795 1627 tsamen
2824 1573 2922 1622 ten

902 1743 1154 1811 Monture
1188 1737 1294 1786 van
1327 1730 1576 1782 12777
1607 1721 1717 1776 10
1749 1713 1893 1764 Item
1925 1707 2068 1756 uijt
2103 1701 2315 1751 Carcal
2348 1690 2561 1744 vanden
2595 1683 2843 1733 Coopman

920 1868 975 1914 s.
998 1865 1029 1911 r
1053 1852 1272 1908 Crackouw
1299 1849 1354 1896 39
1379 1838 1571 1892 packken
1595 1824 1869 1881 gebleeckte
1895 1819 2031 1868 rouwe
2057 1816 2167 1863 alls
2193 1812 2357 1861 andere
2383 1804 2655 1857 lijuwaeten
2681 1800 2764 1848 118
2787 1791 2953 1844 packen

927 1971 1086 2024 Indigo
1108 1963 1218 2013 ende
1242 1959 1323 2008 374
1348 1953 1429 2003 sbx
1454 1946 1614 1997 slaven
1638 1939 1746 1989 ende
1771 1929 2010 1983 slapinnen
2036 1925 2248 1973 Costende
2273 1921 2618 1971 gesamentlijck
2697 1911 2856 1962 12115
2879 1904 2962 1956 13
2983 1895 3041 1947 12

922 2087 1013 2139 bij
1040 2074 1217 2128 welcke
1246 2065 1540 2118 voorarenge
1568 2059 1716 2109 togen
1744 2049 1980 2103 missiven
2008 2045 2127 2093 ende
2155 2037 2362 2089 Verdere
2389 2024 2684 2080 documenten
2712 2015 2860 2067 vanse
2889 2015 2952 2064 E.

924 2202 982 2248 H.
1009 2200 1039 2246 r
1063 2190 1180 2242 Ioan
1208 2176 1549 2234 maetsuijcker
1577 2175 1633 2221 E.
1662 2171 1804 2221 werdt
1831 2163 1974 2215 onder
2001 2153 2201 2207 anderen
2227 2150 2314 2198 ons
2340 2147 2399 2195 d'
2425 2129 2768 2190 Naervolgende
2795 2118 2938 2172 Novos

926 2297 1155 2358 bekendt
1186 2287 1480 2342 gemaeckt,
1512 2276 1871 2332 eerstelijck
1901 2270 2098 2320 hoedat
2128 2266 2196 2314 om
2227 2255 2456 2310 seecker
2486 2241 2815 2300 misverstam

923 2425 988 2477 by
1012 2417 1106 2466 den
1134 2404 1434 2461 gouverneur
1462 2400 1583 2448 Joan
1613 2400 1673 2445 'S
1700 2394 1882 2445 Hissen
1911 2390 1972 2438 op
2001 2387 2061 2433 't
2090 2376 2330 2430 eyjlandt
2358 2366 2569 2420 Ceijlon
2596 2356 2778 2410 begaen
2805 2353 2869 2401 In

924 2524 1232 2583 publiceren
1259 2520 1323 2567 en
1353 2513 1568 2564 aengaen
1598 2509 1691 2557 van
1719 2496 2027 2552 openbaeren
2057 2489 2302 2541 oorhoogh
2330 2480 2517 2534 Iegens
2544 2475 2639 2525 den
2668 2471 2918 2522 Coninck.

910 2645 1001 2693 van
1031 2638 1211 2689 Candia
1240 2634 1331 2682 met
1359 2630 1480 2678 wien
1510 2628 1570 2674 in
1599 2619 1870 2672 Alliantie
1898 2614 1960 2662 en
1989 2602 2230 2657 verbondt
2258 2593 2469 2646 waeren,
2497 2589 2559 2636 d'
2587 2579 2769 2633 Heeren
2796 2574 2950 2622 raden

920 2757 1001 2804 van
1027 2752 1162 2802 India
1187 2747 1350 2796 nodigh
1375 2736 1645 2792 g'oordeelt
1670 2727 1833 2780 hebben
1858 2724 1940 2770 den
1966 2720 2128 2768 selven
2153 2715 2263 2764 uijt
2288 2707 2397 2758 sijn
2421 2690 2746 2751 gouvernement

935 2874 996 2923 op
1022 2853 1377 2917 t'ontbieden,
1405 2847 1524 2897 ende
1553 2845 1641 2890 den
1668 2835 1876 2888 Coninck
1904 2827 2052 2880 voors
2079 2817 2316 2871 daermede
2343 2813 2404 2861 te
2430 2798 2697 2855 betuijgen
2725 2793 2844 2842 wijt
2871 2789 2990 2836 daer

918 2990 1034 3043 last
1058 2977 1176 3032 ofte
1202 2964 1348 3020 ordre
1374 2948 1634 3008 toehebben
1660 2938 1891 2992 gegeven,
1918 2934 2006 2982 met
2034 2924 2264 2977 versoeck
2291 2915 2521 2968 d'soecke
2548 2900 2951 2959 daervoorhouden

934 3097 1048 3152 ende
1071 3091 1157 3140 met
1182 3088 1239 3135 d'
1262 3073 1512 3130 Compagnie
1538 3070 1594 3116 in
1619 3060 1785 3114 Vorige
1809 3053 1949 3104 Vrede
1975 3048 2086 3096 ende
2109 3038 2359 3092 alliantie
2384 3020 2687 3081 Continueren
2710 3010 2878 3063 weil

942 3211 1001 3261 om
1027 3201 1169 3254 welcq
1194 3196 1253 3244 te
1279 3181 1561 3240 verrichten
1587 3177 1673 3225 dan
1698 3166 1925 3221 gemeeten
1950 3161 2009 3210 C.
2035 3157 2093 3205 H.
2118 3154 2148 3200 r
2176 3149 2289 3199 Joan
2316 3130 2652 3191 maetsuijcker
2679 3127 2736 3174 op
2762 3123 2820 3171 26
2846 3117 2989 3167 april

941 3324 1035 3375 met
1063 3320 1126 3368 't
1152 3310 1306 3363 schip
1335 3305 1397 3353 d'
1424 3288 1698 3348 salmander
1726 3280 1849 3331 ende
1877 3276 1940 3324 't
1965 3269 2121 3320 Jacht
2150 3267 2211 3313 't
2240 3265 2332 3311 sad
2361 3260 2453 3310 van
2481 3255 2573 3303 Dem
2603 3235 2875 3299 voorGaele

945 3421 1277 3487 g'arriveert
1303 3411 1427 3464 was,

947 3581 1031 3636 d'
1069 3556 1502 3622 voornaemste
1534 3543 1738 3599 reden
1776 3526 2092 3585 Waeromme
2130 3524 2211 3570 d'
2249 3520 2368 3570 roa
2406 3517 2486 3564 en
2523 3509 2643 3560 van
2681 3502 2880 3553 India

948 3692 1072 3746 dese
1099 3676 1433 3735 procermatie
1462 3673 1554 3720 van
1582 3663 1825 3717 oorlooch
1853 3653 2036 3707 Jegens
2064 3648 2156 3696 den
2185 3642 2397 3692 Coninck
2427 3641 2518 3687 van
2548 3629 2762 3686 Candiar

944 3818 1033 3873 van
1058 3812 1143 3860 soo
1169 3805 1337 3856 groten
1363 3790 1698 3848 consequentie
1722 3778 1891 3833 houden
1916 3774 1974 3822 de
2000 3770 2057 3817 om
2083 3766 2168 3814 dan
2193 3756 2390 3809 vreesen
2416 3754 2528 3800 sijn
2554 3750 2612 3799 d'
2635 3736 2805 3791 Heeren

955 3935 1248 4000 Respective
1272 3915 1627 3978 souvereijnen
1654 3912 1715 3959 in
1742 3906 1919 3956 europa
1945 3893 2211 3949 belangend
2237 3887 2298 3935 Ed
2326 3885 2357 3931 e
2384 3873 2678 3929 geschillen
2704 3867 2829 3916 Hier

938 4054 1143 4117 telande
1169 4039 1402 4097 tusschen
1428 4033 1517 4083 ons
1543 4028 1603 4076 en
1631 4024 1690 4072 d'
1717 4010 2093 4067 portugeessche
2121 4004 2266 4054 natie
2293 3997 2497 4048 geresen
2524 3992 2641 4041 weel
2669 3985 2872 4037 mochten

947 4157 1101 4211 comen
1130 4153 1192 4201 te
1220 4139 1524 4197 verdraegen
1551 4125 1855 4183 restitutie
1886 4121 2037 4170 vande
2067 4112 2339 4166 fortresse
2368 4102 2580 4155 regombo
2607 4097 2671 4146 te
2701 4096 2822 4142 doen

940 4249 1230 4309 gelyckhede
1257 4244 1344 4292 byj
1373 4226 1746 4289 pehoorsilever
1772 4223 1946 4269 bresse
1973 4213 2207 4267 geworden

0 696 162 743 00

11 778 212 832 geden

112 1965 182 2013 o0

86 2788 168 2835 doehn
181 2784 254 2832 seer

0 3008 104 3054 ne
