3567 4801
2779 503 2934 573 940

938 656 1045 704 niet
1072 656 1314 703 geschiedt
1340 659 1447 705 was,
1474 659 1581 705 ende
1608 658 1742 704 sulcx
1767 656 1822 702 d'
1847 653 1983 701 mags.
2009 653 2038 699 t
2062 655 2224 703 selver
2250 658 2464 705 oorsaeck
2491 660 2572 707 van
2598 662 2652 708 't
2678 662 2871 712 verlies

934 764 991 811 nu
1016 758 1266 807 aengesien
1293 758 1350 805 d'
1376 760 1514 806 mags.
1540 760 1570 806 t
1596 755 1983 803 gesamentlijcke
2011 756 2204 804 vrunsen
2231 760 2397 808 waeren
2424 763 2507 809 soo
2535 763 2673 809 soude
2700 763 2923 811 (wanneer

936 868 1026 919 met
1052 864 1141 911 den
1169 859 1517 908 visiapourder
1545 859 1719 905 vreede
1747 858 1835 904 was
1863 856 2153 904 getroffen)
2180 855 2268 900 die
2296 855 2499 902 plaetse
2527 856 2615 902 wel
2643 856 2861 905 wederom

929 965 1288 1023 restitueren,
1316 962 1377 1008 op
1406 959 1497 1006 dit
1526 957 1676 1003 aller
1704 953 2005 1002 andtwoorde
2035 953 2125 999 den
2154 955 2364 1002 Coninck
2392 954 2484 1002 dat
2513 951 2842 1000 Betrouwende
2871 951 3023 999 opden

926 1079 1080 1132 vrede
1109 1073 1203 1123 die
1232 1068 1448 1117 plaetse
1477 1060 1784 1112 onvoorsien
1814 1058 1969 1104 hadde
1997 1057 2243 1106 gelaten,
2274 1056 2397 1104 ende
2427 1056 2520 1102 pro
2550 1056 2703 1103 forma
2734 1052 2948 1101 Chittij
2974 1047 3010 1096 —

939 1187 1059 1242 daer
1087 1182 1206 1231 maer
1234 1178 1323 1226 tot
1351 1172 1587 1222 gouverno
1615 1166 1851 1217 gesteldt
1879 1164 2056 1212 hadden
2085 1163 2261 1210 Indien
2289 1162 2495 1209 geweten
2525 1161 2701 1208 sijnen
2728 1156 2935 1204 Coninck

939 1300 1109 1356 sulcke
1134 1284 1445 1343 bednegerije
1473 1282 1614 1329 inden
1640 1278 1726 1326 sin
1754 1274 1895 1321 hadde
1922 1271 2064 1318 soude
2091 1268 2232 1315 beter
2259 1268 2316 1314 op
2344 1268 2457 1313 sijn
2485 1267 2625 1314 hoede
2652 1268 2850 1315 geweest
2878 1270 3025 1325 sijn,

949 1417 1008 1465 nu
1034 1411 1093 1460 't
1120 1405 1206 1453 was
1232 1393 1516 1449 geschiedt,
1543 1389 1658 1437 ende
1684 1382 1884 1433 voorbij
1910 1379 2025 1427 daer
2053 1378 2139 1424 was
2165 1376 2308 1424 miets
2335 1375 2534 1422 d'hulpe
2562 1376 2647 1422 van
2673 1373 2817 1420 synen
2844 1367 2931 1417 god

927 1521 1220 1592 wenckatyj
1249 1515 1316 1564 is
1347 1511 1477 1560 fara
1507 1507 1574 1555 en
1605 1496 1830 1550 Tripety
1862 1493 1991 1540 hoop
2022 1491 2119 1537 die
2150 1488 2344 1536 plaets
2376 1488 2537 1534 weder
2568 1488 2633 1533 in
2665 1487 2730 1533 te
2761 1485 2922 1532 nemen
2954 1481 3020 1532 —/

941 1640 1160 1703 hiernaer
1186 1633 1322 1684 heeft
1347 1630 1403 1677 d'
1427 1623 1564 1673 mags.
1591 1623 1619 1668 t
1645 1619 1861 1669 Thimanna
1888 1613 2266 1664 uijtgescholden
2293 1610 2455 1658 seggen
2480 1606 2563 1654 een
2588 1599 2832 1650 bedricher
2858 1598 2942 1645 ene

941 1765 1110 1817 schelm
1136 1759 1222 1808 was
1248 1754 1334 1803 Iae
1360 1746 1586 1798 oorsaeck
1611 1741 1698 1791 van
1725 1740 1782 1787 't
1809 1738 2006 1784 verlies
2033 1735 2118 1782 Van
2145 1734 2229 1779 een
2256 1728 2482 1779 gedeelte
2509 1726 2594 1773 van
2621 1721 2790 1770 sijnen
2817 1712 2986 1765 staedt

951 1889 1039 1941 hij
1063 1871 1295 1930 begeerde
1321 1866 1410 1915 hem
1436 1861 1553 1910 niet
1579 1854 1696 1904 meer
1723 1850 1925 1898 tesien,
1953 1848 2068 1894 waer
2096 1847 2182 1893 hij
2211 1847 2326 1892 oocq
2354 1843 2469 1891 was,
2497 1839 2641 1887 soude
2667 1834 2755 1884 hem
2782 1826 2899 1878 niet

959 2004 1045 2056 met
1070 1990 1239 2046 vreden
1265 1982 1433 2034 laten,
1458 1976 1544 2025 men
1570 1969 1766 2020 moesten
1791 1965 1849 2012 nu
1876 1963 1932 2010 in
1959 1963 2071 2009 syne
2099 1960 2350 2009 huijsingh
2374 1956 2516 2006 gaen,
2542 1950 2655 2000 ende
2680 1942 2821 1995 alles
2847 1937 2960 1985 daer

952 2116 1075 2169 uijt
1103 2103 1289 2159 haelen
1318 2099 1380 2146 en
1408 2096 1471 2144 Im
1500 2091 1594 2140 Hof
1623 2082 1868 2133 Brengen,
1897 2076 2112 2126 gelijck
2141 2073 2325 2120 gedaen
2353 2067 2447 2117 Is,
2474 2055 2722 2111 hebbende
2750 2049 2996 2099 gevonden
3026 2048 3057 2094 —

947 2235 977 2281 2
1003 2222 1182 2280 kisten
1209 2211 1387 2265 daerin
1413 2201 1592 2255 Muscus
1620 2198 1738 2245 ende
1767 2195 2001 2243 saffraen
2030 2186 2382 2239 d'portugael,
2409 2182 2470 2229 In
2497 2178 2587 2226 een
2616 2175 2763 2223 ander
2789 2162 2911 2217 kist

953 2350 1017 2400 80
1043 2336 1168 2392 syde
1194 2324 1409 2379 Cleden,
1438 2319 1560 2368 noch
1590 2316 1682 2364 120
1711 2309 1862 2359 sijde
1893 2305 2074 2354 rollen
2104 2298 2377 2349 damasten,
2405 2291 2649 2341 satijnen
2674 2288 2710 2337 @
2737 2284 2770 2331 3
2798 2278 2951 2327 bhaer

949 2453 1152 2514 solpher
1177 2449 1209 2496 4
1235 2441 1352 2492 boij
1379 2432 1610 2485 ragelen,
1639 2431 1668 2477 1
1693 2425 1754 2473 d.
1781 2423 1812 2469 o
1837 2415 2012 2466 noten.
2038 2412 2069 2459 2
2096 2409 2184 2456 man
2210 2399 2471 2453 elpenbeen
2498 2396 2557 2443 10
2584 2386 2844 2440 Namboesen
2871 2384 2961 2431 met

928 2555 1235 2624 Bornesche
1268 2541 1506 2599 Campher
1537 2538 1574 2585 1
1604 2525 1776 2580 bhaer
1805 2516 2013 2569 handel
2045 2512 2149 2561 220
2181 2510 2284 2558 r=a
2317 2504 2555 2554 Contant
2588 2501 2657 2548 10
2690 2491 2962 2545 spiegels
2995 2492 3030 2538 —

951 2676 1011 2722 10
1037 2658 1308 2719 patcherij
1335 2645 1545 2701 moseris
1574 2644 1605 2689 2
1632 2634 1842 2687 paerden
1870 2630 1991 2679 ende
2019 2624 2199 2675 andere
2227 2616 2437 2668 saecken
2466 2612 2556 2659 van
2583 2601 2974 2655 geringevaleur

946 2788 1006 2837 d'
1030 2774 1176 2829 magjs
1202 2766 1345 2817 heeft
1370 2763 1402 2810 d
1427 2753 1543 2806 daer
1569 2740 1798 2797 gebleven
1824 2734 2024 2784 vrouwen
2052 2733 2166 2779 doen
2194 2729 2506 2778 examineren,
2533 2725 2619 2773 die
2647 2721 2817 2770 seggen
2846 2719 2960 2766 maer

950 2883 1131 2942 slaven
1158 2878 1220 2927 te
1247 2866 1427 2921 wesen,
1453 2857 1575 2909 ende
1604 2854 1693 2901 dat
1721 2848 2020 2899 Chunrnadie
2048 2844 2198 2893 Vrouw
2226 2842 2287 2889 en
2316 2840 2405 2885 die
2434 2837 2613 2884 lietst
2642 2832 2821 2882 heeft,
2848 2823 2975 2875 voor

942 2995 1059 3053 sijn
1083 2978 1339 3038 vertreckt
1365 2973 1451 3022 met
1478 2967 1592 3017 haer
1618 2958 1844 3011 Juweelen
1872 2956 1929 3003 al
1956 2954 2097 3000 weghn
2125 2952 2350 2999 gesouden
2377 2948 2519 2996 hadde
2546 2945 2659 2992 ende
2686 2942 2771 2989 dat
2799 2939 2912 2987 daer

956 3101 1096 3153 niets
1121 3098 1179 3146 en
1206 3095 1318 3142 was,
1344 3090 1429 3138 den
1455 3080 1650 3134 Coninck
1674 3073 1926 3125 Wasseert'
1953 3067 2204 3117 onvreden,
2231 3066 2314 3111 dat
2339 3060 2563 3109 meenende
2590 3056 2785 3104 Chittys
2811 3053 3006 3101 vrouwen

957 3220 1036 3266 't'
1061 3211 1221 3264 hebben
1244 3205 1352 3255 maer
1377 3194 1615 3249 slavinnen
1640 3189 1773 3238 vondt
1798 3185 1931 3233 heeft
1956 3181 2116 3229 echter
2140 3178 2221 3225 die
2246 3176 2379 3222 alles
2403 3171 2510 3220 doen
2536 3164 2747 3215 bewaeren

963 3327 1077 3377 ende
1103 3310 1442 3370 verseeckeren
1469 3304 1667 3354 bestaen
1693 3301 1751 3348 In
1778 3299 1835 3346 11
1862 3293 2060 3343 vrouwen
2088 3292 2173 3337 Van
2198 3285 2397 3335 Chittij
2424 3283 2482 3330 en
2508 3281 2538 3327 5
2566 3279 2650 3325 van
2677 3270 2903 3324 Connerij
2931 3270 2960 3316 —

952 3430 1155 3488 nopende
1181 3423 1298 3473 sijn
1325 3414 1498 3467 andere
1527 3406 1756 3458 goederen
1783 3400 1957 3450 seijde
1985 3398 2043 3444 d'
2071 3393 2216 3443 Mags.
2243 3395 2272 3440 s
2301 3389 2444 3440 Hebbe
2472 3380 2788 3433 erammeraije
2813 3375 2846 3423 —

960 3544 1092 3599 ordre
1115 3531 1324 3588 gegeven,
1347 3524 1427 3575 die
1450 3517 1530 3568 sal
1553 3508 1684 3560 alles
1708 3505 1812 3552 twel
1837 3499 2122 3550 verrichten,
2147 3495 2251 3544 ende
2275 3493 2354 3540 dit
2379 3485 2663 3538 gepasseerde
2686 3482 2766 3529 den
2791 3476 2998 3526 gouvern.
3016 3471 3051 3521 r

969 3656 1144 3721 Cundt
1175 3640 1315 3699 doen

795 3817 1201 3892 Mareijnepa
1239 3806 1522 3860 wengere
1561 3801 1803 3848 pittij
1840 3787 2325 3843 rammeraijen,
2364 3783 2525 3831 ende
2565 3781 2646 3827 d'
2685 3763 2927 3825 andere

978 3941 1072 3991 amb
1101 3923 1379 3983 assadeurs
1408 3918 1563 3968 waren
1593 3915 1656 3963 in
1685 3910 1902 3959 sinsier
1932 3909 2025 3956 wel
2052 3904 2425 3954 aengelanght,
2455 3901 2578 3948 ende
2606 3891 3042 3946 solemnelijcken

979 4040 1252 4104 ontfangen
1280 4038 1342 4083 In
1371 4030 1612 4082 weijnich
1642 4030 1793 4076 dagen
1821 4024 2004 4073 stondt
2033 4022 2094 4068 d'
2122 4011 2575 4065 onderhandelinge
2604 4009 2665 4055 te
2694 4005 2935 4054 beginnen
2965 4006 2995 4051 —

967 4159 1185 4216 daervan
1212 4155 1277 4201 d'
1307 4146 1463 4198 mais.
1493 4144 1525 4190 t
1556 4139 1743 4189 souden
1772 4137 1898 4184 doen
1928 4133 2115 4182 advijs
2145 4127 2364 4177 hebben,
2394 4124 2457 4171 d'
2486 4119 2643 4168 Mais.
2673 4118 2705 4164 t
2734 4113 2891 4163 heeft
2920 4111 2954 4158 —

114 858 206 907 tocht

188 1292 234 1338 en

192 1383 242 1435 n

162 1491 224 1536 ken

74 1714 217 1761 ueert

0 1935 230 1985 ueren,

143 2956 245 3005 tschap
