3451 5203
890 498 1221 554 reguleren,
1253 509 1352 555 P:r
1385 509 1616 558 eersten
1649 513 1781 559 'tge
1813 514 1946 561 moet
1979 516 2144 562 sien,
2176 517 2276 563 met
2308 518 2638 565 vertrouwen
2669 516 2771 562 soo
2803 517 2935 563 maer
2967 515 3102 562 door

890 633 959 681 d'
992 636 1264 682 generale
1298 637 1637 693 vervoesten
1670 648 1942 696 Oorlogen
1976 650 2112 696 ende
2145 650 2552 698 stroperijen,
2586 652 2688 697 die
2720 651 3030 703 dagelijcx

899 770 1047 822 meer
1082 763 1228 814 ende
1263 760 1409 806 meer
1443 763 1769 812 toenemen,
1805 766 1950 812 ende
1986 768 2276 818 d'landen
2311 774 2528 822 alomme
2564 777 2709 823 mits
2744 779 2855 825 den
2889 781 3145 835 Conincq

907 880 1056 935 Omme
1091 878 1462 929 d'Moorsche
1498 885 1720 933 Legers
1756 885 1868 932 van
1905 885 2238 936 visiapour
2274 891 2349 939 en
2384 895 2718 944 Colconda,
2754 900 2866 948 die
2902 904 3050 950 van—

871 1006 1043 1053 'twee
1077 1001 1283 1050 zijden
1317 1001 1625 1048 grasseren
1660 1002 1797 1048 ende
1831 1002 2209 1053 inbreecken,
2242 1010 2310 1055 te
2344 1010 2722 1065 resisteren,
2754 1020 2824 1066 op
2858 1022 3031 1072 verre
3063 1030 3168 1080 nae

888 1135 1025 1189 niet
1058 1133 1328 1180 bastant,
1359 1133 1496 1179 ende
1528 1134 1597 1180 d'
1629 1135 1832 1183 Neycq.
1862 1137 1898 1184 e
1930 1135 2033 1183 tot
2065 1139 2334 1189 desselfs
2366 1143 2436 1193 as
2468 1149 2770 1196 sistentie
2804 1148 2973 1197 weder

2004 1209 2037 1254 te

897 1261 1119 1311 schynen
1150 1260 1499 1307 Jrresoluyt,
1529 1263 1656 1310 ende
1686 1262 1973 1311 ongenegen
2003 1267 2067 1313 tt
2098 1268 2225 1317 syn)
2256 1272 2320 1318 in
2350 1274 2448 1324 een
2474 1279 2604 1326 seer
2635 1280 2856 1327 soberen
2888 1279 3014 1327 ende

870 1389 1164 1441 desolaten
1196 1387 1360 1434 staet
1392 1389 1523 1436 doen
1555 1391 1882 1440 vervallen,
1914 1395 2045 1441 niet
2077 1397 2405 1449 g'obsteert
2435 1406 2696 1458 wierden,
2729 1413 2861 1462 daer
2892 1418 2990 1465 aen
3022 1420 3124 1472 ten

859 1509 1252 1565 principale
1290 1511 1448 1558 niet
1485 1515 1875 1565 mancqueren
1914 1519 2148 1567 soude,
2187 1522 2344 1570 want
2382 1527 2460 1573 d'
2498 1529 2932 1592 Machinatien

901 1627 1123 1675 vanden
1158 1627 1528 1674 vervremden
1565 1629 1934 1680 chiannanna
1969 1633 2120 1680 (die
2155 1635 2561 1689 d'dreygende
2597 1645 2856 1695 straffe
2892 1651 3019 1699 des

923 1752 1152 1806 Conincx
1184 1750 1607 1800 g'eschapeert,
1639 1748 1770 1795 naer
1802 1747 2030 1796 sinsser
2062 1752 2355 1806 gevlucht,
2386 1761 2517 1808 ende
2548 1762 2647 1809 van
2679 1765 2809 1812 alle
2841 1767 3104 1824 middelen

923 1882 1000 1928 en
1038 1878 1307 1927 aensien
1343 1874 1766 1924 genouchsaem
1803 1873 2339 1926 gedestitueert,
2377 1881 2607 1928 immers
2644 1882 2798 1928 omme
2836 1883 2918 1937 d'
2948 1899 3026 1947 E:

900 2008 1068 2063 Comp.
1097 2004 1133 2050 e
1166 1999 1333 2047 aller
1365 1997 1565 2046 wegen,
1598 1996 1664 2043 t'
1698 1990 2063 2043 Infesteren,
2096 1990 2328 2036 buijten
2362 1991 2663 2038 vermogens
2693 1995 2795 2047 Is)
2823 2001 3192 2059 dienvolgen.

898 2130 1020 2178 Oock
1049 2125 1173 2174 niet
1202 2121 1509 2169 d'onlusten
1539 2122 1662 2169 ende
1691 2124 1845 2170 quade
1874 2125 2271 2175 genegentheden
2302 2130 2394 2175 des
2424 2130 2638 2176 Conincx
2667 2131 2791 2179 (die
2820 2131 3067 2184 eenli.jk

893 2248 1027 2299 door
1059 2245 1292 2295 geseyde
1322 2239 1689 2289 machinatien
1721 2234 1955 2284 gesmeet
1988 2235 2054 2280 en
2087 2235 2486 2284 veroorsaeckt
2518 2239 2784 2288 geweest,
2816 2243 2951 2291 doch
2982 2248 3049 2294 nu

874 2372 1161 2427 Eijntlijk
1192 2370 1288 2417 met
1318 2362 1859 2413 naderschriftelijk
1890 2358 2176 2407 beloften,
2205 2355 2366 2402 vand'
2397 2356 2461 2402 E:
2493 2356 2715 2402 Comp.:e
2746 2357 3065 2407 restitutie

852 2510 955 2564 van
985 2499 1124 2551 alle
1156 2494 1293 2542 hare
1326 2489 1463 2540 ende
1496 2487 1598 2533 der
1632 2481 1836 2532 coopl.
1869 2480 1904 2526 n
1938 2480 2209 2530 gepoffde
2242 2482 2548 2530 goederen,
2581 2483 2718 2529 ofte
2752 2478 3091 2529 andersints

900 2616 1299 2678 Contentement
1331 2614 1399 2660 te
1432 2610 1633 2659 sullen
1664 2612 1832 2659 doen,
1864 2612 2097 2659 besyden
2131 2612 2231 2658 dat
2263 2612 2364 2658 ons
2397 2612 2464 2657 nu
2496 2610 2697 2658 eyntl.
2729 2613 2863 2659 noch
2896 2615 2963 2660 d'
2996 2615 3164 2664 langh

901 2739 1410 2804 g'aspireerde,
1447 2736 1528 2782 en
1566 2738 1645 2784 E:
1683 2736 2035 2783 versochte
2074 2732 2544 2781 preemmentien
2581 2731 2701 2778 van
2737 2731 2856 2778 een
2895 2728 3091 2776 pag=o

899 2892 977 2942 Op
1009 2877 1165 2933 yder
1200 2869 1354 2921 pacq
1391 2865 1656 2914 cleden,
1692 2863 1807 2908 end
1844 2862 2072 2909 behaer
2109 2862 2488 2911 Coopmaszz.
2525 2860 2904 2910 mitsgaders
2941 2863 3018 2910 3:

811 3027 977 3094 Jnde
1012 3013 1217 3068 munte
1254 3006 1456 3056 vand'
1496 3005 1537 3051 E
1576 3001 1817 3049 Comp:e
1856 2999 1977 3045 tot
2017 2998 2418 3046 solagement
2459 2998 2659 3043 vande
2699 2991 3101 3043 successive

849 3140 1371 3213 Gesupporteerde,
1403 3136 1508 3184 &n.
1543 3136 1577 3181 a
1610 3125 1956 3180 ingevoerde
1991 3124 2198 3171 lasten
2232 3123 2370 3169 door
2405 3121 2681 3167 chumanna
2715 3118 2853 3166 uijt
2887 3117 2958 3166 s'
2990 3122 3171 3169 Stats

862 3284 1137 3343 Incomen,
1168 3276 1308 3328 voor
1339 3266 1583 3320 altiyjt
1617 3265 1686 3310 te
1719 3261 1892 3309 mogen
1924 3257 2237 3306 genieten,
2268 3260 2338 3306 v.
2372 3260 2406 3305 r
2439 3258 2647 3305 Expres
2679 3255 2819 3303 Caul
2853 3256 3163 3308 verleent,

904 3418 1050 3468 ende
1083 3403 1449 3461 toegestaen
1484 3391 1703 3448 heeft,
1739 3386 1920 3434 welck
1955 3383 2029 3430 by
2065 3383 2283 3430 vigeur
2320 3383 2429 3429 van
2464 3378 2720 3428 Negotie
2754 3372 2901 3421 niet
2937 3370 3046 3417 min

898 3544 1022 3599 als
1060 3535 1265 3588 1200.
1303 3526 1426 3579 p=a
1466 3520 1790 3577 Jaerlijk
1830 3516 1951 3564 sal
1991 3511 2194 3560 comen
2233 3509 2315 3555 te
2355 3505 2720 3555 bedragen,
2758 3502 3003 3549 sonder
3042 3502 3164 3549 dat

882 3675 1038 3729 daer
1075 3671 1270 3719 Doren
1307 3654 1618 3715 gehouden
1655 3650 1812 3697 sijn
1849 3642 2083 3695 eenige
2121 3640 2509 3687 recognitie
2548 3639 2664 3685 aen
2703 3637 2819 3684 sin
2857 3636 3091 3684 Maij=t

1627 3760 1745 3806 ri

1598 3788 1665 3841 d.
1696 3783 1762 3839 ra
1794 3780 1893 3827 syn
1925 3779 1959 3824 s
1990 3773 2254 3822 voortaen
2286 3770 2582 3819 soodanich
2615 3768 2746 3815 niet
2779 3767 2911 3814 meer
2942 3763 3011 3812 te

899 3815 992 3864 te
1035 3804 1265 3859 doen,
1305 3784 1538 3848 geces

897 3927 1148 3981 duchten
1181 3918 1434 3970 hebben,
1467 3915 1541 3964 In
1577 3910 1756 3959 allen
1791 3904 2078 3955 gevallen
2113 3901 2328 3949 sullen
2363 3900 2472 3947 ons
2507 3900 2615 3948 soo
2650 3898 2831 3946 verre
2865 3903 2937 3949 in
2972 3905 3223 3955 Handel.

894 4050 998 4100 met
1030 4047 1101 4093 d'
1134 4035 1477 4093 portugesen
1510 4030 1648 4078 niet
1679 4025 2059 4073 ingagieren,
2092 4027 2229 4074 Ende
2263 4027 2332 4074 op
2364 4028 2469 4074 hun
2503 4029 2845 4078 aengeboden
2878 4030 3188 4079 discretie

901 4173 1050 4223 (die
1086 4169 1271 4217 sulcx
1307 4168 1344 4213 i
1379 4163 1492 4213 Ed:
1528 4161 1639 4208 wel
1675 4159 1897 4207 seggen
1933 4154 2265 4203 doorgaens
2302 4150 2634 4200 weyjnich,
2670 4150 2746 4199 en
2780 4154 2818 4201 E
2854 4152 3002 4199 niet
3034 4152 3189 4207 als.

909 4307 978 4355 Op
1008 4294 1212 4351 eijgen
1244 4284 1514 4338 voordeel
1547 4280 1748 4330 siende
1781 4278 1848 4324 Is
1879 4277 2184 4324 verlaten,
2215 4276 2318 4324 dat
2349 4273 2485 4319 sich
2518 4269 2652 4317 daer
2685 4269 2820 4315 door
2852 4263 3192 4315 verijcken,

3084 1940 3203 2003 Zwo
