3703 4828
1345 642 1582 691 ondert
1620 646 1894 696 gebiedt
1934 647 2169 696 vanden
2207 644 2639 693 golcondaets
2678 641 3109 690 maijesteijt
3148 642 3305 689 daer
3344 645 3502 700 door

1363 729 1499 775 ten
1544 730 1998 777 principale
2043 731 2542 779 onbecommert
2587 729 2813 777 comen
2859 729 2951 777 t'
2990 726 3358 779 gauderen

1322 817 1518 869 omme
1566 813 1860 861 welcke
1908 813 2007 859 in
2053 809 2397 857 balance
2445 811 2545 858 en
2592 809 3130 859 continuatie
3179 807 3474 856 houden

1342 906 1427 955 d'
1468 905 1551 951 E:
1593 905 1759 951 comp
1799 906 1842 952 e
1882 905 2007 951 ten
2047 898 2380 950 hoogsten
2421 897 2712 943 gelegen
2753 898 2877 944 is)
2919 899 3085 947 voor
3126 903 3416 959 nodich,

1350 994 1521 1042 ende
1562 993 1690 1039 als
1732 993 1860 1039 ter
1902 994 2200 1041 rechter
2242 995 2412 1041 tijt
2454 996 2751 1041 gedaen,
2794 994 3049 1041 sullen
3088 993 3432 1041 gelieven

1353 1081 1919 1128 t'oordeelen,
1965 1083 2107 1129 dat
2153 1082 2296 1130 mij
2340 1085 2530 1131 naer
2577 1086 2815 1133 desen
2859 1090 2954 1136 t'
3000 1087 3377 1134 vernemen

1351 1159 1899 1207 aengenaem
1959 1161 2202 1209 wert

1292 1331 1514 1383 Dorts
1558 1339 1734 1387 naer
1778 1342 2264 1389 heemssedens
2308 1343 2662 1392 vertreck
2705 1347 2795 1393 d'
2838 1349 3192 1396 schaloup
3227 1351 3464 1401 cleen

1350 1427 1651 1478 pipelij
1691 1430 1777 1477 (:
1819 1432 1905 1478 nu
1947 1433 2074 1479 wel
2116 1434 2329 1482 heght
2371 1437 2795 1487 vertimmert
2837 1442 2923 1488 en
2965 1442 3432 1493 verdubbelt)

1358 1512 1496 1561 van
1542 1512 2084 1561 masulipatnam
2129 1515 2401 1566 alhier
2444 1520 2988 1567 wedercomende
3033 1522 3123 1567 te
3168 1522 3488 1575 verschi

1310 1594 1586 1649 wierde
1630 1595 1767 1641 mij
1812 1597 2040 1645 onder
2084 1600 2403 1650 anderen
2447 1606 2947 1653 toegebracht
2992 1604 3446 1653 schrijvens

1346 1682 1573 1735 vande
1617 1678 2066 1726 oppercoopl
2110 1682 2202 1729 at
2244 1687 2380 1734 Hrs
2422 1688 2782 1734 martinus
2826 1688 2917 1734 d'
2961 1684 3230 1732 vroede
3275 1680 3456 1730 ende

1354 1767 1627 1822 thomas
1671 1768 1986 1817 buijck,
2029 1772 2478 1819 mitsgaders
2522 1773 2613 1819 d'
2656 1770 3016 1817 gesloten
3060 1766 3375 1815 negotie

1345 1854 1693 1903 boecken,
1736 1855 1911 1902 ende
1954 1855 2085 1902 des
2127 1854 2432 1906 comptrs
2473 1855 2823 1903 pipelij,
2866 1855 3040 1901 waer
3081 1854 3214 1901 van
3257 1854 3431 1901 uEd:

1357 1940 1443 1988 d'
1483 1941 1743 1989 copien
1785 1940 1871 1986 en
1914 1938 2300 1986 extracten
2341 1938 2514 1985 door
2557 1939 2643 1986 d'
2685 1932 3380 1987 oppercoopluijden

1355 2027 1448 2074 jn
1494 2029 2052 2080 masulipatnam
2094 2032 2330 2081 onder
2376 2030 2562 2077 haer
2607 2028 2980 2074 couverte
3026 2027 3165 2073 p=r
3211 2026 3490 2073 maesla

1375 2120 1907 2175 toegesonden
1953 2133 2195 2180 sijn,
2242 2131 2387 2178 die
2435 2127 2820 2175 daeromme
2864 2121 3306 2172 andermael

1347 2218 1479 2266 bij
1522 2218 1785 2267 desen,
1827 2221 1916 2268 te
1959 2220 2266 2266 voegen,
2309 2214 2790 2267 g'excuseert
2833 2211 3139 2258 werden,
3182 2209 3491 2257 t'seder

1312 2315 1536 2364 Jsmij
1581 2314 1715 2360 van
1759 2314 1939 2360 daer
1982 2316 2206 2363 nader
2249 2313 2697 2366 schrijvens
2737 2307 2875 2357 van
2918 2297 3277 2350 gemelten
3320 2295 3457 2343 s=r

1319 2401 1582 2451 Huijck
1625 2400 1757 2446 tot
1797 2398 2065 2445 advijs
2102 2397 2240 2446 van
2283 2394 2678 2441 desselffs
2721 2391 3160 2440 wedervaren
3204 2388 3292 2436 op
3334 2382 3469 2431 den

1340 2491 1531 2546 wegh
1577 2487 1766 2535 naer
1812 2485 2000 2531 ende
2046 2482 2188 2529 van
2234 2477 2705 2527 rasimahol,
2751 2475 2939 2523 sijn
2981 2469 3461 2520 verrichten

1360 2578 1632 2634 bijden
1676 2568 1994 2621 prince,
2038 2566 2446 2614 tgewenste
2490 2563 2763 2610 succes
2807 2563 2898 2609 op
2940 2561 3124 2610 onse
3168 2551 3486 2605 gedaene

1347 2664 1879 2724 besendinge,
1926 2665 2314 2713 clachten
2362 2663 2459 2709 en
2506 2656 2992 2708 versoecken
3031 2654 3184 2703 aen
3229 2650 3426 2698 sijn

1353 2751 1681 2808 hooght
1727 2751 1868 2797 ter
1914 2747 2195 2798 handen
2241 2742 2616 2791 gestelt,
2662 2743 2943 2791 gaende
2989 2741 3176 2788 daer
3222 2738 3365 2786 bij

1366 2839 1561 2887 oock
1610 2838 2048 2886 translaet
2095 2838 2339 2885 vande
2387 2836 2826 2885 verleende
2873 2842 3361 2892 tirmannen,

1347 2927 1686 2980 memorie
1733 2927 1877 2974 van
1925 2928 2357 2978 diversche
2404 2934 2931 2981 rariteijten
2979 2936 3075 2982 en
3123 2933 3421 2981 andere

1332 3019 1692 3081 goederen,
1730 3020 1966 3069 welcke
2005 3024 2124 3072 bij
2162 3028 2321 3076 sijn
2359 3033 2752 3079 hoogheijt,
2790 3031 2948 3078 ende
2986 3027 3105 3074 den
3143 3018 3462 3071 oversten

1356 3118 1953 3170 miersjasiulcarn
1991 3118 2193 3167 (:die
2229 3123 2390 3169 door
2429 3123 2629 3172 gaens
2668 3128 2788 3175 een
2826 3129 3027 3175 groot
3066 3127 3425 3176 favorijt,

1357 3203 1934 3259 intercesseur,
1978 3202 2156 3248 ende
2200 3202 2688 3258 voorstander
2733 3208 2866 3258 van
2910 3205 2999 3251 d'
3043 3207 3087 3252 E
3132 3200 3313 3252 Comp

1341 3299 1512 3356 ende
1551 3289 1760 3340 haere
1802 3286 2176 3333 dienaeren
2217 3286 2302 3332 is
2342 3287 2676 3334 geweest,
2715 3287 2800 3334 en
2841 3279 3174 3331 t'sijner
3214 3271 3382 3324 tijt

1360 3391 1532 3443 oock
1572 3380 1869 3435 bedacht
1911 3374 2165 3424 dient)
2206 3368 2629 3418 gevoordert
2671 3367 2967 3413 werden,
3008 3365 3220 3413 notie
3262 3358 3390 3410 tie

1359 3473 1566 3530 vande
1606 3463 2012 3517 pretentien
2049 3460 2173 3510 der
2213 3455 2497 3505 deenen.
2536 3455 2780 3502 tegens
2820 3452 2942 3499 die
2982 3451 3104 3497 van
3143 3445 3470 3496 bengaele

1355 3569 1551 3620 sulcx
1589 3565 1746 3614 ued:
1779 3562 1824 3611 ,
1861 3557 1940 3605 en
1978 3554 2057 3602 t'
2095 3552 2252 3598 gene
2287 3551 2446 3599 daer
2485 3551 2641 3597 over
2679 3549 2797 3596 aen
2833 3539 3109 3593 gemelte
3146 3531 3303 3582 s=rs
3340 3529 3419 3578 ge

1337 3653 1583 3707 vroede
1619 3644 1786 3697 ende
1825 3636 2069 3688 cuijck
2109 3631 2677 3681 gereschribeert
2717 3627 3002 3678 hebben,
3041 3611 3465 3670 wijtlopien

1347 3737 1469 3791 bij
1504 3730 1587 3781 d'
1624 3720 2021 3773 jngeleijde
2060 3720 2298 3766 copien
2335 3719 2574 3767 sullen
2613 3717 2930 3764 gelieven
2969 3718 3048 3764 t'
3087 3715 3445 3763 vernemen,

1365 3807 1504 3854 tot
1549 3805 1689 3852 den
1734 3803 2197 3850 innehouden
2243 3803 2382 3849 van
2427 3803 2613 3849 alle
2659 3802 3075 3849 'twelcke,
3121 3793 3307 3849 omme

1349 3884 1863 3939 prolicxiteijt
1902 3885 1981 3930 in
2020 3885 2218 3933 desen
2257 3888 2337 3935 t'
2376 3887 2772 3935 eviteeren,
2811 3884 2930 3931 mij
2968 3881 3088 3929 ten
3126 3878 3365 3925 vollen

1361 3984 1701 4038 gedragen
1742 3986 2079 4031 tverdere
2120 3980 2457 4032 gevolch,
2499 3978 2667 4025 waer
2709 3972 2920 4023 vand'
2961 3966 3382 4016 beginselen

1365 4076 1533 4126 ende
1574 4074 1783 4120 hoope
1824 4074 1992 4120 goet
2033 4070 2242 4120 sijn,
2281 4063 2492 4115 leere
2533 4058 2659 4106 den
2699 4058 2909 4104 tijt,
2950 4055 3410 4106 tg'eijschte

1372 4161 1650 4218 vanden
1696 4156 2021 4206 prince,
2057 4153 2251 4202 ende
2298 4146 3038 4198 miersjasjulcarn,
3083 4145 3269 4192 waer
3315 4145 3454 4193 van

1373 4255 1508 4302 ons
1551 4253 1821 4299 eenigh
1852 4240 2268 4297 onbekent,
2311 4236 2492 4283 ende
2537 4234 2671 4280 wel
2716 4233 2985 4279 nodich
3029 4233 3164 4278 tot
3209 4233 3392 4283 wed:
