3642 4828
1466 721 1597 772 Pr
1648 705 2302 763 Transport.

1575 896 1713 943 van
1759 884 2131 941 Taijouan

1336 1015 1704 1068 d'oorden
1749 1016 2069 1063 meerman
2110 1015 2160 1063 f
2204 1014 2708 1061 155478„6„13

1354 1106 1701 1155 lillo
1769 1109 1842 1157 „
1904 1100 2668 1162 143075„17„-

1343 1183 2072 1240 Hillegaertberch
2118 1190 2168 1237 „
2215 1184 2704 1237 245670„8„7

1342 1272 1450 1326 8'
1500 1268 1712 1317 Gans
1763 1273 1816 1320 -
1868 1275 1922 1322 -
1972 1279 2026 1326 -
2076 1280 2130 1327 „
2178 1274 2714 1334 30585„13„1

1350 1352 1947 1407 d'Leeuwercq
2001 1363 2055 1408 „
2109 1359 2718 1415 105273„7„13

2750 1519 2802 1567 ƒ
2841 1511 3441 1566 695865„18„10

1337 1446 1424 1496 d'
1466 1443 1639 1492 saem
1677 1448 1725 1495 -
1765 1452 1809 1498 -
1851 1453 1894 1499 -
1937 1454 1981 1500 -
2021 1455 2066 1501 -
2109 1454 2152 1500 „
2192 1449 2409 1497 4455„
2449 1444 2580 1492 18„
2621 1443 2711 1491 11

1552 1641 1707 1688 van
1757 1632 2173 1684 Toncquin

1347 1759 1518 1810 door
1560 1755 1689 1804 den
1728 1750 1944 1802 Beer.
1982 1751 2028 1798 .
2069 1751 2113 1798 .
2155 1750 2200 1797 f
2235 1739 2753 1799 261115„18„8„

2719 1906 2771 1952 f
2821 1890 3439 1952 347507„17„4„

1567 2011 1726 2062 van
1779 2010 1995 2064 siam

2505 2141 2585 2191 f
2660 2115 3428 2187 42834„15"-

1338 2139 1481 2190 door
1515 2135 1836 2183 Henrietse
1868 2135 2155 2184 louijsia

1250 2292 1441 2351 Somma,
1466 2305 1532 2354 en
1563 2303 1657 2349 als
1688 2301 1783 2347 van
1813 2300 1971 2346 boven
2002 2301 2317 2349 aengewesen
2348 2305 2599 2351 plaetsen
2627 2303 2694 2350 't
2724 2303 2882 2350 samen
2911 2300 2944 2346 ƒ
2975 2292 3415 2345 1432130//18„11

1360 1850 1455 1899 d'
1490 1838 1688 1893 Gans
1733 1841 1782 1887 .
1827 1844 1874 1889 .
1920 1845 1967 1890 .
2013 1842 2060 1887 .
2105 1842 2154 1888 „
2198 1824 2760 1889 86391„18„12„

1976 1578 2053 1625 -

1196 2534 1298 2593 Bij
1325 2523 1590 2578 meissive
1622 2520 1820 2567 vanden
1852 2520 1919 2565 E:
1950 2518 2378 2566 Commissaerdes
2410 2518 2673 2564 Vlaminck
2706 2517 2870 2563 werdt
2902 2513 3067 2561 onder
3099 2508 3330 2557 anderen
3361 2506 3396 2553 —

1319 2628 1618 2692 g'adviseert
1644 2625 1724 2672 hoe
1751 2624 1831 2669 dat
1856 2622 1911 2668 't
1937 2621 2071 2667 schip
2097 2621 2151 2667 r:
2176 2620 2417 2667 rosterdam
2443 2620 2497 2666 in
2524 2621 2710 2667 Malacca
2736 2620 2817 2667 van
2843 2619 2950 2665 hier
2977 2618 3083 2663 over
3109 2613 3407 2662 masulipatam

1341 2735 1394 2783 op
1418 2734 1496 2782 18.
1520 2732 1548 2778 '
1570 2724 1701 2774 Junij
1727 2723 1830 2769 ende
1856 2723 1907 2768 't
1932 2720 2320 2767 Jachtsandsvoort
2343 2720 2421 2767 van
2446 2718 2832 2765 hierdrectelijck
2858 2718 2935 2763 den
2960 2717 3039 2764 10.
3064 2720 3089 2765 e
3114 2717 3322 2765 augustus
3346 2719 3373 2765 —

1324 2833 1702 2892 welg'arriveert
1728 2831 1836 2878 ende
1862 2830 1917 2876 op
1942 2830 1997 2876 2.
2024 2830 2077 2876 en
2104 2830 2239 2876 Julij
2265 2831 2319 2876 en
2345 2830 2400 2876 30
2426 2829 2641 2876 augustus
2668 2828 2749 2874 van
2775 2826 2883 2872 daer
2910 2826 3017 2871 haer
3043 2818 3394 2871 gedestineerde

1326 2949 1465 2998 reijs
1491 2944 1602 2992 naer
1628 2936 1821 2987 Batavia
1848 2935 2151 2981 gevoordert,
2178 2936 2288 2981 ende
2315 2936 2509 2984 Verdero
2535 2940 2618 2985 Wel
2645 2940 2701 2986 in
2727 2942 2865 2988 salvo
2892 2943 3195 2989 g'arriveert
3221 2941 3363 2990 waren

1328 3059 1433 3107 ende
1460 3058 1591 3104 hadde
1618 3056 1881 3103 sandtvoort
1907 3056 1986 3101 een
2012 3052 2277 3100 moeylyjcke
2301 3054 2460 3100 reijse
2486 3055 2671 3102 gehadt,
2697 3057 2750 3103 't
2776 3056 2908 3102 schip
2934 3056 3119 3103 Nassouw
3145 3058 3225 3105 was
3250 3060 3303 3105 op
3329 3060 3382 3105 19

1333 3165 1567 3217 november
1596 3165 1771 3211 aldaer
1798 3165 1916 3212 mede
1945 3167 2033 3213 van
2060 3168 2265 3216 Batavia
2293 3171 2643 3222 g'arriveert,
2671 3178 2787 3223 ende
2816 3178 2875 3224 In
2903 3178 3165 3225 Compagnia
3193 3176 3282 3223 Van
3306 3176 3340 3224 —

1321 3277 1352 3325 t
1373 3281 1504 3329 schip
1528 3276 1685 3325 Bergen
1710 3275 1763 3321 op
1788 3276 1867 3322 den
1892 3276 1996 3322 soom
2022 3276 2127 3321 (dat
2152 3276 2308 3322 aldaer
2334 3277 2438 3324 uijt
2463 3280 2568 3327 siam
2593 3282 2749 3329 daeghs
2775 3284 2828 3329 te
2853 3285 3009 3331 vooren
3034 3286 3086 3332 te
3112 3287 3373 3335 verschynen

1328 3388 1477 3444 quam)
1506 3386 1622 3433 naer
1650 3383 1968 3430 debingurla,
1997 3384 2200 3430 suratte
2229 3383 2287 3430 en
2315 3383 2490 3429 Partia
2518 3384 2836 3434 vertrocken,
2864 3387 3097 3435 schiedam
3125 3391 3212 3436 War
3241 3389 3415 3437 aldaer

1324 3497 1442 3545 mede
1470 3493 1587 3541 uijt
1616 3490 1821 3538 Tayouan
1847 3486 2083 3534 gecomen,
2112 3486 2229 3533 ende
2257 3485 2375 3532 door
2402 3488 2521 3538 sijn
2548 3493 2608 3539 E.
2636 3494 2724 3541 een
2753 3497 2900 3543 somme
2927 3499 3015 3545 van
3044 3500 3191 3546 88000
3219 3499 3398 3547 taylen

1319 3601 1505 3653 Jappans
1531 3599 1901 3645 schuyjdtsilver
1927 3599 2138 3646 gelicht,
2165 3600 2217 3646 't
2243 3599 2376 3647 welcq
2402 3601 2508 3647 voor
2534 3602 2587 3648 't
2613 3603 2824 3653 Comptoir
2851 3608 3063 3656 souratte
3088 3604 3434 3658 geprojecteert

1323 3714 1434 3761 was,
1462 3712 1629 3759 welcke
1656 3709 1989 3756 voorschreven
2017 3707 2185 3754 gelden
2211 3709 2379 3755 nevens
2406 3711 2489 3757 149
2517 3712 2740 3758 gelijcke
2767 3714 2962 3761 teijlen
2989 3716 3073 3763 end
3100 3712 3212 3761 2650
3239 3711 3353 3759 d=os

1346 3820 1413 3873 7½
1441 3813 1567 3863 Maes
1597 3809 1752 3857 goudt
1782 3807 2061 3853 bestaende
2092 3808 2153 3854 in
2184 3808 2279 3855 een
2308 3811 2493 3858 Casken
2523 3811 2709 3857 binnen
2740 3810 2956 3857 gemelte
2986 3808 3238 3857 schiedam

1319 3925 1433 3975 voor
1461 3917 1743 3970 Coromandel
1771 3917 2054 3964 gescheept,
2081 3918 2195 3964 ende
2223 3919 2308 3965 bij
2335 3919 2450 3966 sijn
2476 3920 2534 3966 E.
2561 3916 2872 3964 uijtgelicht
2901 3915 3042 3961 sijn,
3069 3913 3183 3959 omme
3211 3913 3324 3960 over

1309 4023 1371 4070 te
1402 4018 1618 4068 meerder
1647 4016 1833 4062 Bodems
1863 4016 2171 4063 geparteert
2202 4017 2325 4062 ende
2355 4017 2448 4062 des
2478 4017 2540 4063 te
2570 4013 2755 4061 minden
2786 4012 2940 4058 rikco
2970 4012 3186 4058 subject
3216 4012 3280 4058 te

1311 4122 1522 4174 werden,
1551 4121 1641 4168 dat
1671 4120 1732 4166 p.
1760 4119 1821 4164 lr
1850 4116 1911 4162 d'
1938 4114 2091 4160 fluyt
2120 4114 2182 4160 d'
2210 4114 2331 4161 Wolf
2360 4115 2420 4160 en
2450 4114 2720 4160 maeslandt
2749 4113 2810 4158 't
2836 4110 2989 4158 welcq
3018 4108 3139 4155 alle
3169 4104 3322 4153 uyren

2576 712 2637 758 ƒ
2696 714 3438 770 345919„7„13„

1974 1521 2069 1568 -

2475 711 2532 756 -
