3383 4883
2479 991 2659 1046 1072

1058 753 1459 809 Leeren

808 1122 936 1169 dees
967 1121 1032 1167 te
1064 1120 1224 1167 beter
1256 1122 1576 1169 verseckent
1608 1121 1673 1166 te
1704 1122 1864 1172 nagen
1896 1127 2089 1177 voeren
2120 1132 2186 1179 so
2216 1135 2410 1192 susten
2438 1148 2504 1194 E,
2535 1148 2728 1196 broens

815 1296 880 1343 de
912 1294 1103 1343 Tafel-
1135 1292 1263 1340 Baij
1294 1295 1359 1342 of
1388 1296 1457 1344 S.
1485 1302 1518 1347 t
1549 1302 1742 1347 Helena
1773 1303 2029 1357 aandoet,
2059 1313 2124 1359 of
2154 1310 2285 1357 daar
2314 1314 2411 1362 ten
2442 1318 2602 1369 acker

813 1452 947 1500 comt
980 1451 1080 1497 een
1113 1450 1316 1497 galoup
1347 1454 1483 1501 ofte
1514 1458 1649 1505 boot
1681 1460 1816 1508 voor
1848 1464 1950 1512 uyt
1982 1467 2050 1514 na
2082 1470 2284 1522 binnen
2316 1478 2535 1531 zenden

797 1620 922 1667 omme
952 1618 1045 1664 den
1076 1618 1262 1665 onraad
1291 1622 1478 1673 dieder
1507 1629 1662 1677 soude
1692 1633 1847 1680 mogen
1876 1635 2125 1686 bevonden
2155 1641 2340 1690 werden
2369 1634 2587 1689 tijtdij

800 1790 863 1839 t'
892 1786 1191 1834 ontrecken,
1220 1787 1520 1837 mitsgaders
1549 1793 1729 1842 alsdan
1757 1798 1848 1846 ten
1876 1801 2028 1851 beste
2056 1807 2208 1860 vande
2234 1818 2297 1868 E.
2323 1826 2475 1882 Comp.
2501 1836 2533 1884 e

815 1966 937 2012 ende
967 1967 1058 2012 tot
1089 1965 1516 2013 verseeckeringh
1544 1968 1697 2015 vande
1728 1970 1914 2022 retour
1938 1979 2155 2032 schepen
2183 1989 2337 2036 goede
2366 1992 2641 2042 resolutie

1823 2009 1911 2065 o

819 2115 880 2164 te
908 2120 1117 2169 nemen,;
1145 2125 1293 2171 twelc
1322 2124 1411 2170 uE.
1440 2124 1500 2171 in
1529 2126 1738 2177 sulcken
1765 2134 1973 2183 gevalle
2002 2139 2062 2185 op
2089 2141 2153 2192 't
2178 2151 2386 2199 Hooghst
2415 2155 2656 2209 gerecom„

808 2285 1102 2334 mandeert
1136 2272 1360 2332 blijft

772 2551 892 2600 Den
929 2540 1246 2592 vorderen
1283 2534 1482 2583 cours
1522 2534 1640 2582 van
1679 2535 1838 2581 Cabo
1875 2535 2037 2586 naar
2073 2544 2193 2594 St.
2231 2550 2469 2597 Helena
2506 2553 2667 2604 ende

813 2708 1011 2759 wijders
1038 2711 1123 2758 tot
1150 2712 1207 2757 't
1234 2708 1489 2757 Vaderland
1516 2708 1657 2754 laten
1685 2708 1798 2754 ende
1825 2709 2023 2758 stellen
2050 2714 2135 2760 wij
2162 2715 2304 2761 aande
2331 2716 2613 2764 dispositie

815 2856 913 2905 des
943 2860 1360 2909 breeden-raade
1392 2864 1488 2909 van
1520 2864 1648 2910 deze
1680 2865 1906 2915 vloots,
1936 2872 2033 2917 uE.
2064 2868 2161 2918 ten
2191 2865 2448 2915 hoogsten

808 3002 1334 3054 recommandeerende
1362 3013 1493 3058 geen
1525 3012 1852 3063 onnodighen
1883 3019 2016 3066 tijt
2046 3023 2177 3072 noch
2208 3019 2372 3071 aande
2404 3020 2568 3069 Tafel

804 3169 894 3216 bay
921 3163 1043 3212 noch
1068 3160 1161 3209 aan
1190 3159 1251 3205 S.
1279 3160 1311 3206 t
1339 3161 1518 3209 Helena
1547 3161 1667 3207 door
1696 3162 1757 3208 te
1785 3164 1994 3214 brengen
2022 3170 2143 3219 maar
2171 3174 2351 3223 tracht
2380 3176 2625 3224 mogelijk

805 3327 994 3376 zijnde
1021 3330 1270 3376 tydelijc
1301 3331 1364 3376 by
1393 3333 1456 3378 de
1486 3333 1768 3380 Vlaamsche
1795 3337 2045 3389 Eylanden
2074 3346 2137 3394 te
2167 3349 2322 3397 wesen
2353 3349 2477 3397 ende
2507 3348 2603 3397 van

789 3494 909 3542 daar
938 3491 1058 3538 uwwe
1088 3491 1268 3538 reijse
1296 3494 1475 3542 achter
1504 3496 1565 3542 om
1594 3495 1655 3541 te
1684 3497 1952 3552 vorderen,
1981 3507 2073 3556 gel
2100 3513 2161 3560 d'
2189 3513 2429 3562 Expresse
2456 3510 2579 3558 last

805 3659 931 3706 ende
961 3657 1118 3703 ordre
1150 3657 1307 3707 onser
1337 3660 1526 3706 Heeren
1557 3662 1777 3712 Meeschs
1807 3668 1902 3717 is,
1932 3672 2028 3719 die
2058 3675 2122 3721 om
2152 3676 2278 3722 zulx
2309 3677 2372 3722 te
2403 3678 2687 3730 volvoeren

800 3821 1030 3872 prenium
1062 3825 1260 3871 hebben
1292 3822 1522 3869 gestelt
1554 3823 1752 3881 (twele
1783 3837 2013 3884 alsnoch
2045 3838 2473 3890 continueeren)
2505 3846 2607 3892 van

806 3993 873 4040 3.
902 3988 1133 4035 maanden
1164 3989 1328 4043 Gagie
1360 3997 1523 4044 hooft
1555 3998 1686 4045 voor
1718 4000 1914 4051 hooft.
1946 4005 2012 4051 te
2044 4006 2337 4058 vereeren,
2369 4013 2468 4062 die
2500 4016 2565 4063 de

795 4154 952 4206 zelve
984 4151 1172 4200 reijse
1200 4147 1296 4195 met
1327 4147 1453 4193 haar
1484 4149 1704 4197 schepen
1734 4147 1861 4197 also
1890 4149 2015 4200 doen
2046 4155 2111 4203 om
2140 4159 2204 4207 de
2234 4163 2578 4220 swaricheden

802 4301 912 4350 van
947 4294 1380 4345 Duynkerckers
1415 4295 1524 4341 en,
1560 4295 1633 4341 de
1667 4297 1992 4344 quellinge
2027 4298 2138 4347 der
2170 4303 2426 4356 Engelse
2459 4313 2535 4361 te

797 4433 1218 4483 prevenieren.

0 1149 31 1195 on

382 3303 692 3351 Ce

359 3449 629 3510 bic

0 4358 43 4403 van

2314 4557 2548 4607 Ende
