3478 4985
1160 480 1282 531 ende
1312 480 1612 534 rantsoenen
1641 490 1732 536 als
1761 492 1882 541 mede
1911 497 2032 549 in't
2061 504 2302 553 verlenen
2330 504 2421 552 van
2449 500 2751 547 qualiteijt
2779 501 2840 547 en
2870 501 3050 551 ampten
3080 506 3142 554 op
3170 511 3324 559 UEd:e

1161 556 1348 609 voorige
1373 565 1612 615 mietheijt
1637 571 1692 618 en
1717 573 1878 621 jontse
1902 577 1956 624 t'
1981 580 2246 633 mijwaerts,
2272 583 2617 633 onbeschpoomt,
2643 583 2802 629 geruit
2825 581 2881 629 en
2907 579 3279 631 vrijmoedelijck

1169 643 1462 693 verlatende.
1488 648 1702 699 Nochtans
1728 654 1809 700 can
1833 654 1943 701 niet
1967 658 2022 705 na
2047 661 2181 709 laten
2207 665 2341 710 Cuss,
2366 661 2527 709 selffs
2553 660 2687 705 moete
2713 661 2767 706 in
2793 659 2873 706 dat
2900 659 3007 705 deel
3033 655 3140 704 mijn

1154 725 1399 775 ,natuijrs
1425 727 1911 783 gebreckelijckheijt
1937 739 2206 790 openbaren)
2233 745 2314 790 dit
2340 746 2395 792 te
2419 742 2637 792 verhalen
2663 741 2825 787 gelijk
2851 740 2960 785 mede
2986 739 3148 786 aenden
3174 738 3204 785 E
3228 743 3309 792 Van

1125 815 1177 861 Tn
1200 813 1253 860 un
1278 813 1560 861 ongeveijnst
1585 816 1637 862 en
1662 818 1714 864 op
1738 819 1841 867 lijx
1867 822 2072 869 hollands
2097 824 2225 871 recht
2250 824 2353 871 uijt
2378 825 2532 870 gedaen
2557 823 2685 870 hebbe
2711 823 2737 868 (
2761 821 2839 867 ter
2864 821 2967 867 tijt
2992 820 3172 868 gemelte
3196 820 3302 873 sijn

1156 906 1184 952 E
1210 905 1292 951 van
1319 904 1563 951 gelijcken
1590 906 1644 951 in
1671 906 1781 953 alle
1806 909 2024 958 oprechte
2050 914 2321 962 vrijnheijt
2347 915 2456 961 zijn
2482 909 2727 960 meijninge
2753 910 2836 956 mij
2862 911 2916 957 te
2943 909 3106 956 kennen
3128 907 3242 955 gaff

1162 989 1239 1036 dat
1263 992 1492 1041 ingevalle
1517 996 1568 1041 te
1593 997 1796 1043 gebeuren
1821 997 1950 1044 quame
1973 1001 2152 1051 wederom
2176 1006 2228 1052 na
2252 1008 2379 1054 Japan
2405 1006 2608 1053 gesonden
2633 1006 2786 1051 wierd,
2810 1006 2887 1052 dat
2912 1004 3014 1051 niet
3038 1003 3091 1049 en
3115 1004 3330 1058 weijgerd

1161 1072 1262 1121 noch
1285 1076 1385 1123 oock
1409 1079 1658 1130 versoecke,
1680 1085 1731 1131 om
1755 1086 1856 1133 niet
1879 1089 1929 1135 te
1953 1091 2151 1139 schijnen
2176 1094 2251 1141 als
2275 1096 2350 1143 off
2373 1098 2423 1143 S.
2448 1098 2523 1143 van
2547 1096 2671 1144 'thun
2694 1094 2794 1140 in't
2819 1092 3018 1140 becleden
3041 1092 3116 1139 van
3139 1089 3240 1137 sijn

1155 1159 1330 1208 plaetse
1353 1164 1428 1211 die
1453 1166 1528 1213 hij
1552 1169 1652 1215 (als
1676 1170 1826 1218 vooren
1850 1174 1926 1221 van
1950 1177 2025 1223 ons
2049 1179 2248 1224 geseght)
2272 1178 2323 1224 na
2347 1179 2422 1226 ons
2447 1181 2646 1227 oordeel,
2670 1181 2845 1229 bequaem
2869 1184 2919 1230 en
2944 1182 3243 1231 waerdichlijk

1164 1250 1334 1296 genoegh
1358 1250 1456 1299 sall
1478 1254 1625 1300 cunnen
1648 1256 1844 1303 bedienen
1866 1259 2231 1313 wildehinderl.jk
2254 1269 2401 1316 wesen,
2422 1269 2497 1316 soo
2520 1268 2569 1314 't
2594 1268 2666 1314 ons
2691 1269 2764 1315 aen
2787 1270 2836 1316 't
2860 1271 3054 1321 vermogen
3078 1274 3177 1321 niet
3199 1277 3249 1324 en

1161 1333 1398 1382 ontbrach,
1422 1338 1476 1386 in
1501 1342 1685 1390 sulcken
1710 1346 1895 1393 gevalle
1919 1349 2025 1397 niet
2050 1353 2104 1399 de
2129 1354 2261 1403 twede
2286 1359 2391 1405 maer
2417 1360 2469 1406 d'
2496 1360 2653 1406 eerste
2678 1360 2863 1408 plaetse
2888 1364 3019 1410 soude
3044 1362 3125 1409 van
3149 1364 3234 1414 hin

1160 1425 1210 1471 en
1233 1426 1454 1475 gedachten
1477 1430 1626 1481 wessen
1647 1437 1697 1483 te
1721 1438 1941 1489 becleden,
1965 1444 2015 1490 in
2038 1446 2259 1494 gelijcker
2282 1449 2478 1498 manieren
2502 1454 2551 1499 en
2575 1454 2624 1500 op
2648 1455 2820 1500 deselve
2844 1455 2942 1501 voet
2966 1453 3064 1500 oock
3087 1451 3137 1497 in
3161 1450 3285 1498 allen

1158 1510 1296 1561 delen,
1318 1516 1456 1565 gelijk
1477 1521 1547 1567 dit
1568 1523 1751 1571 verleden
1773 1526 1957 1575 handelge
1978 1531 2047 1578 bij
2069 1533 2252 1582 geschiet
2274 1538 2343 1584 is,
2364 1539 2434 1586 dit
2455 1541 2570 1587 segge
2592 1542 2797 1588 eenelijck
2820 1542 2888 1588 bij
2910 1542 3047 1590 aldien
3070 1545 3116 1590 na
3138 1545 3254 1593 Japan

1157 1602 1293 1653 quame
1319 1608 1588 1660 gebruijckt
1614 1615 1669 1661 te
1695 1617 1883 1665 werden,
1910 1620 1964 1665 en
1990 1621 2125 1669 zegge
2152 1624 2233 1669 het
2259 1625 2340 1671 met
2366 1626 2528 1673 sulcke
2555 1628 2743 1674 meninge
2769 1629 2798 1675 t
2821 1630 2904 1677 dat
2931 1629 3092 1675 liever
3119 1628 3253 1674 hebbe

1155 1695 1206 1741 na
1230 1695 1282 1741 't
1305 1697 1529 1747 Vadercant
1553 1703 1604 1749 te
1628 1704 1729 1750 gaen
1752 1706 1804 1753 en
1826 1708 2002 1757 Comp.:s
2026 1713 2176 1759 dienst
2200 1715 2250 1761 te
2274 1716 2448 1762 missen)
2473 1717 2548 1763 als
2573 1717 2622 1762 in
2647 1717 2846 1764 geseijde
2870 1717 2995 1764 mijne
3020 1711 3194 1762 meninge

1161 1777 1342 1825 vercort
1366 1781 1418 1827 te
1442 1783 1622 1832 werden,
1646 1788 1775 1836 onder
1799 1792 1902 1841 dese
1927 1796 2207 1848 voorwaerden
2233 1803 2310 1849 dan
2334 1804 2412 1850 soo
2436 1805 2488 1851 is
2512 1805 2667 1851 mijnes
2691 1805 2845 1852 dients
2870 1804 3049 1852 voorigh
3074 1807 3307 1864 aenbieden

1157 1858 1209 1905 te
1232 1861 1435 1913 verstaen
1459 1868 1510 1913 en
1535 1869 1636 1916 niet
1660 1871 1838 1921 anders)
1862 1877 1940 1924 soo
1962 1880 2014 1927 na
2038 1883 2165 1930 Japan
2189 1886 2341 1933 doorde
2366 1887 2518 1934 heeken
2542 1890 2669 1936 soude
2693 1892 2921 1944 versonden
2945 1900 3121 1947 werden,
3147 1901 3197 1946 in

1128 1951 1341 2003 Taijonan
1365 1959 1683 2009 verblijvende
1709 1964 1868 2010 gel.jk
1894 1965 2240 2021 tegenwoordich
2264 1977 2344 2023 als
2370 1979 2529 2024 tweede
2555 1979 2740 2028 persoon
2766 1983 2846 2029 des
2872 1985 3244 2033 gouvernements,

1133 2047 1232 2094 ofte
1256 2047 1404 2095 elders
1427 2051 1624 2099 ontboden
1646 2053 1721 2099 off
1745 2054 1966 2105 versonden
1989 2060 2186 2110 werdende
2209 2066 2258 2111 in
2283 2066 2553 2117 bedieningen
2576 2073 2650 2119 die
2674 2075 2772 2122 haer
2796 2077 2894 2125 Ed:e
2918 2080 2992 2126 mij
3016 2081 3189 2131 moghten
3211 2088 3285 2136 toe

1136 2130 1323 2179 voegen,
1346 2134 1558 2185 hoedanich
1579 2141 1650 2186 die
1673 2142 1768 2189 oock
1789 2145 1860 2193 dan
1883 2148 2000 2195 wesen
2023 2150 2187 2198 souden,
2210 2153 2327 2199 hoogh
2350 2154 2537 2203 offlaegh
2560 2157 2702 2207 sonder
2723 2163 2866 2213 eenigh
2886 2169 3167 2217 onderscheijt

1145 2220 1306 2270 stelle
1331 2221 1386 2267 t'
1410 2223 1621 2274 eenemael
1647 2230 1752 2278 uijt
1778 2234 1884 2283 mijn
1908 2238 2067 2285 handen
2093 2241 2146 2287 en
2172 2242 2383 2293 aen'twel
2408 2248 2620 2297 gevallen
2644 2253 2723 2303 van
2749 2257 2855 2303 uEd:
2880 2255 3038 2301 sonder
3065 2254 3223 2302 eenige

1151 2303 1488 2354 beschrijvinge
1512 2310 1745 2359 onbepaelt
1769 2315 1847 2362 soo
1871 2317 1975 2365 sall
2000 2321 2078 2367 mij
2102 2323 2207 2372 hulx
2231 2328 2361 2377 laten
2384 2333 2695 2390 welgevallen,
2718 2347 2821 2394 maer
2847 2349 3078 2396 indeselve
3103 2348 3283 2397 plaetse

1146 2397 1246 2444 daer
1271 2397 1593 2451 tegenwoordich
1616 2405 1691 2452 off
1714 2405 1889 2454 voordes
1912 2409 2086 2460 geweest
2110 2415 2212 2465 ben.
2233 2422 2309 2469 can
2332 2425 2359 2470 (
2382 2426 2457 2474 soo
2481 2430 2604 2477 lange
2629 2432 2704 2478 mij
2728 2434 2827 2479 niet
2851 2433 3025 2479 meerder
3049 2431 3322 2481 genootsaeck

1162 2485 1223 2533 en
1253 2486 1494 2536 bevinden
1523 2492 1613 2538 tot
1642 2493 1763 2543 mijn
1792 2498 2184 2556 verminderingh
2212 2512 2274 2559 en
2302 2516 2603 2568 vernederen
2632 2523 2754 2574 niet
2782 2530 3030 2581 verstaen

1892 2647 2118 2694 Waert
2162 2647 2525 2703 hiermede
2569 2660 2705 2707 wel
2750 2662 2976 2708 Edele
3021 2663 3292 2710 heeren

772 2665 958 2718 Desen
994 2664 1285 2712 laetsten
1320 2667 1612 2718 Januarij
1646 2675 1792 2722 1646

1962 2726 2150 2773 leeft
2185 2729 2372 2780 langh
2407 2737 2482 2785 en
2519 2740 2780 2787 regeert
2814 2742 3260 2791 geluckelijck

807 2741 963 2788 in't
1001 2737 1273 2788 Casteel
1310 2740 1701 2798 Zeelandia.

2714 2825 2908 2875 was
2971 2812 3228 2876 gett

2299 2968 2520 3020 Pieter
2555 2967 2918 3016 Antonissen
2953 2960 3316 3014 overtwater

1044 3176 1110 3222 Na
1141 3174 1239 3220 dat
1271 3174 1368 3220 den
1400 3175 1595 3222 brieff
1623 3175 1982 3226 volschreven
2014 3181 2112 3229 was
2143 3185 2242 3234 soo
2271 3190 2402 3237 come
2434 3193 2531 3240 bij
2563 3195 2757 3241 gevall
2789 3197 2983 3244 door't
3015 3198 3309 3245 packhuijs

1149 3250 1258 3297 gaen
1285 3252 1339 3298 en
1366 3252 1449 3301 sie
1473 3256 1530 3302 de
1556 3257 1828 3307 Caetchiouw
1855 3262 1937 3309 die
1964 3264 2020 3311 te
2045 3267 2210 3316 vooren
2235 3272 2318 3319 wel
2344 3275 2509 3323 gesien
2534 3279 2699 3332 hadden
2722 3287 2860 3334 onder
2887 3288 3050 3335 andere
3078 3289 3295 3337 coopmans

1139 3327 1242 3375 maer
1265 3331 1367 3379 niet
1391 3334 1567 3386 alleen,
1592 3341 1642 3387 nu
1667 3342 1743 3388 aen
1768 3344 1844 3391 een
1868 3347 1995 3394 sijde
2018 3350 2220 3403 leggende
2245 3358 2296 3404 en
2320 3360 2397 3405 soo
2420 3361 2622 3412 weijnih,
2646 3367 2797 3418 minder
2822 3373 3075 3422 merckelijk
3098 3377 3226 3424 als't

1138 3416 1364 3465 behoorde,
1388 3419 1488 3466 maer
1512 3421 1563 3469 10
1586 3425 1613 3471 a
1636 3427 1686 3472 15
1710 3427 1860 3476 picoll
1883 3432 1983 3480 daer
2007 3435 2133 3486 ruijm
2156 3442 2206 3487 92
2230 3443 2429 3492 behoorde
2453 3447 2504 3494 te
2527 3450 2651 3498 sijn,
2676 3453 2776 3500 daer
2800 3455 2924 3501 eerst
2948 3456 3047 3503 door
3072 3458 3147 3503 den
3171 3458 3303 3506 genen

1137 3502 1212 3547 die
1237 3502 1312 3547 bij
1336 3503 1388 3551 't
1409 3506 1636 3558 packhuijs
1658 3513 1735 3559 was
1759 3514 1810 3560 't
1834 3516 2083 3567 onderricht
2107 3522 2259 3573 wierd,
2281 3530 2432 3581 dattet
2455 3537 2532 3585 dan
2555 3541 2680 3588 onder
2704 3543 2855 3592 andere
2879 3548 3078 3601 goederen
3102 3556 3254 3603 moeste

1143 3589 1277 3639 weght
1302 3594 1489 3645 geleijt
1513 3601 1646 3649 sijn,
1672 3605 1779 3652 doch
1803 3608 1989 3655 doorden
2015 3610 2200 3662 Coopman
2226 3618 2439 3672 weijnich
2463 3628 2571 3676 daer
2595 3632 2650 3678 na
2674 3635 2834 3685 datter
2859 3640 2939 3687 van
2965 3642 3150 3688 Batavia
3176 3641 3282 3687 niet

1140 3684 1324 3732 gecomen
1349 3687 1429 3734 was
1454 3689 1533 3734 met
1559 3689 1612 3736 't
1638 3692 1769 3743 schip
1795 3698 1901 3744 daer
1926 3700 1979 3747 't
2004 3702 2216 3751 behoorde
2240 3707 2530 3763 t'ingeweest
2554 3719 2713 3775 tesijn
2737 3731 2818 3779 als
2842 3735 3027 3785 wanneer
3052 3740 3131 3786 ter
3156 3740 3318 3790 stonc

1141 3776 1482 3828 gewaertwiert
1509 3783 1623 3833 waer
1651 3788 1737 3835 ons
1764 3790 1822 3837 de
1849 3792 2133 3843 Caetchiouw
2161 3798 2246 3846 van
2274 3802 2389 3851 daen
2415 3807 2615 3858 gecomen
2642 3814 2729 3863 was
2755 3820 2814 3866 in
2840 3823 2983 3874 Jepan
3009 3830 3214 3884 buijten

1120 3862 1332 3912 Fracture
1357 3866 1462 3914 daer
1487 3870 1592 3916 niet
1617 3872 1696 3919 van
1721 3875 1852 3924 hadde
1877 3879 2035 3927 hooren
2059 3883 2216 3937 reppen
2240 3892 2346 3940 voor
2371 3896 2424 3943 nu
2449 3899 2501 3944 na
2527 3899 2580 3946 't
2605 3902 2813 3951 sluijten
2839 3906 2970 3954 deses
2995 3909 3179 3957 brieffs

1127 3942 1206 3988 soo
1231 3943 1310 3990 bij
1335 3945 1516 3998 gevalt,
1541 3953 1620 4001 soo
1644 3956 1723 4005 dat
1748 3960 1802 4007 nu
1826 3963 2162 4019 dienaengaende
2187 3974 2292 4025 uijt
2317 3981 2396 4027 den
2420 3983 2551 4033 droom
2575 3989 2679 4038 hijn
