3703 4828
1357 575 1743 628 goddelijcker
1774 582 1936 629 hulpe
1967 583 2064 629 bij
2095 582 2353 630 behouden
2385 585 2545 633 vaert
2577 587 2770 634 sigoer
2802 588 2899 634 can
2930 589 3285 639 geschieden)
3315 595 3511 652 'tgene

1348 680 1488 729 naer
1522 680 1800 726 souratta
1834 680 2008 726 soude
2043 680 2286 727 senden,
2320 682 2390 729 in
2424 685 2563 733 dese
2597 687 3049 735 gelegentheijt
3083 691 3153 736 uE
3187 690 3502 741 toesenden

1351 779 1549 826 zijnde
1580 779 1646 826 't
1678 777 1907 823 verlies
1940 776 2005 822 op
2037 774 2300 822 souratta
2331 778 2496 829 reede
2527 785 2593 831 12
2623 785 2756 831 waer
2789 786 2887 833 bij
2919 788 3018 835 den
3050 791 3246 838 wissel
3276 789 3527 837 gevough

1355 870 1556 917 sijnde
1588 872 1855 918 weijnich
1889 872 1989 918 min
2022 872 2123 918 als
2155 874 2222 920 18
2255 875 2289 921 a
2322 876 2423 923 20:
2455 878 2622 924 soude
2656 878 2823 924 comen
2856 879 2923 924 te
2955 880 3223 928 bedragen
3256 884 3356 931 soo
3389 884 3490 932 dat

1340 968 1448 1015 wij
1482 971 1590 1017 bij
1625 972 1769 1018 dese
1802 972 1983 1019 reecq
2017 973 2160 1020 noch
2196 974 2374 1021 soude
2410 976 2625 1025 winnen
2659 980 2731 1026 en
2766 981 2802 1027 u
2838 982 2945 1028 Ed'
2981 983 3302 1029 contanten
3337 983 3480 1029 daer

1364 1071 1582 1116 segour
1618 1071 1765 1117 sout
1800 1073 2055 1118 hebben,
2090 1072 2201 1118 ten
2237 1073 2492 1123 anderen
2527 1078 2673 1126 sijn
2709 1081 2855 1127 niet
2891 1082 3001 1130 wel
3036 1085 3328 1130 machtich
3364 1084 3477 1130 met

1355 1172 1427 1218 't
1463 1172 1645 1219 schip
1680 1174 2006 1221 d'struijs
2041 1177 2223 1225 (:dat
2257 1180 2368 1226 het
2402 1183 2656 1231 laetste
2692 1186 2801 1234 van
2836 1190 2981 1238 hier
3016 1187 3451 1239 vertreckende

1347 1272 1528 1319 schip
1564 1273 1708 1321 naer
1743 1277 2031 1325 souratta
2067 1279 2175 1326 is)
2210 1281 2283 1328 50
2319 1283 2355 1328 Ø
2390 1282 2499 1328 gul
2534 1284 2858 1335 derwaerts
2894 1290 2966 1335 te
3001 1290 3253 1340 senden,
3289 1290 3434 1340 ofte

1356 1369 1455 1418 bij
1487 1369 1583 1414 den
1615 1369 1840 1417 anderen
1871 1372 1936 1417 te
1968 1372 2225 1423 crijgen,
2256 1379 2385 1428 door
2416 1383 2546 1431 dien
2576 1387 2673 1433 het
2705 1387 2930 1434 contant
2961 1390 3091 1437 dese
3120 1392 3282 1438 Jaere
3314 1392 3410 1438 soo

1360 1463 1606 1509 schaers
1641 1464 1781 1510 hier
1816 1465 1887 1511 in
1921 1466 2133 1514 gamron
2167 1470 2274 1518 is,
2307 1475 2449 1524 ende
2483 1479 2625 1528 daer
2658 1484 2905 1532 beneven
2939 1488 3186 1538 almeest
3220 1492 3501 1539 lichtgel

1352 1564 1460 1611 soo
1495 1566 1603 1611 dat
1638 1566 1747 1612 wij
1781 1568 2140 1617 voornemens
2175 1572 2355 1621 zijn,
2390 1577 2499 1626 met
2533 1582 2820 1630 meergem:
2856 1585 3178 1634 scheepen,
3212 1587 3357 1634 alle
3392 1588 3501 1634 het

1367 1662 1604 1710 contant
1638 1662 1740 1707 dat
1774 1662 1876 1709 tot
1909 1665 2012 1713 den
2043 1668 2182 1717 tijt
2214 1674 2451 1722 haerder
2485 1677 2756 1727 vertreck
2790 1682 2893 1729 bij
2925 1685 3028 1734 den
3061 1690 3299 1738 anderen
3332 1693 3502 1740 comme

1360 1764 1602 1810 crijgen
1636 1764 1740 1810 uE:
1774 1764 1878 1809 toe
1912 1764 1982 1809 te
2016 1765 2258 1813 senden,
2291 1769 2395 1815 als
2429 1770 2465 1816 u
2498 1773 2533 1818 E
2567 1774 2705 1821 uijt
2738 1776 2808 1822 de
2841 1775 3015 1826 copia
3049 1782 3221 1831 onser
3256 1786 3499 1835 missive

1345 1866 1452 1913 aen
1488 1866 1668 1913 haere
1703 1869 1882 1917 Ed=ts
1918 1871 2026 1916 met
2061 1871 2384 1921 overschie
2419 1876 2563 1924 dato
2599 1876 2778 1923 21=en
2813 1875 3029 1923 feb=ri
3064 1878 3208 1927 naer
3243 1883 3494 1930 Batavia

1360 1968 1756 2015 geschreven
1794 1971 2072 2017 gelieve
2111 1973 2190 2018 te
2229 1973 2588 2026 vernemen.

1325 2143 1430 2190 Doe
1462 2146 1704 2192 Onnosel
1738 2146 1842 2192 ons
1876 2146 2049 2193 Jacht
2083 2148 2154 2194 d'
2186 2150 2463 2200 schelvis
2497 2155 2635 2203 inde
2669 2159 2911 2207 reviere
2945 2162 3050 2211 van
3082 2167 3325 2219 Bassora
3358 2175 3499 2226 door

1303 2248 1377 2301 't
1411 2245 1689 2292 springen
1724 2246 1828 2292 van
1863 2247 1967 2293 een
2001 2249 2175 2295 stuck
2209 2250 2314 2298 van
2348 2254 2418 2299 6:
2452 2255 2557 2301 lb:
2591 2257 2764 2306 ijser
2799 2261 2973 2309 inden
3007 2265 3181 2312 brant
3215 2268 3494 2315 geraeckt

1335 2351 1465 2398 ende
1496 2349 1626 2396 heel
1658 2349 1885 2396 vergaen
1917 2351 2015 2397 is,
2045 2350 2176 2397 Item
2208 2350 2273 2397 't
2305 2352 2629 2403 meerendeel
2660 2356 2758 2403 van
2790 2359 2855 2404 't
2887 2360 3050 2408 volck
3081 2364 3210 2411 seer
3242 2366 3471 2415 deerljk

1354 2444 1628 2492 verbrant
1662 2448 1936 2500 besijden
1970 2455 2005 2501 5
2038 2455 2244 2502 dooden
2277 2457 2415 2502 ende
2449 2457 2655 2504 eenige
2688 2460 2826 2507 inde
2859 2463 3065 2512 rivier
3099 2467 3480 2519 verdroncken

1324 2554 1679 2608 mitsgaders
1715 2554 1822 2602 wat
1856 2558 1928 2604 d'
1962 2560 2033 2607 E:
2068 2562 2281 2610 Comp=e
2316 2566 2459 2613 daer
2492 2570 2635 2618 mede
2669 2574 2777 2621 soo
2810 2576 2882 2622 in
2917 2577 3166 2623 contant
3200 2578 3306 2624 als
3341 2579 3486 2625 coop

1304 2670 1810 2720 „manschappen,
1848 2671 2042 2718 compt
2080 2673 2159 2719 te
2197 2675 2547 2728 verliesen
2584 2684 2856 2735 gelieve
2893 2691 2933 2738 u
2971 2693 3050 2740 E:
3087 2695 3243 2741 uijt
3281 2694 3475 2740 copia

1324 2786 1601 2838 missive
1640 2785 1916 2832 vandaer
1953 2787 2228 2834 becomen
2268 2789 2347 2835 te
2385 2791 2700 2840 vernemen
2738 2796 2896 2844 waer
2934 2800 3052 2847 aen
3091 2803 3209 2849 ons
3247 2804 3483 2852 refere

1335 2896 1401 2943 om
1433 2894 1765 2942 onnodeloos
1797 2893 2128 2939 schrijven,
2161 2894 2525 2941 principael,
2558 2896 2625 2943 nu
2656 2898 2723 2943 't
2756 2898 3120 2949 excuseeren,
3152 2904 3285 2951 ende
3318 2904 3483 2952 heeft

1332 3009 1412 3056 d'
1451 3006 1531 3052 E:
1569 3004 1807 3051 comp=e
1846 3003 1966 3049 van
2003 3005 2123 3051 het
2161 3006 2439 3053 contant
2478 3009 2637 3058 uijt
2675 3014 2794 3060 het
2833 3015 3031 3064 wrack
3068 3018 3229 3066 niet
3266 3021 3427 3069 meer

1336 3112 1439 3157 als
1474 3109 1648 3157 7800:
1680 3108 1819 3157 R=le
1852 3105 2232 3152 ingesmolten
2265 3107 2473 3159 silver
2507 3114 2645 3163 ende
2679 3118 2818 3166 noch
2851 3121 3093 3169 omtrent
3127 3124 3197 3170 de
3230 3125 3265 3171 5
3299 3125 3334 3170 a
3368 3125 3472 3171 600

1331 3214 1478 3263 gul.
1513 3217 1877 3266 aencleeden
1913 3221 2023 3267 die
2059 3221 2242 3267 meest
2277 3223 2569 3271 verbrant
2605 3226 2751 3273 sijn
2787 3229 3079 3278 becomen,
3112 3231 3479 3281 mitsgaders

1335 3329 1455 3376 het
1494 3330 1774 3378 geschut
1812 3333 1853 3379 3
1893 3332 2172 3379 anckers
2211 3332 2371 3380 ende
2410 3332 2689 3383 weynich
2729 3338 3049 3391 verbrant
3088 3347 3455 3400 Iserwerck

1342 3439 1456 3487 van
1493 3440 1716 3486 cleene
1753 3441 2201 3490 Importantie,
2237 3445 2387 3493 ofte
2421 3448 2759 3499 waerdije,
2795 3455 2945 3504 waer
2981 3460 3131 3507 mede
3167 3463 3317 3511 ende
3353 3467 3470 3515 het

1326 3550 1728 3603 gesalveerde
1764 3551 1982 3597 volck,
2018 3551 2127 3597 met
2163 3550 2308 3597 onse
2345 3551 2491 3596 twee
2526 3552 2852 3605 derwaerts
2889 3560 3179 3612 gesonden
3214 3567 3472 3616 Jachter

1333 3658 1447 3705 den
1483 3659 1670 3705 28=en
1706 3659 1894 3706 maert
1932 3661 2157 3709 weder,
2193 3665 2344 3713 hier
2379 3670 2493 3718 ter
2529 3675 2717 3724 reede
2753 3679 3239 3732 geretourneert
3276 3687 3463 3736 sijn,

1336 3763 1410 3809 In
1445 3760 1626 3807 somma
1662 3760 1771 3808 een
1807 3763 1989 3810 groot
2024 3766 2278 3816 verlies
2313 3772 2459 3819 voor
2494 3775 2639 3826 onse
2674 3782 2928 3833 heeren,
2964 3789 3470 3839 godtalmachtich

1305 3867 1554 3915 gelieve
1589 3869 1733 3918 haer
1768 3873 1982 3923 schade
2017 3878 2125 3923 met
2159 3879 2266 3925 een
2302 3880 2517 3930 andere
2551 3887 2978 3940 vorderlijcke
3014 3895 3263 3942 negotie
3298 3893 3371 3940 te

1318 3978 1706 4026 solagieren,
1740 3981 1917 4032 desen
1950 3988 2127 4036 Jaere
2161 3992 2302 4040 doen
2336 3995 2514 4046 weder
2547 4002 2899 4063 besendinge
2933 4018 3250 4070 derwaerts
3284 4025 3428 4072 godt

1303 4080 1445 4129 geve
1479 4083 1621 4130 d'E:
1655 4085 1903 4132 comp=es
1937 4088 2220 4139 scheepen
2253 4095 2394 4144 ende
2429 4099 2677 4151 negotie
2710 4107 2887 4159 beter
2922 4114 3239 4169 fortuijne
3273 4123 3380 4169 als

1326 4190 1445 4239 het
1483 4189 1837 4242 verleeden
1874 4199 2031 4248 Jaer
2069 4204 2305 4256 gedaen
2342 4213 2656 4271 erlangen
2694 4225 2929 4274 mogen.

2895 4472 3451 4524 D'partije
