3560 4937
744 314 980 393 Julio
1022 302 1161 354 ao.
1205 297 1389 344 1646

1229 447 1515 501 meeninge
1550 447 1620 492 te
1655 447 1869 497 willen
1901 455 2219 504 openbaren
2252 458 2360 504 die
2394 457 2571 505 seyde
2606 457 2853 507 tewesen
2888 461 2993 507 dat
3029 462 3100 510 de
3134 466 3315 518 sijde

1227 575 1365 625 niet
1397 572 1605 620 eerder
1637 572 1809 619 wilde
1843 574 2082 626 leveren
2115 582 2287 628 laten
2320 582 2560 629 bevoren
2593 583 2799 630 sekere
2832 586 3073 637 tydinge
3104 594 3209 644 had
3240 601 3350 654 de„

1234 694 1490 744 bekomen
1526 693 1600 739 de
1636 692 1782 737 twee
1819 692 2185 742 vertrocken
2219 695 2513 743 Joncquen
2549 695 2624 742 in
2659 698 2953 747 zeewaren
2987 704 3172 758 alsoo
3206 714 3321 765 be,

1203 814 1585 864 dichtbleeff
1619 815 1689 860 wy
1724 815 1966 862 deselve
2001 817 2209 866 volgen
2244 820 2383 866 ende
2417 820 2801 872 achterhalen
2832 827 3046 879 wilden

980 957 1204 1006 Welcke
1241 955 1503 1002 rapport
1540 953 1653 1000 ons
1689 951 1839 997 seer
1877 952 2101 999 vreemp
2137 954 2176 1000 t
2212 952 2550 1000 voorkomen
2584 950 2735 1001 ende
2773 950 3034 999 siende,
3072 945 3258 1000 omder

1217 1080 1535 1135 Chinesen
1575 1080 1694 1125 wil
1734 1080 1814 1126 op
1851 1079 2172 1127 gehouden
2211 1080 2490 1128 wierden
2529 1082 3007 1132 Resolveerden
3045 1087 3166 1133 met
3204 1089 3338 1140 den

1223 1195 1462 1242 anderen
1494 1199 1562 1245 op
1594 1199 1969 1247 stontselffs
1999 1201 2070 1248 te
2104 1199 2239 1246 hove
2273 1199 2410 1245 voor
2442 1202 2545 1249 den
2578 1205 2815 1254 Coningh
2848 1209 2917 1255 te
2950 1210 3088 1262 gaen
3119 1219 3323 1269 gelijk

1183 1308 1367 1358 deden
1403 1313 1550 1359 voor
1586 1315 1915 1364 denselven
1950 1319 2353 1369 verschijnen
2389 1322 2646 1370 stelden
2681 1326 2793 1373 hem
2827 1330 2975 1380 onse
3010 1336 3193 1388 saken
3229 1343 3359 1389 opt

1218 1423 1832 1474 gevoechelijckste
1869 1429 2061 1478 voor,
2099 1430 2520 1478 Jnvolgender
2558 1433 2941 1487 Substantie
2978 1443 3362 1497 namentlijk

1196 1542 1318 1589 dat
1358 1545 1480 1593 sin
1520 1546 1764 1592 maij=t
1803 1541 1926 1590 ons
1965 1540 2209 1587 emmers
2250 1541 2452 1589 onder
2493 1544 2818 1600 Chinesen
2857 1556 3061 1611 wille
3100 1567 3223 1615 met

1170 1656 1213 1705 1
1245 1661 1635 1712 gelieffden
1673 1668 1751 1715 op
1789 1670 1866 1716 te
1903 1664 2136 1716 houden
2175 1664 2408 1711 nochte
2446 1668 2794 1724 tarderen,
2832 1680 2949 1729 met
2986 1686 3064 1733 de
3102 1689 3219 1736 sij
3256 1690 3335 1737 de

1211 1780 1280 1826 te
1313 1779 1585 1830 leveren,
1618 1786 1888 1833 alsooder
1922 1788 2023 1834 die
2057 1786 2361 1834 Choinesen
2393 1787 2701 1839 nawachten
2733 1796 2836 1843 die
2868 1799 3073 1850 langer
3105 1807 3208 1857 als
3240 1813 3310 1861 2a
3341 1818 3380 1866 3

1201 1889 1375 1937 dagen
1407 1893 1546 1942 niet
1579 1898 1784 1945 conden
1818 1900 2024 1949 blyven
2058 1904 2298 1952 leggen,
2332 1907 2436 1953 off
2468 1907 2710 1958 stonden
2743 1915 2812 1961 de
2846 1916 3053 1974 reijse
3085 1931 3157 1979 op
3187 1938 3359 1992 Japan

1179 2016 1325 2062 ende
1355 2010 1653 2060 saijouan
1688 2015 1835 2061 niet
1869 2018 2234 2067 tegewinnen
2270 2023 2380 2070 tot
2415 2026 2597 2075 groot
2633 2030 2854 2082 nadeel
2888 2040 3072 2093 vande
3106 2049 3290 2104 Comp.
3324 2060 3361 2106 e

1152 2143 1532 2192 Jngevolge
1573 2143 2248 2196 apparenterupture
2287 2151 2416 2199 der
2457 2155 2626 2203 voor
2668 2159 2880 2208 desen
2920 2164 3257 2213 gemaecte

1117 2260 1448 2313 alliantie
1483 2261 1594 2307 met
1630 2262 1742 2311 syn
1777 2267 2035 2321 hoogh:t
2070 2275 2217 2322 ende
2253 2274 2438 2322 onsen
2474 2278 2658 2326 staet
2694 2282 2769 2327 de
2803 2284 3099 2337 Chinesen
3133 2293 3354 2341 eenigh

1213 2386 1362 2435 leet
1399 2386 1472 2431 te
1508 2387 1692 2434 doen,
1727 2390 2093 2444 behoeffden
2129 2397 2275 2444 in't
2312 2399 2715 2453 alderminste
2750 2409 2898 2458 niet
2932 2415 3188 2470 beducht
3225 2425 3300 2472 te

1212 2504 1500 2556 blyven,
1538 2512 1703 2558 want
1744 2512 2030 2561 deselve
2071 2516 2276 2566 lange
2316 2522 2481 2573 voor
2520 2529 2644 2578 ons
2683 2532 2767 2579 de
2807 2535 3095 2593 Reviere
3133 2550 3301 2601 uijt

1199 2638 1377 2685 wesen
1412 2639 1590 2687 coste
1624 2640 1765 2688 ende
1800 2639 2014 2686 souden
2048 2642 2192 2691 onse
2225 2648 2474 2703 Schepen
2507 2660 2649 2709 maer
2684 2665 2827 2715 omde
2860 2671 3357 2734 moijelijckeh:t

1179 2754 1271 2801 der
1301 2756 1516 2803 Reviere
1546 2758 1669 2805 voor
1699 2760 2037 2812 affdrijven,
2066 2769 2220 2818 ende,
2250 2773 2526 2831 wyluijden
2556 2787 2618 2833 in
2647 2788 2862 2839 persoon
2892 2794 2955 2841 10
2984 2797 3015 2843 â
3045 2798 3108 2845 18
3137 2801 3293 2854 dagen

1209 2867 1538 2922 navolgen,
1575 2877 1795 2927 binnen
1830 2882 2087 2933 welcken
2122 2890 2270 2939 tijt
2304 2896 2379 2943 al
2414 2899 2635 2957 conden
2669 2915 2744 2962 in
2779 2919 2962 2967 China
2998 2923 3328 2971 taerders—

1131 2999 1614 3051 gedestineerde
1651 3006 1836 3055 haven
1872 3009 2060 3058 wesen
2095 3014 2208 3062 wat
2243 3018 2356 3067 ons
2391 3023 2540 3074 oocq
2576 3030 2837 3085 movenen
2871 3042 3058 3090 soude
3094 3046 3354 3095 deselve

1138 3124 1212 3171 in
1248 3123 1358 3169 Zee
1394 3122 1576 3171 aente
1612 3122 1869 3178 tasten;
1904 3134 2051 3180 daer
2086 3135 2198 3180 der
2232 3138 2306 3185 de
2341 3141 2562 3196 minste
2596 3152 2780 3203 ordre
2815 3159 2927 3208 toe
2961 3165 3035 3212 en
3069 3168 3289 3220 hadden

1185 3233 1299 3283 van
1336 3238 1489 3286 onse
1525 3243 1715 3292 hooge
1751 3249 2091 3301 overigh:t
2129 3254 2242 3300 soo
2279 3255 2507 3307 bleven
2543 3263 2695 3314 oocq
2732 3270 2846 3319 van
2882 3275 3035 3327 onse
3071 3279 3303 3329 naeste

1148 3353 1479 3401 personen
1519 3356 1974 3413 hieroverigh
2015 3367 2098 3413 de
2138 3366 2388 3422 welcke
2428 3378 2635 3429 emmer
2676 3385 3132 3443 genoechsaem
3171 3395 3296 3446 als

1138 3476 1461 3525 Jostagie
1499 3479 1742 3526 bleven
1781 3481 2022 3527 sweegh
2061 3481 2304 3531 langen
2342 3487 2466 3540 tyt
2503 3498 2745 3546 stille
2784 3503 3106 3553 houdende
3145 3509 3307 3558 maer

1068 3597 1323 3647 doogen
1364 3603 1491 3648 opt
1534 3602 1872 3648 d'ambort
1914 3599 2083 3649 daer
2125 3599 2253 3648 met
2294 3605 2422 3656 een
2462 3613 2675 3667 ander
2716 3623 2970 3675 sleght
3011 3629 3349 3691 soldaet,

1187 3715 1282 3765 op
1324 3723 1930 3778 satenspeelden
1973 3734 2114 3781 tot
2160 3736 2299 3783 tot
2345 3738 2763 3797 andermael
2807 3753 3319 3814 Sombaijeden

1149 3848 1300 3895 ende
1335 3848 1449 3895 met
1485 3847 1859 3895 oeleefth.t
1896 3851 2009 3897 hem
2045 3853 2120 3900 't
2157 3856 2493 3908 verhaelde
2529 3864 2941 3923 voorstelde,
2977 3879 3090 3928 als
3126 3882 3351 3931 wann=r

2876 4035 3029 4089 na
