3410 4985
1083 590 1266 638 aende
1301 593 1482 640 merct
1512 592 1844 643 brachten,
1880 598 1990 644 met
2025 601 2171 648 meer
2204 595 2424 648 andere
2459 592 2713 640 scherpe
2748 591 3113 641 propoosten

1101 715 1198 761 ten
1229 715 1424 764 deelen
1455 719 1552 765 int
1584 719 1713 765 dach
1745 720 2003 772 register
2034 724 2421 773 aengetoogen,
2453 722 2582 769 niet
2613 717 3001 767 tegenstaande
3031 715 3195 762 zulcx

1089 828 1472 880 genoechsaam
1506 832 1611 879 met
1644 835 1887 885 redenen
1921 841 2301 890 wederlijden
2335 845 2439 890 als
2474 843 2543 890 de
2577 839 3131 888 quaatwillicgeijt

1085 948 1185 995 van
1219 947 1421 995 Icquan
1453 950 1522 996 de
1553 952 1756 1000 zeijde
1788 956 1922 1003 alle
1955 958 2090 1008 uijt
2123 962 2291 1008 china
2324 962 2392 1008 in
2424 961 2693 1007 taijoran
2726 953 2995 1005 gebracht
3027 950 3162 996 moet

1086 1064 1327 1111 werden/
1358 1062 1501 1109 ende
1533 1066 1775 1115 'tzelve
1808 1071 1948 1121 land
1980 1078 2118 1126 voor
2153 1081 2359 1127 d'onse
2393 1082 2463 1129 't
2497 1083 2773 1131 eenemael
2806 1078 3082 1127 gesloten

1094 1182 1325 1229 blijft,
1357 1183 1457 1229 met
1489 1183 1689 1233 groote
1719 1188 2050 1239 Capitaalen
2082 1195 2149 1241 in
2181 1196 2446 1243 taijouan
2478 1196 2644 1243 ledug
2671 1192 2907 1243 blijven
2939 1189 3174 1239 zitten,

1091 1303 1212 1348 ende
1241 1304 1392 1350 Japan
1421 1306 1602 1354 echter
1631 1310 1721 1356 van
1751 1308 1932 1356 seijde
1961 1309 2142 1357 doorde
2172 1310 2412 1357 chinesen
2441 1307 2682 1355 gereijst
2711 1305 2862 1352 werd,
2891 1302 2952 1349 de
2981 1299 3165 1347 Comp:e

1092 1419 1223 1466 ende
1253 1421 1382 1466 niet
1414 1421 1576 1470 Iapan
1607 1425 1736 1472 daer
1768 1426 1865 1471 bij
1896 1427 2378 1474 geinterresseert
2410 1426 2507 1473 is,
2538 1423 2667 1470 ende
2698 1419 2893 1468 groote
2924 1410 3118 1464 schade

1097 1536 1324 1585 lijdet,
1356 1536 1712 1584 onaengesien
1743 1540 2034 1589 zodanigen
2066 1543 2227 1589 tegen
2258 1540 2485 1588 bericht
2516 1534 2711 1585 bleven
2743 1530 2841 1579 bij
2871 1527 3098 1574 'thaare

1093 1653 1224 1700 ende
1256 1651 1552 1698 benaamden
1584 1651 1650 1697 so
1682 1652 1912 1698 gantsch
1945 1651 2207 1698 slechten
2239 1652 2403 1698 prijs
2435 1652 2502 1698 op
2533 1650 2600 1697 de
2631 1645 2796 1693 rouwe
2829 1645 3059 1691 zeijden
3091 1646 3191 1696 dat

1089 1759 1305 1806 geloove
1334 1761 1395 1807 't
1426 1761 1794 1809 uijtgeleijde
1824 1763 1948 1809 daer
1977 1764 2071 1810 van
2100 1766 2438 1813 quaalijcken
2465 1767 2805 1814 procedetken
2836 1765 2959 1812 zal,
2987 1764 3050 1810 al
3081 1763 3153 1810 te

1084 1874 1319 1923 precijs
1352 1874 1554 1921 bleven
1588 1876 1723 1924 mede
1756 1879 1891 1926 niet
1924 1882 2093 1928 staen
2125 1885 2193 1932 om
2226 1888 2428 1937 hoogen
2460 1891 2630 1940 merct
2660 1894 2730 1941 te
2763 1894 3032 1944 treffen,
3065 1898 3136 1948 Om

1078 1996 1309 2042 redenen
1342 1996 1474 2042 onse
1506 1997 1706 2050 cleene
1738 2005 1970 2057 partije
2002 2012 2069 2059 op
2101 2014 2299 2064 leegen
2331 2018 2497 2067 prijs
2530 2022 2761 2070 gesteld
2794 2025 3025 2072 zijnde,
3057 2024 3124 2070 de

1085 2118 1349 2167 chinesen
1382 2122 1614 2170 'tzelve
1646 2126 1712 2172 in
1744 2127 1877 2176 haer
1909 2131 2108 2181 groote
2140 2137 2502 2191 quantiteijt
2534 2143 2601 2190 te
2633 2142 2799 2189 beter
2831 2143 3096 2190 gevoelen

1078 2255 1347 2305 mochten,
1380 2257 1448 2303 de
1479 2259 1681 2311 zeijde
1709 2266 1779 2313 in
1810 2265 1946 2312 twee
1978 2268 2410 2322 hoorteekinghe
2443 2277 2743 2323 verdeelt,
2776 2276 2843 2322 is
2875 2274 2943 2320 de
2975 2270 3143 2318 prijs

1087 2380 1335 2428 beraamt
1370 2383 1656 2434 d'ilkste
1689 2390 1903 2436 voorte
1937 2391 2044 2439 tot
2079 2393 2221 2439 700:
2256 2394 2399 2442 ende
2433 2396 2505 2441 de
2540 2394 2753 2443 tweede
2788 2393 2859 2438 op
2894 2387 3001 2437 260
3035 2381 3179 2431 scil

1067 2496 1469 2547 verschelende
1501 2503 1602 2551 met
1634 2506 1702 2553 't
1734 2510 2034 2562 voorleden
2066 2518 2201 2564 Iaer
2232 2520 2333 2566 20:
2365 2518 2532 2564 teijl
2565 2515 2765 2563 perp:o
2798 2514 2866 2560 zo
2894 2512 2965 2561 op
2995 2503 3165 2556 diere

1073 2619 1166 2666 als
1196 2619 1442 2670 d'andere
1472 2625 1809 2675 horteikinge
1839 2630 1962 2677 daer
1992 2632 2084 2678 bij
2114 2632 2207 2680 dan
2236 2634 2360 2680 noch
2390 2635 2483 2681 int
2512 2634 2788 2681 hortelken
2818 2632 2880 2678 so
2910 2623 3156 2676 discreet

1085 2730 1379 2788 handelen,
1410 2744 1509 2790 dat
1540 2746 1703 2794 onder
1736 2749 1801 2794 de
1833 2748 2062 2795 partije
2093 2751 2191 2798 van
2223 2753 2289 2798 27
2320 2752 2419 2797 p:s
2450 2749 2679 2797 ontrent
2711 2749 2744 2794 5
2775 2745 2874 2793 p:s
2906 2739 3106 2788 eerste

1081 2856 1225 2904 ende
1257 2860 1328 2906 22
1362 2859 1469 2906 p:l
1501 2862 1712 2908 tweede
1747 2862 1957 2909 hoorte
1991 2865 2376 2919 uijtvinden,
2411 2873 2516 2919 dat
2550 2869 2761 2918 hoewel
2795 2864 3180 2915 onredelijck

1087 2968 1275 3015 echter
1305 2967 1556 3014 sodanich
1587 2967 1776 3015 moeten
1806 2969 2025 3015 aensien

573 3149 763 3201 Plaat
796 3149 1101 3201 aencomen
1138 3149 1251 3195 der
1288 3148 1590 3194 schelpen
1627 3149 1779 3195 ende
1815 3148 2417 3197 voornamentlijcke
2454 3149 2681 3195 tspade
2717 3150 2981 3197 maacken
3018 3149 3142 3195 der

1052 3264 1205 3310 prijs
1236 3265 1389 3311 vande
1418 3265 1572 3311 rouwe
1602 3265 1756 3312 zijde
1786 3266 2123 3316 veroorsaect
2153 3271 2245 3318 dat
2276 3273 2430 3321 alles
2459 3277 2735 3324 vercoopen
2765 3274 3103 3323 uijtleveren

1053 3378 1150 3425 van
1182 3378 1663 3428 Coopmanschappen
1694 3383 1822 3428 ende
1853 3382 1919 3428 't
1950 3384 2111 3430 geene
2142 3386 2303 3433 voort
2334 3389 2462 3435 daer
2494 3390 2590 3435 ons
2622 3389 2975 3438 dependeckt,
3006 3394 3167 3441 over

1052 3488 1195 3540 hoop
1227 3495 1369 3541 moet
1404 3496 1755 3544 voortgaen,
1789 3495 1931 3542 also
1966 3495 2071 3541 nae
2106 3496 2211 3541 den
2246 3496 2492 3545 eersten
2527 3500 2949 3548 vercoopdaech
2982 3498 3090 3545 ge

1044 3619 1204 3667 wetst
1236 3618 1429 3664 sijnde
1460 3617 1621 3664 17:en
1652 3612 1910 3661 eptember
1941 3612 2262 3660 eenelijcke
2294 3612 2551 3660 veertich
2582 3612 2743 3658 dagen
2772 3611 2935 3659 tijts
2967 3605 3191 3655 overich

3055 3688 3112 3734 en

1042 3733 1239 3780 hebben
1272 3732 1371 3778 nae
1403 3731 1536 3779 dien
1567 3734 1634 3780 de
1664 3734 1798 3780 20:e
1830 3732 1963 3778 dach
1995 3733 2161 3782 vande
2192 3734 2324 3784 9en
2356 3734 2488 3781 maan
2520 3735 2751 3782 wesende
2782 3731 2882 3778 den
2910 3723 3080 3775 28en

1046 3849 1305 3902 october
1341 3847 1672 3895 'tjongste
1708 3849 1893 3899 schip
1928 3855 2479 3906 nootsaakelijcke
2515 3857 2882 3905 vertrecken
2917 3853 3104 3902 moet,

1053 3964 1329 4012 waernaer
1363 3964 1466 4009 dan
1500 3964 1673 4013 alles
1706 3969 1878 4015 hoope
1912 3969 1981 4015 te
2015 3969 2290 4017 Beleggen
2324 3970 2428 4016 ten
2461 3964 2943 4016 Gepresigeerden
2976 3961 3116 4009 tijt

1057 4086 1287 4143 Gereet
1323 4086 1549 4134 moogen
1586 4090 1736 4139 zijn

567 4255 724 4304 Naer
763 4259 918 4306 alle
956 4259 1344 4307 omstandie,
1382 4263 1537 4309 eden
1575 4265 1923 4314 Begrijpen
1961 4265 2116 4311 uEd:
2153 4259 2271 4310 sen
2310 4258 2581 4307 Rechjts
2619 4263 2735 4310 den
2773 4258 3045 4312 Chinees

2668 4423 3081 4479 alhier/.
