3410 4985
1113 610 1269 657 vande
1300 613 1581 662 Japanders
1611 618 1675 663 en
1704 620 2109 673 gelegentheijt
2140 628 2233 674 met
2264 629 2390 677 haer
2420 632 2483 678 te
2513 634 2762 681 sprecken
2793 636 3199 686 verhinderende

1140 727 1337 774 voorde
1368 729 1694 784 seeckerste
1726 740 1954 792 remedie
1986 748 2052 794 en
2084 750 2280 798 maxime
2311 753 2377 800 om
2409 755 2474 800 de
2507 755 2897 803 cristenheijt
2929 758 2995 803 te
3026 757 3222 804 weeken

1148 843 1391 892 geleuden
1419 848 1570 898 werd,
1600 853 1692 901 tot
1721 857 1932 906 meerder
1961 861 2293 916 Confirmatie
2323 871 2505 922 vanden
2533 878 2744 927 grooten
2774 882 2895 929 haat
2925 884 3045 929 ende
3076 884 3197 932 aff„

1142 958 1348 1006 schrick
1377 962 1466 1009 der
1494 965 1848 1023 cristenbeijt
1875 980 1936 1028 is
1963 984 2025 1032 de
2051 990 2287 1042 chinesen
2315 998 2403 1044 van
2433 999 2609 1045 nankin
2638 1000 2726 1046 den
2756 1001 2932 1046 handel
2960 998 3196 1046 onteeijt

1140 1076 1351 1124 vermits
1380 1080 1441 1125 in
1470 1081 1621 1129 Iunij
1650 1084 1861 1137 paslado
1889 1093 2071 1145 alhier
2100 1101 2221 1151 twee
2250 1107 2461 1156 Ioncken
2490 1112 2611 1161 uijt
2639 1117 2820 1163 narkin
2850 1118 3180 1166 verscheijn„

1135 1191 1289 1240 nende
1318 1195 1409 1242 met
1438 1198 1679 1252 advijsen
1708 1207 1799 1255 den
1828 1211 2009 1261 tartar
2038 1217 2220 1269 'tland
2247 1226 2429 1276 aldaer
2457 1231 2848 1288 overweldich,t
2878 1242 2998 1288 ende
3027 1239 3178 1286 onder

1143 1304 1261 1352 sijn
1289 1308 1551 1360 subjectie
1579 1316 1813 1368 gebracht
1841 1324 2017 1377 hadde,
2044 1333 2133 1381 tot
2160 1338 2481 1394 Confirmatie
2509 1349 2598 1395 van
2625 1352 2743 1402 dien
2770 1358 2858 1405 was
2886 1361 3003 1407 alle
3032 1363 3090 1408 't
3119 1363 3238 1415 volg

1136 1423 1226 1471 der
1256 1426 1466 1478 beijder
1495 1433 1706 1486 Joncken
1733 1443 1794 1489 op
1823 1445 1884 1491 de
1912 1447 2122 1500 maniere
2151 1455 2242 1503 der
2271 1459 2510 1513 tartaren
2539 1469 2838 1522 geschoren,
2868 1477 3017 1526 zulcx
3046 1481 3113 1533 In

1137 1545 1296 1592 Julij
1325 1549 1452 1599 daer
1482 1555 1827 1610 aenvolgende
1858 1565 2110 1621 expresse
2140 1577 2267 1628 last
2296 1583 2424 1634 uijt
2454 1591 2581 1638 Jedo
2611 1594 2830 1643 Comende
2861 1595 3149 1645 geschijde

1140 1663 1405 1712 chinesen
1437 1668 1701 1725 zodanigh
1734 1680 1834 1729 als
1866 1685 2098 1740 gecomen
2129 1697 2329 1751 waaren
2360 1708 2428 1756 te
2459 1713 2790 1767 vertrecken
2821 1722 2954 1768 ende
2986 1719 3119 1766 niet

1129 1785 1295 1837 weder
1327 1793 1394 1838 te
1425 1795 1623 1845 keeken
1655 1801 1854 1854 gelast
1885 1810 2084 1864 werde,
2115 1820 2215 1868 met
2246 1825 2542 1881 voorgeven
2574 1837 2706 1883 dese
2738 1838 3002 1891 chinesen
3034 1847 3133 1896 al„

1125 1915 1294 1965 thans
1328 1919 1599 1969 tartaren
1631 1925 1767 1975 ende
1799 1930 2172 1991 geschinesen
2203 1948 2272 1995 te
2304 1951 2509 2005 achten
2540 1962 2709 2012 sijn,
2742 1966 2843 2014 met
2877 1969 2945 2015 de
2978 1971 3182 2020 welcke

1114 2037 1286 2088 japan
1318 2044 1489 2094 noijt
1522 2050 1726 2102 bandel
1760 2058 1898 2107 ofte
1929 2064 2440 2130 Correspondentie
2472 2086 2745 2141 gehouden
2777 2098 2949 2148 heeft
2981 2103 3117 2150 ende

1119 2158 1591 2219 principalijcken
1622 2175 1686 2222 om
1716 2178 1811 2225 dat
1841 2181 1969 2232 voor
1998 2188 2156 2237 desen
2187 2192 2377 2244 alhier
2406 2201 2627 2254 gerucht
2658 2210 2752 2255 sij
2783 2210 2847 2257 de
2878 2212 3130 2261 fantaren

1116 2288 1176 2333 de
1207 2288 1569 2343 cristenheijt
1599 2298 1901 2349 excerceren
1931 2304 2053 2353 ofte
2082 2308 2173 2357 ten
2203 2313 2415 2365 minsten
2444 2321 2505 2366 't
2534 2321 2717 2374 cruijs
2744 2329 3018 2378 advreren,
3048 2331 3200 2379 sulcx

1096 2410 1300 2458 nankin
1333 2413 1435 2460 den
1467 2415 1738 2469 Iapansen
1770 2424 1973 2476 handel
2006 2431 2310 2485 quiteeren
2343 2441 2478 2488 moet
2511 2443 2648 2490 ende
2679 2446 2815 2494 zijn
2848 2450 2916 2495 de
2949 2451 3155 2498 Iongst

1120 2536 1337 2584 gecomen
1368 2539 1493 2585 ofte
1523 2541 1804 2595 geschoren
1833 2552 1959 2600 daer
1988 2557 2113 2604 hier
2143 2560 2238 2608 van
2267 2564 2516 2612 sprecken
2546 2567 2764 2615 alreede
2795 2569 2982 2617 beijde
3012 2571 3137 2618 ver„

1120 2653 1373 2708 trocken,
1399 2663 1528 2712 doch
1558 2668 1810 2718 alvooren
1840 2675 1935 2721 als
1964 2678 2247 2731 jngnorand
2277 2686 2403 2732 haer
2433 2687 2684 2735 goederen
2715 2690 2841 2737 voor
2871 2693 2997 2740 dese
3028 2693 3187 2740 reijs

1119 2777 1188 2824 te
1221 2778 1557 2833 vercoopen,
1590 2788 1928 2844 toegestaen
1960 2801 2028 2846 de
2061 2802 2195 2849 rest
2229 2804 2431 2856 alhier
2464 2812 2801 2864 verwintert
2834 2819 2969 2866 ende
3002 2819 3103 2867 een

1118 2903 1184 2950 te
1217 2905 1415 2952 vooren
1448 2907 1581 2953 noch
1612 2910 1844 2958 Chinees
1876 2913 2240 2970 ongeschoren
2272 2926 2438 2975 staen
2470 2931 2602 2980 mede
2635 2935 2833 2988 binnen
2865 2943 3065 2993 Corten
3093 2944 3163 2995 te

1098 3025 1444 3076 vertrecken,
1475 3031 1571 3077 die
1601 3032 1697 3078 bij
1727 3034 1917 3084 aldien
1948 3040 2074 3092 naer
2105 3047 2326 3098 nanikin
2357 3053 2547 3102 keeken
2577 3058 2704 3110 haer
2734 3066 2830 3115 den
2860 3072 3084 3130 tartaer

1111 3151 1306 3199 zullen
1336 3153 1533 3200 moeten
1565 3155 1956 3210 submitteeren
1987 3166 2119 3215 ende
2148 3172 2214 3221 de
2246 3177 2409 3224 zelve
2441 3180 2604 3230 wijse
2635 3186 2831 3238 volgen
2862 3194 2993 3244 ofte
3024 3199 3157 3252 voer

1094 3281 1297 3327 weder
1337 3280 1662 3327 spannige
1700 3284 2024 3335 Desbrast
2063 3290 2309 3345 werden

907 3518 1183 3573 wannieer
1216 3520 1319 3568 dit
1352 3524 1660 3580 ontseggen
1692 3536 1796 3586 der
1827 3542 2101 3592 nankinse
2134 3548 2408 3600 Chinesen
2440 3556 2747 3609 verstonde
2780 3563 3190 3620 Considerekde

1099 3638 1196 3687 die
1227 3640 1483 3692 luijden,
1514 3647 1676 3697 japan
1706 3653 1962 3703 missende
1993 3658 2090 3705 met
2121 3660 2538 3718 'tonverzeerde
2567 3675 2697 3726 land
2727 3683 2824 3729 van
2854 3685 3014 3736 china
3046 3689 3142 3735 als

1108 3754 1292 3807 jcquam
1320 3763 1442 3814 ende
1471 3769 1623 3819 zijne
1652 3775 1955 3828 adverenten
1984 3784 2047 3831 in
2075 3787 2289 3837 oorlocr
2317 3793 2438 3839 ende
2468 3794 2590 3842 alle
2619 3797 3013 3852 gelegentheijt
3042 3808 3133 3854 van

1084 3894 1315 3943 negotie
1346 3896 1707 3950 affgesneden
1738 3906 1968 3956 zijnde,
2000 3911 2066 3956 de
2098 3911 2296 3961 Comp:e
2327 3918 2459 3965 daer
2490 3921 2623 3970 uijt
2654 3927 2982 3976 weleenicgh
3013 3929 3178 3978 voor„

1090 4021 1218 4068 deel
1250 4023 1508 4073 toecomen
1538 4029 1763 4077 mochte,
1795 4032 1955 4078 hebbe
1987 4033 2116 4081 goet
2147 4036 2373 4088 gedacht
2403 4043 2564 4090 uEd:e
2596 4044 2758 4091 hulcx
2788 4047 2853 4094 te
2884 4048 3206 4096 verthoonsn

1089 4137 1234 4184 ende
1269 4138 1342 4184 in
1377 4140 1702 4191 bedencken
1737 4147 1809 4194 te
1845 4149 2025 4199 geven
2060 4154 2205 4203 ofte
2240 4159 2349 4204 Bij
2384 4159 2529 4205 dese
2563 4160 3031 4208 Gelegentheijt
3067 4161 3211 4208 niet

2421 4362 3214 4427 Practicabel/.
