3567 4801
2732 517 2941 588 936

676 563 1081 616 february
1128 557 1336 606 1646

790 706 952 765 Naer
987 709 1108 761 dat
1147 707 1226 753 8'
1265 706 1461 752 mags.
1500 705 1540 751 t
1577 705 1855 757 wederom
1893 708 1972 753 in
2011 708 2248 759 Delour
2286 715 2405 761 Was
2443 713 2877 765 aengelanght

991 819 1350 869 soliciteerde
1380 819 1709 866 ananteroije
1738 818 1979 864 ernstich
2008 819 2099 865 tot
2128 821 2368 872 vertreck
2397 827 2458 873 en
2487 829 2846 878 bescherminge
2876 831 2969 878 Van

974 932 1087 986 sijn
1112 929 1252 976 landt
1279 926 1472 973 daerbij
1498 923 1664 971 doende
1691 922 1747 968 d'
1773 921 1939 967 magjs.
1967 922 1994 967 t
2022 922 2160 970 hebbe
2186 925 2490 974 schdickwils
2516 930 2874 978 gewaerschouwt

2932 921 2952 967 -

989 1044 1239 1106 Chinamna
1267 1042 1486 1088 Chuttij
1517 1042 1641 1088 niet
1672 1041 1919 1087 bestandt
1950 1041 2044 1087 was
2074 1041 2353 1088 Oudegiere
2384 1043 2445 1088 te
2476 1040 2817 1091 defenderen,
2847 1033 2972 1083 doch

974 1168 1123 1228 heeft
1150 1165 1181 1212 u
1203 1160 1350 1213 mags.
1377 1158 1550 1204 echter
1578 1158 1664 1204 ten
1692 1157 1863 1203 vollen
1891 1156 1950 1202 op
1977 1157 2063 1202 hem
2092 1157 2349 1204 betrouwt,
2376 1156 2463 1203 end
2491 1156 2548 1202 nu
2576 1153 2663 1201 Ist
2691 1151 2950 1198 verloren,

969 1282 1200 1339 daeromme
1228 1277 1343 1326 moet
1370 1275 1429 1321 te
1456 1270 1714 1319 erreijsen
1741 1267 1857 1315 omme
1885 1267 1971 1312 het
1999 1267 2142 1313 mijne
2171 1268 2228 1313 te
2256 1264 2571 1313 beschennen,
2598 1263 2685 1308 den
2712 1255 2970 1307 Coninckin

981 1397 1163 1454 Contra
1192 1394 1344 1441 hadde
1372 1391 1494 1437 gaen
1523 1387 1614 1435 hem
1643 1381 2035 1431 daergehouden,
2064 1383 2124 1428 om
2155 1382 2365 1428 redenen
2395 1382 2546 1428 midts
2574 1378 2696 1425 sijn
2725 1376 2968 1423 vertreck

963 1519 1332 1577 d'authoriteyt
1359 1516 1444 1563 van
1472 1514 1557 1561 syn
1585 1512 1698 1559 Hoff
1726 1511 1838 1557 seer
1866 1507 2148 1556 vermindert
2176 1506 2317 1554 bleef
2345 1506 2457 1552 maer
2485 1507 2654 1555 voorsz
2683 1504 2964 1554 ananteraje

964 1630 1353 1690 persisterende
1381 1623 1740 1675 licentieerde
1769 1621 1859 1667 hem
1888 1619 1948 1666 d'
1977 1618 2126 1666 mags.
2155 1619 2186 1665 t
2213 1617 2305 1662 met
2333 1614 2722 1662 recommandatie
2751 1616 2872 1664 alle

962 1745 1178 1800 aevenuen
1203 1740 1365 1788 sijner
1391 1735 1631 1784 lamtpalen
1658 1730 1872 1780 sterckte
1896 1728 2138 1774 besetten,
2164 1726 2272 1773 ende
2298 1726 2405 1772 over
2431 1727 2485 1772 al
2511 1726 2619 1772 Inde
2644 1722 2938 1772 bosschagien
2963 1718 2992 1766 —

955 1858 1137 1911 d'oogh
1165 1855 1255 1903 Int
1284 1850 1433 1899 seilt
1462 1849 1670 1895 houden,
1700 1848 1819 1894 ende
1846 1845 1907 1891 Is
1936 1845 2085 1891 alsoo
2114 1844 2233 1892 naer
2262 1840 2441 1888 groote
2470 1835 2767 1886 ontfangene
2795 1832 2886 1880 eer

924 1984 1098 2038 Vande
1131 1977 1306 2028 mags.
1339 1973 1375 2019 t
1409 1967 1756 2017 verreijst—

854 2130 967 2181 Den
1003 2113 1493 2172 Coninckbecomt
1531 2111 1681 2158 oock
1718 2104 2020 2156 advijsen
2057 2101 2208 2148 uijt
2245 2100 2321 2146 't
2359 2097 2547 2145 leger
2583 2093 2698 2144 van

943 2226 1296 2287 Mustaffschan
1325 2224 1617 2271 geschreven
1647 2224 1734 2269 bij
1764 2224 1910 2270 synen
1939 2220 2261 2270 ambassadeur
2289 2212 2524 2264 weldende
2553 2210 2641 2257 hoe
2670 2209 2758 2256 dat
2787 2210 2995 2259 Voornom

949 2344 1245 2399 mustafschan
1271 2343 1325 2389 in
1351 2340 1459 2387 rade
1485 2337 1620 2384 hadde
1647 2335 1968 2382 g'alligeert,
1995 2334 2049 2380 d'
2075 2332 2210 2379 Crone
2236 2330 2317 2376 van
2343 2327 2585 2375 Pisiapour
2611 2323 2746 2372 noijt
2772 2318 3015 2368 sodanigen

938 2460 1190 2514 schande)
1222 2458 1316 2505 met
1346 2454 1505 2503 slaen
1536 2452 1694 2498 hadde
1724 2448 2008 2497 Ontfangen
2039 2445 2134 2492 als
2165 2443 2229 2489 nu
2259 2442 2354 2488 met
2385 2440 2480 2486 den
2511 2437 2889 2487 Carnatischen

943 2579 1136 2638 Conincq
1162 2575 1246 2623 was
1272 2571 1520 2619 geschredt
1545 2567 1630 2616 die
1657 2565 1905 2613 nochttans
1932 2564 2015 2610 van
2041 2561 2207 2608 sijnen
2233 2558 2427 2605 meester
2453 2556 2564 2603 ende
2590 2554 2701 2600 door
2728 2551 2811 2598 syn
2839 2550 2976 2596 macht

941 2695 1077 2747 aende
1100 2688 1236 2738 Crone
1262 2686 1343 2733 was
1369 2682 1610 2730 geraeckt,
1635 2682 1742 2728 ende
1768 2680 1929 2726 daerin
1955 2680 2249 2728 bevesticht,
2275 2680 2489 2727 derhalve
2515 2679 2595 2725 ome
2622 2677 2783 2724 sulcke
2808 2676 2999 2725 schande

929 2820 991 2873 te
1016 2809 1271 2863 repareren
1299 2804 1495 2852 moesten
1523 2803 1608 2849 met
1635 2802 1692 2848 d'
1720 2802 1944 2849 presente
1972 2803 2112 2849 macht
2140 2804 2197 2849 't
2225 2801 2365 2849 stucq
2392 2799 2617 2846 beginnen
2646 2792 2955 2844 s'ervatten,

929 2929 1047 2983 ende
1074 2927 1104 2973 '
1130 2921 1275 2970 Bosch
1301 2917 1730 2965 wederintrecken,
1757 2916 2072 2963 schrijvende
2101 2916 2158 2961 en
2186 2913 2443 2961 ontbieden
2471 2912 2842 2960 ondertusschen
2870 2913 2984 2960 Chan

931 3045 1060 3104 Chan
1088 3037 1183 3088 die
1213 3035 1245 3082 8
1274 3034 1306 3080 O
1337 3033 1554 3079 paerden
1584 3033 1771 3079 stercq
1801 3033 1894 3079 was
1925 3033 1987 3079 om
2018 3033 2080 3079 te
2110 3032 2482 3079 Conjungeren,
2511 3030 2575 3076 in
2604 3023 2916 3075 Conformise

931 3164 1014 3211 van
1038 3157 1151 3207 dese
1175 3149 1424 3200 resolutie
1450 3147 1533 3194 was
1561 3146 1835 3192 voorwouden
1862 3147 2218 3197 Veledtoverste
2246 3151 2356 3196 niet
2382 3151 2547 3197 alleen
2574 3149 2849 3196 Couragieus
2874 3147 2959 3193 het

891 3279 1046 3336 Bosch
1076 3271 1411 3323 gepasseert,
1441 3270 1564 3316 maer
1594 3270 1716 3316 oocq
1746 3270 2020 3317 gelogeert
2050 3271 2142 3317 ter
2171 3267 2386 3316 plaetse
2416 3266 2508 3311 den
2538 3266 2751 3312 Conincq
2782 3267 2937 3316 leger

905 3390 1053 3444 hadde
1081 3386 1370 3433 geslaegen,
1398 3385 1457 3431 't
1485 3383 1630 3429 welcq
1658 3382 1804 3428 alles
1830 3381 2006 3428 hebben
2034 3382 2267 3428 verstaen
2294 3384 2441 3432 heeft
2468 3388 2699 3434 niagadeu
2728 3388 3048 3441 gouverneur—

904 3513 999 3567 des
1026 3502 1208 3557 landts
1237 3499 1357 3546 alle
1387 3497 1506 3543 sijn
1536 3494 1746 3542 vrouwen
1775 3493 1835 3539 en
1865 3493 2105 3541 kinderen
2134 3496 2435 3542 landewaert
2463 3498 2523 3544 In
2553 3499 2613 3544 op
2643 3499 2733 3544 een
2763 3496 3002 3544 sterckte

918 3634 1028 3683 Int
1062 3628 1245 3677 Bosch
1279 3622 1571 3673 genaempt
1605 3602 2187 3665 Wierabadadrougan
2221 3604 2548 3659 gebraght,
2583 3610 2656 3656 en
2691 3606 2801 3655 van
2837 3606 2983 3655 daer

905 3757 966 3806 in
994 3753 1198 3801 persoon
1224 3745 1517 3798 vertrocken
1544 3742 1661 3789 naer
1689 3734 1980 3786 sickenouli
2008 3729 2212 3778 drougan
2240 3730 2356 3776 dies
2385 3730 2704 3777 mustafschan
2733 3730 2851 3777 sich

880 3872 1042 3922 selven
1067 3870 1096 3915 (
1122 3864 1284 3914 siende
1310 3860 1419 3908 dese
1446 3858 1635 3905 vlught)
1662 3856 1743 3903 hem
1769 3852 2039 3900 verblijdt,
2065 3850 2174 3896 ende
2200 3848 2363 3895 redres
2389 3846 2740 3898 verseertkert,
2766 3849 2986 3897 gemelten

891 3986 1231 4043 mustafschan
1260 3982 1415 4029 heeft
1445 3978 1538 4026 aen
1568 3976 1660 4022 der
1690 3969 1905 4020 Conincx
1936 3969 2089 4014 raden
2120 3968 2427 4014 Nareijnepa
2457 3968 2521 4014 en
2549 3969 2948 4018 Wengereputtij

893 4095 1205 4145 geschreven,
1231 4093 1402 4138 mijnen
1431 4089 1629 4138 Coninck
1655 4085 1770 4134 ende
1798 4083 1883 4130 den
1911 4080 2025 4128 uwen
2053 4080 2223 4126 hebben
2251 4080 2506 4126 Vooreeden
2534 4081 2705 4129 altijt
2732 4084 2817 4130 als

883 4206 1165 4255 broeders
1199 4208 1445 4254 geweest
1479 4208 1934 4257 tegenwoordich
1968 4207 2075 4254 ock
2109 4209 2214 4255 met
2249 4208 2424 4254 mijne
2459 4206 2634 4253 macht
2669 4205 2775 4253 uyt
2806 4207 2847 4254 —
