3505 4869
2318 929 2505 980 1044

327 1078 558 1129 Touw
615 1077 904 1125 vande
960 1076 1192 1126 Spil
1249 1073 1767 1130 geworpen,
1815 1071 2055 1122 ende
2101 1061 2286 1115 het

369 1196 804 1248 verhuelde
851 1193 1047 1240 worp
1091 1195 1286 1242 omde
1333 1194 1526 1242 Spal
1574 1197 1864 1244 geleyt
1911 1197 2105 1244 ende
2153 1199 2348 1249 doen

360 1345 605 1397 winden
636 1346 766 1398 soo
804 1344 928 1391 dat
968 1342 1292 1390 daerdoor
1332 1340 1455 1387 het
1489 1336 1697 1388 jacht
1736 1330 1860 1381 een
1899 1326 2143 1373 schoot
2183 1317 2428 1371 achter

355 1488 457 1534 wt
506 1484 659 1533 nam
708 1483 910 1531 ende
959 1478 1111 1527 wel
1162 1476 1313 1523 vyn
1363 1473 1565 1519 voet
1614 1473 1917 1519 waters
1967 1468 2169 1518 daer
2218 1455 2423 1512 mede

365 1634 645 1685 wannen
683 1628 969 1678 Eyndel
1014 1624 1294 1672 doorde
1339 1621 1618 1671 meeste
1663 1611 1897 1664 macht
1942 1608 2456 1660 vantschieps

367 1766 573 1815 voock
612 1763 857 1813 tegens
897 1763 1021 1810 den
1060 1763 1387 1815 Schipper
1427 1752 1794 1807 geroopen,
1833 1751 1916 1797 wy
1956 1750 2201 1797 sullen
2241 1749 2490 1796 hettow

362 1907 762 1964 ontstucken
799 1901 1082 1952 winden,
1120 1896 1442 1946 oversulx
1480 1892 1562 1942 hy
1598 1884 1921 1938 Schipper
1959 1877 2120 1927 riep
2159 1874 2320 1921 wort
2359 1865 2481 1918 aen

355 2045 585 2100 (onder
621 2031 1003 2088 reverentie
1040 2028 1460 2077 geschreven)
1496 2030 1611 2078 den
1649 2022 1839 2078 Bruy,
1876 2012 2257 2068 dierhulven
2294 2000 2485 2055 weder

367 2184 744 2252 protortie
785 2179 869 2226 is
909 2172 1204 2222 gedient
1245 2170 1580 2219 Schipper
1622 2165 1789 2213 laet
1830 2154 2166 2210 hetswaer
2207 2146 2460 2198 ancker

365 2318 689 2376 daerby.
731 2305 1104 2361 wehulen,
1149 2293 1427 2348 twelck
1472 2292 1704 2340 byden
1749 2284 2120 2338 Schipper
2163 2267 2443 2326 wierde

366 2454 805 2513 gerefuseert)
840 2450 916 2498 op
951 2445 1135 2494 welck
1171 2441 1391 2488 resuys
1425 2438 1538 2486 het
1573 2434 1794 2484 worpen
1831 2426 2160 2479 gebroken,
2197 2425 2344 2472 ende
2377 2423 2490 2471 het

338 2590 546 2647 jucht
587 2582 833 2635 tegens
873 2581 956 2628 de
996 2575 1202 2623 Gront
1243 2575 1366 2620 aen
1406 2571 1817 2622 Stierboort
1857 2565 2104 2616 dreeff
2145 2565 2477 2616 invongen

377 2724 466 2781 hy
506 2706 839 2766 Schipper
878 2695 1088 2748 weder
1128 2690 1212 2738 op
1253 2690 1379 2737 syn
1420 2689 1628 2735 prive
1669 2677 2126 2735 auchoritate
2165 2670 2418 2722 tegens

364 2832 651 2883 natuyr,
691 2826 938 2876 wwerck
977 2823 1103 2870 hun
1140 2818 1389 2871 echter
1429 2815 1553 2861 wel
1590 2813 1717 2860 tot
1757 2802 2168 2857 verscheyde
2208 2796 2455 2846 reysen

358 2953 546 3002 vande
581 2943 1072 2997 hoochbootsman
1110 2939 1335 2987 gelyck
1371 2936 1448 2984 de
1485 2930 2126 2981 gejnterrogeerdens
2161 2916 2500 2971 verclaren

354 3059 635 3114 gehoort
672 3052 1035 3102 tehebben,
1074 3052 1194 3099 dat
1232 3050 1434 3097 werde
1474 3044 1954 3095 gewaerschont
1993 3041 2313 3089 alsooder
2353 3033 2514 3085 maer

366 3183 550 3235 acht
592 3175 641 3224 a
682 3163 822 3217 tye
865 3159 1048 3206 voot
1094 3154 1321 3204 water
1366 3154 1503 3200 was
1543 3151 1684 3201 tot
1729 3149 2002 3197 schade
2045 3146 2229 3194 vant
2272 3136 2501 3192 Schip

378 3274 729 3339 streckte,
766 3270 883 3317 een
920 3263 1153 3313 ancker
1190 3259 1308 3307 aen
1345 3250 1810 3302 Stuijerboort
1849 3248 2158 3297 huijbers
2196 3243 2506 3293 achterwi

371 3380 535 3430 over
574 3375 658 3424 de
698 3365 986 3417 droocht
1026 3362 1108 3409 op
1148 3362 1273 3408 een
1311 3352 1559 3404 aatwie
1600 3352 1764 3398 vann
1804 3352 2051 3399 water,
2091 3349 2338 3398 tselve
2377 3341 2543 3393 huns

369 3482 847 3541 rassemans,
894 3475 1038 3525 Jan
1085 3465 1372 3520 dirxsz
1419 3454 1945 3507 Schoorsteen
1991 3450 2184 3499 ende
2230 3446 2472 3496 Claes

372 3595 696 3649 hoeloffs
735 3583 1141 3638 affirmeren
1180 3580 1383 3627 laten
1424 3573 1707 3624 vallen,
1745 3569 1828 3617 Op
1867 3564 2071 3612 welck
2108 3559 2354 3609 vallen
2393 3557 2558 3604 vant

375 3702 608 3757 ancker
646 3702 725 3749 hy
756 3696 1110 3750 Schipper,
1148 3696 1264 3743 het
1302 3696 1535 3743 groote
1572 3696 1727 3744 Touw
1765 3691 1959 3740 vande
1995 3687 2152 3736 spil
2190 3680 2543 3731 gesnieten

379 3826 564 3877 ende
609 3822 747 3869 het
791 3818 1067 3866 Duytow
1110 3815 1295 3862 daer
1339 3812 1570 3859 weder
1613 3812 1707 3858 om
1747 3808 2027 3858 geleyt
2065 3811 2118 3858 e
2161 3807 2347 3856 daer
2391 3802 2507 3851 op

371 3946 804 4004 aengewonden
843 3946 961 3991 Soo
999 3942 1119 3991 dat
1157 3939 1237 3987 de
1275 3933 1787 3983 hoochbootsman
1825 3936 2061 3983 tegens
2100 3934 2219 3981 hen
2257 3923 2572 3978 Schipper

369 4081 493 4128 die
534 4075 699 4125 hier
738 4064 1195 4120 beschincken
1236 4063 1402 4109 was,
1442 4062 1609 4108 ende
1649 4061 1774 4109 nae
1815 4061 1981 4107 geen
2022 4058 2229 4107 reden
2268 4046 2476 4102 wonde

371 4199 719 4248 luijkeren
756 4199 987 4249 seyde,
1025 4195 1141 4243 het
1178 4191 1256 4239 is
1294 4186 1603 4236 verloren
1641 4184 1951 4237 gewonnen
1986 4190 2141 4240 want
2179 4185 2372 4234 wysev
2410 4180 2489 4229 en

0 1722 162 1775 kten

0 2106 180 2152 delen

0 2555 181 2606 rve
