3567 4883
1349 781 1867 837 Gevordert,
1918 791 2073 839 tot
2123 787 2641 839 adelborst,
2690 791 3104 842 capteijn
3155 794 3311 843 des

1251 906 1529 953 Armes,
1573 909 1759 955 ende
1805 909 2406 958 jegenwoordich
2451 913 2589 961 ser
2636 911 2913 958 giandt
2958 912 3098 958 met
3143 914 3236 960 26
3280 914 3377 964 gl

1226 1040 1383 1088 ter
1434 1039 1796 1086 maendt,
1847 1038 2261 1085 hebbende
2311 1040 2622 1088 alhier
2667 1041 2931 1089 lange
2982 1038 3297 1088 jaeren

1236 1164 1652 1229 Gedient,
1703 1164 1911 1213 ende
1962 1164 2479 1211 continueel
2528 1166 2737 1213 sich
2758 1165 2891 1210 na
2943 1157 3358 1209 behooren

1240 1309 1403 1359 tot
1455 1301 1891 1354 genougen
1945 1301 2054 1347 en
2106 1290 2813 1347 contentemendt
2866 1289 3029 1337 van
3083 1284 3302 1334 sijn

1233 1458 1620 1507 meerder
1674 1441 2446 1503 Gecomporteerdt
2500 1430 3053 1486 mitsgaders
3107 1423 3328 1474 voor

1232 1613 1380 1664 den
1426 1606 1723 1656 viandt
1771 1607 1871 1654 in
1919 1599 2362 1652 diversche
2408 1589 3050 1643 gelegentheden
3098 1583 3300 1632 well

1182 1753 1641 1811 Gequeten
1697 1748 1984 1798 werdt
2040 1737 2556 1793 derhalven
2613 1734 2842 1781 ende
2898 1730 3128 1780 omme
3185 1724 3301 1773 de

1186 1913 1514 1968 Luijden
1561 1910 1702 1958 die
1748 1907 1889 1954 wel
1935 1902 2123 1951 doen
2168 1894 2357 1945 meer
2403 1894 2591 1940 ende
2635 1888 2824 1939 meer
2869 1884 2965 1933 te
3011 1880 3386 1929 courager

1215 2073 1414 2124 mits
1447 2067 1761 2118 ruijme
1808 2055 2257 2111 expiratie
2305 2054 2604 2102 sijnes
2645 2040 3001 2099 jongste
3047 2031 3397 2084 verband

1187 2227 1314 2277 Bij
1353 2219 1561 2266 desen
1602 2217 1685 2263 d'
1724 2213 1893 2263 novo
1933 2205 2101 2256 jnde
2140 2198 2349 2248 selve
2390 2193 2847 2242 qualitheijt
2888 2188 3013 2238 van
3054 2172 3386 2231 sergiant

1222 2362 1399 2413 voor
1442 2354 1664 2407 drije
1706 2348 1971 2398 achter
2011 2347 2147 2393 een
2191 2343 2545 2393 volgende
2586 2341 2852 2393 jaeren
2895 2336 3390 2386 aengenomen.

1230 2510 1426 2563 ende
1471 2505 1620 2555 een
1668 2497 2153 2550 Belooningh
2201 2493 2347 2540 van
2394 2488 2734 2538 dertich
2782 2483 3122 2532 guldens
3166 2477 3316 2527 ter

1217 2665 1515 2720 maendt
1563 2660 2054 2709 toegeleijt
2099 2657 2349 2705 onder
2396 2639 2987 2703 toesegginghe
3034 2629 3182 2682 Bij
3228 2617 3330 2673 de

1220 2803 1502 2857 eerste
1548 2795 2109 2848 voorvallende
2156 2785 2763 2840 gelegentheijt
2808 2776 2997 2829 ende
3042 2759 3370 2818 plaatse

1213 2949 1349 2998 tot
1393 2937 1709 2991 meerder
1753 2922 2205 2981 qualiteijt
2248 2922 2521 2969 dieder
2566 2924 2838 2973 alhier
2878 2921 3108 2974 soude
3152 2911 3378 2965 mogen

1208 3078 1492 3137 comen
1545 3073 1661 3122 te
1716 3061 2111 3116 vaceren
2166 3054 2336 3104 als
2387 3051 2560 3101 dan
2616 3051 2842 3099 naer
2897 3040 3292 3096 meriete

1127 3203 1828 3291 Gedavanceert
1885 3197 2062 3248 sal
2108 3186 2471 3241 werden
2529 3176 3114 3230 innegaende
3170 3168 3349 3223 dit

1215 3342 1518 3399 nieuwe
1567 3334 1968 3386 verbandt
1983 3329 2217 3378 ende
2258 3326 2867 3376 verbeteringe
2907 3323 3064 3372 van
3112 3311 3364 3367 gagie

1210 3470 1425 3525 dato
1476 3455 1742 3512 deses

1084 3699 1420 3763 Pieter
1475 3695 1697 3743 macx
1752 3692 2196 3744 milianus
2250 3690 2417 3736 Van
2472 3687 2861 3736 Vijanen
2913 3687 3027 3734 in
3067 3682 3360 3733 india

1253 3814 1688 3877 Gecomen
1748 3812 1874 3859 ao
1936 3811 2185 3858 1633
2247 3812 2433 3858 met
2494 3809 2805 3857 schip
2867 3808 3304 3860 nassouw

1212 3963 1394 4016 voor
1438 3952 1755 4005 soldaet
1795 3947 2026 3997 nader
2072 3946 2298 3993 handt
2340 3946 2750 3994 gevordert
2795 3942 2931 3989 tot
2976 3941 3383 3990 adelborst

1208 4089 1417 4139 ende
1466 4086 2134 4137 jegenwoordich
2185 4083 2647 4132 Corporael
2697 4081 2851 4127 met
2898 4080 3159 4130 gagie
3210 4083 3364 4130 van

1279 4230 1388 4282 16
1441 4228 1602 4274 ter
1655 4227 1977 4277 maendt
2029 4226 2458 4276 hebbende
2511 4219 2726 4270 sich
2779 4217 3315 4271 continueel

1159 4388 1321 4435 wel
1375 4382 1807 4434 gedragen
1860 4378 2077 4426 ende
2128 4378 2346 4424 goet
2392 4371 2832 4424 genougen
2885 4366 3047 4414 van
3092 4359 3318 4410 sijn

2869 4559 3301 4616 Dienst
