3567 4801
2751 529 2924 577 964.

750 551 936 603 Junij
968 538 1125 594 1046

960 709 1061 756 ende
1083 705 1235 753 alrede
1259 703 1334 749 wel
1359 702 1434 748 200
1459 700 1633 747 paerden
1657 695 1907 744 verlooren,
1931 693 2032 740 oock
2056 694 2132 739 den
2156 695 2306 741 Bonger
2330 696 2406 743 int
2430 698 2556 746 leger
2579 697 2754 747 toenam,
2778 694 2882 741 ende

955 798 1273 852 watergebrecq
1298 793 1458 842 hadden
1483 782 1801 837 resolveerden
1824 778 1880 827 op
1906 777 1959 822 te
1984 774 2197 821 breecken
2221 772 2329 819 ende
2355 772 2540 818 t'rugge
2566 772 2619 817 te
2645 768 2857 816 trecken,

958 898 1277 953 verwachtende
1301 890 1515 941 eenlijck
1541 883 1728 934 alvoren
1752 877 1914 926 eenich
1939 872 2153 921 eerlijck
2178 868 2418 917 contrackt
2444 862 2630 912 mochten
2656 857 2843 906 maecken
2860 853 2897 904 —

782 1074 809 1120 A
831 1064 883 1117 d.
899 1055 931 1104 o
953 1028 1223 1095 verschijndt
1245 1020 1394 1072 alhier
1418 1011 1615 1064 terrhede
1637 1007 1737 1056 over
1760 1001 1933 1051 Carcale
1958 1000 2056 1046 ende
2080 994 2350 1045 Trumelevaes
2375 994 2424 1039 't
2447 991 2571 1039 schip
2594 988 2669 1036 den
2693 978 2915 1032 Salmander

949 1136 1033 1187 van
1058 1121 1250 1178 Ceijlon
1275 1110 1468 1164 daermet
1493 1103 1658 1154 become
1683 1096 1875 1147 missive
1901 1092 1984 1140 van
2010 1089 2066 1137 d'
2091 1088 2147 1133 H.
2172 1086 2202 1133 r
2227 1081 2338 1129 Ioan
2363 1071 2692 1126 Maetsuijcker
2717 1061 2965 1115 gedateert

955 1231 1059 1280 25:e
1080 1220 1187 1273 Meij
1211 1215 1290 1264 als
1313 1210 1418 1258 oocq
1442 1206 1521 1253 een
1546 1196 1753 1250 briefken
1777 1193 1856 1240 van
1880 1189 1959 1237 den
1984 1186 2165 1233 Coopman
2190 1183 2345 1231 Govert
2370 1176 2577 1228 Crackouw
2600 1168 2834 1219 gedateert

952 1343 1009 1395 8.
1029 1333 1083 1383 en
1102 1319 1231 1375 deser
1254 1312 1406 1363 aenden
1429 1303 1705 1356 gouvernteur
1728 1297 1880 1347 Arnold
1902 1293 2079 1340 Hentsen
2103 1283 2378 1337 geschreven,
2401 1274 2578 1327 daerbij
2600 1269 2728 1317 onder
2749 1256 2926 1311 anderen
2950 1254 2977 1300 —

958 1434 1013 1480 't
1035 1417 1358 1476 naervolgende
1381 1405 1677 1461 g'adviseert
1702 1401 1836 1449 wert,
1862 1395 2156 1446 eerstelijck
2182 1391 2262 1439 bij
2286 1381 2475 1434 missive
2499 1376 2582 1424 van
2604 1369 2660 1418 d'
2685 1365 2740 1413 H.
2764 1362 2794 1409 r
2818 1361 2851 1409 —

957 1524 1257 1586 maetsuijcker
1282 1518 1480 1568 voornomt
1504 1515 1580 1562 hoe
1602 1513 1653 1558 op
1678 1512 1728 1558 3.
1751 1510 1802 1556 en
1824 1505 1926 1555 meij
1949 1502 2099 1549 aldaer
2123 1501 2198 1547 ter
2221 1496 2347 1546 rhede
2370 1493 2446 1541 wel
2468 1486 2570 1537 quam
2593 1482 2645 1530 te
2666 1465 2942 1525 verschijnen

959 1646 1011 1692 't
1035 1640 1166 1691 Jacht
1188 1624 1474 1682 Reijnsburgh
1498 1614 1731 1668 adrocture
1754 1611 1834 1657 van
1859 1605 2014 1655 gamron
2037 1601 2117 1648 met
2142 1594 2297 1645 eenige
2320 1578 2632 1637 l'lenicheden
2655 1571 2760 1621 voor
2783 1568 2890 1614 dit

967 1738 1205 1795 Comptoir,
1230 1730 1389 1782 sijnde
1413 1721 1599 1774 gemelte
1624 1717 1756 1766 Iacht
1781 1706 2071 1760 heijnsburgh
2096 1705 2176 1750 den
2200 1699 2281 1748 23.
2305 1696 2334 1743 '
2357 1690 2465 1740 Meij
2489 1686 2570 1734 van
2593 1678 2701 1729 daer
2724 1668 2832 1720 naer
2855 1655 2988 1712 Bat=a

965 1838 1240 1898 gelargeert
1265 1833 1376 1882 ende
1402 1823 1622 1877 daermede
1647 1815 1840 1867 volgens
1865 1807 2003 1859 Ordre
2030 1805 2112 1852 van
2139 1802 2249 1850 haer
2274 1798 2358 1847 Ed.
2384 1794 2440 1841 ts
2464 1788 2549 1837 den
2573 1772 2849 1831 gouverneur
2872 1767 2959 1815 Jan

953 1944 1189 2000 Thijssen,
1214 1941 1294 1989 met
1318 1937 1425 1986 sijn
1450 1926 1713 1981 huijsvrouw
1737 1921 1844 1970 ende
1868 1915 2053 1966 familie
2078 1911 2184 1959 (die
2209 1907 2289 1955 god
2313 1894 2577 1950 Almachtich
2600 1881 2812 1937 behouden
2836 1878 2919 1925 wil

961 2047 1094 2095 laten
1120 2042 1307 2092 vaeren,
1331 2032 1626 2087 vertrocken,
1650 2028 1838 2076 Comende
1865 2026 1945 2073 Wan
1971 2024 2078 2069 daen
2103 2022 2158 2068 't
2181 2010 2476 2066 voorgemelte
2503 2002 2636 2055 schip
2661 1981 2955 2046 d'salmander

959 2157 1091 2206 boven
1115 2150 1301 2201 d'voors
1327 2144 1591 2195 partiaente
1617 2135 1907 2188 Cleuicheden
1931 2130 2118 2180 beladen
2142 2128 2223 2174 met
2248 2127 2328 2173 120
2353 2120 2512 2171 packen
2537 2113 2670 2164 fynen
2694 2104 2855 2157 Caneel

972 2259 1122 2314 wegen
1151 2254 1300 2303 14232
1327 2250 1389 2298 lb
1415 2245 1536 2293 voor
1564 2241 1685 2288 Bat.
1713 2241 1743 2287 a
1771 2233 2098 2285 midtsgaders
2128 2228 2247 2278 4300
2275 2225 2335 2271 lb
2364 2216 2601 2269 bedorven
2630 2209 2901 2261 boschuit—

959 2351 1318 2413 namentlijck.
1348 2346 1467 2396 3700
1496 2343 1556 2390 lb
1585 2338 1853 2388 bestaende
1880 2335 1942 2383 in
1970 2332 2032 2380 37
2059 2323 2299 2376 vaetgens
2327 2319 2418 2366 van
2446 2316 2567 2363 Bat.
2595 2317 2625 2362 a
2655 2315 2715 2362 en
2742 2308 2833 2358 600
2862 2306 2955 2354 lb.

957 2460 1016 2510 in
1044 2459 1073 2504 6
1099 2448 1326 2502 vaetgens
1353 2444 1439 2492 van
1464 2437 1608 2489 Gaele
1635 2434 1748 2482 omme
1776 2430 1973 2479 allhier
2001 2422 2255 2474 vermaeckt
2283 2420 2340 2466 te
2367 2416 2537 2465 werden
2563 2412 2649 2460 soo
2676 2408 2762 2457 was
2790 2408 2818 2453 t
2846 2405 2991 2453 sacht

943 2562 1115 2621 Lunnen
1140 2551 1310 2605 aldaer
1338 2551 1422 2597 God
1449 2548 1535 2596 lof
1560 2544 1646 2591 van
1674 2539 1954 2589 debingurla
1981 2537 2038 2583 op
2066 2536 2123 2582 9'
2149 2529 2291 2580 meije
2316 2520 2542 2573 behouden
2569 2506 2935 2565 geretourneert

958 2668 1067 2721 mede
1091 2655 1331 2711 brengende
1356 2653 1410 2699 50
1434 2647 1595 2697 lasten
1621 2644 1727 2691 Eijs
1753 2643 1886 2689 boven
1911 2637 2071 2687 welcke
2096 2632 2256 2681 aldaer
2282 2629 2388 2677 noch
2413 2626 2494 2674 met
2519 2617 2758 2671 d'schepen
2781 2607 3022 2661 schredam,

966 2761 1254 2830 amsterdam
1284 2755 1411 2804 ende
1442 2750 1631 2798 Bergen
1662 2749 1726 2794 op
1755 2744 1852 2792 den
1883 2741 2009 2790 zoom
2041 2740 2167 2786 noch
2195 2737 2293 2785 100
2323 2731 2513 2781 lasten
2541 2727 2639 2775 van
2671 2719 2892 2772 Guratta

962 2872 1082 2927 over
1109 2862 1287 2916 Parsia
1314 2858 1374 2905 te
1401 2848 1696 2901 verwachten
1723 2841 1929 2892 hebben,
1958 2841 2046 2889 soo
2074 2837 2163 2884 dat
2190 2834 2251 2881 d'
2278 2829 2397 2877 onse
2426 2825 2601 2873 aldaer
2630 2824 2748 2871 (god
2775 2816 2865 2866 sij
2893 2812 3012 2860 lof)

952 2971 1182 3027 redelijck
1205 2966 1284 3015 van
1306 2960 1410 3010 rijs
1435 2953 1613 3004 versien
1638 2943 1818 2997 blijven

968 3108 1036 3155 d'
1066 3083 1505 3150 gelegentheijt
1537 3077 1640 3126 van
1671 3066 1908 3121 saecken
1940 3057 2143 3110 hebben
2176 3055 2244 3100 op
2275 3051 2345 3100 't
2376 3037 2647 3095 eyjlandt
2678 3026 2916 3080 Ceijlon

958 3201 1209 3262 sodanich
1239 3185 1609 3244 toegedraegen
1637 3180 1732 3229 dat
1761 3175 1855 3224 den
1884 3169 2102 3219 Coninck
2132 3166 2225 3214 hem
2255 3161 2348 3210 Van
2377 3157 2471 3204 tyt
2501 3153 2594 3201 tot
2622 3148 2717 3197 tyt
2747 3146 2872 3194 meer

964 3304 1266 3363 verstoutende
1288 3299 1366 3347 ons
1389 3291 1642 3343 veldtleger
1665 3287 1742 3335 soo
1766 3285 1867 3332 naer
1890 3279 2068 3329 gecomen
2092 3277 2168 3325 Is,
2192 3275 2268 3321 dat
2292 3273 2343 3319 op
2366 3261 2568 3318 desselfs
2592 3258 2719 3305 fulie
2741 3248 3044 3301 t'ontwijcken

959 3426 1015 3473 d'
1043 3422 1153 3471 onse
1178 3409 1512 3466 genoodsaeckt
1538 3405 1650 3453 sijn
1676 3397 1926 3449 geworden,
1952 3394 2009 3441 na
2036 3387 2229 3438 beneden
2256 3384 2312 3431 te
2338 3377 2588 3428 retireren
2614 3374 2698 3421 tot
2723 3369 2809 3419 aen
2836 3367 2930 3414 een

945 3536 1167 3596 plaetse
1195 3522 1477 3579 genopempt
1507 3513 1694 3566 venare
1723 3508 1911 3557 eenige
1941 3501 2129 3552 mijlen
2159 3498 2253 3544 aen
2282 3492 2408 3542 gene
2438 3486 2594 3536 tijde
2625 3480 2780 3530 vande
2809 3471 2997 3524 revier

959 3645 1259 3707 Caijmello
1292 3632 1622 3689 werwaerdts
1654 3624 1886 3676 haerden
1918 3614 2150 3668 Coninck
2182 3611 2282 3659 met
2315 3608 2415 3655 sin
2447 3603 2613 3652 macht
2643 3583 2910 3646 gevolght

965 3777 1057 3826 Is,
1082 3764 1206 3820 haer
1233 3751 1536 3808 trachtende
1566 3746 1686 3796 alle
1715 3739 1956 3790 afbreuck
1984 3735 2047 3784 te
2076 3733 2227 3779 doen,
2254 3727 2377 3777 ende
2406 3720 2557 3771 allen
2586 3712 2797 3765 toevoer
2827 3712 2917 3758 van
2946 3710 2979 3757 —

969 3872 1376 3934 Noodlijckheden
1403 3867 1463 3916 t'
1491 3860 1782 3909 ontsetten,
1810 3848 2188 3904 middelerwijle
2216 3844 2305 3892 was
2333 3837 2420 3887 den
2448 3829 2740 3881 Commandeur
2768 3825 2996 3873 Adriaen

950 4006 1124 4059 vander
1148 3994 1267 4049 Stel
1292 3986 1381 4036 den
1407 3981 1467 4029 8.
1494 3980 1553 4025 en
1580 3972 1725 4024 Meije
1753 3970 1811 4016 op
1838 3966 1955 4013 sijn
1982 3960 2213 4010 versoeck
2239 3957 2328 4004 nae
2356 3950 2586 4001 Negoribo
2613 3945 2902 3993 Vertrocken
2928 3943 2959 3989 —

959 4119 1022 4168 om
1049 4112 1142 4162 die
1169 4100 1384 4156 plaetse
1411 4094 1474 4143 te
1502 4087 1685 4137 besigh
1714 4081 1867 4131 tigen
1895 4077 1988 4125 met
2016 4075 2078 4122 80
2107 4066 2320 4119 gesonde
2350 4060 2592 4111 soldaten
2620 4057 2712 4105 tot
2742 4053 2954 4101 secours

960 4227 1079 4281 voor
1105 4221 1195 4270 die
1224 4211 1545 4266 quartieren,
1573 4206 1662 4254 met
1689 4203 1749 4250 te
1777 4196 1982 4246 belcque
2010 4194 2070 4240 en
2098 4191 2303 4238 Negombo
2332 4187 2653 4236 aengelanght
2681 4179 2857 4231 sijnde

0 735 317 788 Versamen

0 823 109 869 cund
136 823 303 874 tschap

0 917 291 979 schijnen

0 1114 47 1159 a
88 1111 282 1159 niet

0 1208 116 1255 eer

0 1295 163 1342 anders
189 1294 219 1340 —

0 1393 51 1438 n
100 1392 206 1438 ty

0 1490 175 1540 nomen
208 1496 245 1543 —

0 1691 151 1738 die
200 1693 254 1744 —

0 1792 224 1842 Sillede

0 1891 282 1940 plaetse

0 1988 289 2037 rangam

0 2409 49 2455 ken

0 2504 212 2552 woorde

0 3678 41 3724 d

76 4012 213 4058 kens

0 4111 246 4161 geleden

34 4207 93 4254 end
