3410 4985
1924 543 2017 591 en

717 808 968 858 Vooren
1005 807 1218 856 hebbe
1258 809 1510 861 mentie
1548 814 1843 862 gemaect
1884 815 2009 861 hoe
2050 816 2384 864 bevonden
2426 818 2634 864 hebbe
2675 818 2801 870 den
2840 817 3140 870 tresues

1152 922 1259 969 met
1295 922 1367 969 de
1401 924 1756 972 portugesen
1792 926 2111 978 aengegaen
2146 933 2218 978 te
2253 934 2643 980 Continueren
2679 934 2750 979 in
2783 925 3142 979 weederland

1158 1030 1518 1082 geresolveekt
1548 1038 1668 1084 ende
1697 1040 1758 1085 't
1788 1040 2028 1087 verleden
2058 1042 2177 1087 Jaer
2207 1041 2327 1087 hier
2357 1041 2537 1088 bekent
2567 1043 2627 1088 te
2657 1043 2897 1089 maacken,
2925 1041 3197 1089 verswegen

1153 1145 1284 1192 ende
1316 1147 1382 1192 nu
1414 1147 1545 1194 dese
1577 1149 1741 1196 Iaare
1773 1151 1871 1197 met
1904 1152 1969 1197 de
2002 1152 2231 1202 Compste
2263 1157 2361 1204 der
2394 1159 2622 1205 schepen
2654 1159 2721 1205 in
2752 1156 2949 1205 zulker
2980 1155 3178 1202 voegen

1146 1261 1444 1309 verthoond
1476 1261 1576 1309 dat
1608 1264 1741 1312 (nae
1774 1267 1841 1313 de
1873 1269 2106 1316 toecken
2137 1273 2470 1325 verclaaren
2501 1281 2601 1327 als
2634 1281 2766 1327 doen
2799 1276 3097 1326 geensints
3129 1275 3197 1321 en

1134 1384 1615 1431 smaackelijcke
1651 1386 1911 1435 genomen
1947 1390 2096 1439 ende
2132 1395 2243 1443 tot
2280 1398 2428 1446 noch
2464 1400 2613 1447 boij
2650 1400 2724 1446 de
2760 1395 3167 1447 Gouverneurs

1141 1503 1282 1549 daer
1316 1505 1423 1553 van
1456 1510 1597 1555 geen
1631 1511 1807 1556 nader
1841 1512 2087 1563 vermaan
2121 1519 2332 1567 gedaen
2363 1520 2471 1568 is,
2506 1518 2751 1565 gelijck
2786 1514 2962 1563 meede
2995 1514 3137 1561 geen

3093 1604 3121 1652 en

1140 1623 1603 1680 ambassadeurs
1640 1636 1872 1687 vanden
1910 1642 2180 1693 Coninck
2217 1648 2334 1695 van
2370 1650 2718 1698 portugael
2756 1650 2833 1696 in
2872 1649 3103 1695 uEd=le

1142 1732 1404 1782 missive
1440 1738 1925 1793 gementioneert
1961 1750 2110 1797 ende
2147 1753 2296 1799 hier
2332 1755 2556 1803 bekend
2592 1755 2891 1802 gemaect,
2927 1754 3002 1801 te
3038 1752 3227 1799 voor„

1139 1846 1342 1897 schijn
1374 1852 1610 1898 gecomen
1643 1854 1744 1901 is,
1777 1856 2079 1906 vernetnen
2113 1861 2248 1907 daer
2280 1864 2382 1911 van
2414 1866 2549 1913 Dels
2581 1863 2784 1912 vorder
2815 1859 3119 1907 Geruchten
3151 1859 3219 1909 /.

1134 604 1498 650 Importeeren
1531 603 1729 651 hebben
1762 603 1897 652 uEd:
1927 610 2027 660 int
2059 611 2324 661 vervoec,
2357 607 2655 657 specifice
2687 606 2755 653 te
2787 609 3054 659 vernemen
3083 617 3152 670 /.

610 2049 942 2100 aengaande
979 2054 1053 2099 't
1089 2054 1311 2105 Cooper
1347 2061 1496 2109 daer
1531 2064 1754 2113 vooren
1790 2069 1901 2116 van
1937 2071 2270 2122 verhaalen
2306 2077 2455 2123 ende
2490 2078 2714 2126 alrede
2749 2081 3045 2131 parthije
3079 2085 3156 2132 en

1143 2165 1270 2212 voor
1300 2168 1426 2218 raad
1456 2173 1644 2221 hebben
1674 2177 1738 2224 is
1768 2179 1832 2225 om
1862 2180 1956 2226 dat
1987 2181 2206 2227 'tzelve
2237 2180 2487 2227 slechter
2517 2181 2644 2227 ende
2675 2181 2800 2226 niet
2830 2180 2956 2226 alst
2987 2180 3209 2228 monster

1150 2276 1410 2326 bevinden
1442 2282 1507 2328 't
1539 2283 1831 2333 ontfangen
1863 2288 1995 2336 voor
2025 2292 2124 2337 dat
2155 2293 2415 2340 d'eerste
2447 2294 2674 2341 schepen
2707 2296 3032 2343 vertrocken
3063 2297 3195 2345 zijn

1138 2383 1521 2436 geexcuseert
1555 2391 1660 2437 met
1694 2392 2007 2440 insichten
2041 2394 2181 2442 inde
2214 2397 2458 2446 missive
2492 2401 2598 2448 aen
2631 2403 2667 2449 d
2701 2402 2771 2448 E:
2805 2400 2979 2445 heere
3012 2395 3188 2445 Caron

1145 2498 1377 2546 breeder
1409 2501 1672 2550 verhaald

591 2702 730 2750 over
764 2702 1111 2749 d'exreuren
1145 2703 1285 2754 inde
1318 2710 1596 2757 tonkinse
1630 2712 1873 2757 Boecken
1907 2712 2359 2760 insonderheijt
2392 2716 2602 2764 wegens
2635 2721 2706 2767 de
2739 2723 2913 2772 4245:
2947 2728 2982 2773 ½
3016 2726 3227 2774 Cattij

1142 2821 1363 2867 sijde,
1400 2822 1585 2870 hebbe
1621 2826 1732 2873 den
1768 2828 2211 2881 oppercoopman
2247 2837 2616 2885 Bromkhorst
2653 2837 3132 2885 aengesprocken

1136 2919 1237 2973 hoe
1268 2929 1369 2976 wel
1401 2933 1534 2980 voor
1566 2936 1732 2983 sijne
1764 2938 1964 2988 compst
1996 2943 2195 2993 gesien
2228 2949 2394 2997 hadde
2426 2953 2691 3003 qualijck
2723 2949 3055 3002 geschreven
3087 2943 3221 2993 ofte

1126 3039 1432 3089 gecopieert
1462 3045 1584 3093 sij,
1614 3049 1736 3095 also
1766 3051 1859 3098 den
1888 3054 2132 3103 geheelen
2162 3059 2376 3109 debits,
2405 3065 2588 3114 vanden
2618 3069 2832 3115 Coninck
2861 3067 2984 3114 ende
3014 3062 3227 3112 grooten

1131 3157 1202 3204 de
1238 3158 1416 3204 zelve
1451 3159 1845 3212 quantiteijt
1878 3167 2057 3214 sijde
2092 3169 2235 3217 comt
2270 3173 2342 3218 te
2377 3174 2733 3223 monteeren,
2769 3177 2876 3223 die
2911 3172 3125 3222 alleen

1128 3272 1262 3318 voor
1293 3273 1360 3320 d'
1393 3273 1591 3319 kommer
1623 3273 1987 3324 reecgeningh
2019 3280 2284 3330 gesteld,
2316 3286 2450 3333 ende
2481 3289 2712 3337 evenwel
2745 3292 2811 3338 't
2844 3290 2976 3337 geld
3009 3289 3208 3336 vanden

1129 3389 1367 3438 recgten
1400 3392 1601 3440 dedith
1635 3395 2071 3444 uijtgetrocken
2104 3399 2207 3447 is,
2239 3403 2374 3452 waer
2406 3408 2508 3455 van
2540 3411 2641 3457 als
2675 3410 2776 3457 voc
2809 3409 2876 3455 de
2909 3404 3150 3455 vordere

1130 3504 1433 3558 defecten
1468 3515 1657 3565 uEd:e
1695 3520 1846 3566 door
1883 3520 2186 3568 gemelten
2222 3524 2675 3577 oppercoopman
2712 3527 3127 3575 Bronckeorst

1142 3618 1395 3667 bericht
1430 3623 1577 3673 ende
1611 3630 2081 3685 ongetwijffelt
2116 3641 2549 3695 Contentemend
2584 3649 2801 3695 gedaen
2837 3650 2982 3695 werd
3017 3650 3090 3696 /.

705 3792 874 3843 Vande
906 3799 1042 3847 acht
1074 3802 1379 3849 verlooren
1411 3805 1648 3855 stucken
1680 3811 1815 3859 vant
1849 3813 1916 3859 't
1950 3813 2119 3859 Jacht
2152 3814 2219 3860 de
2253 3815 2589 3862 leeuwricht
2623 3816 2690 3861 't
2724 3816 2994 3864 verleden
3026 3817 3172 3864 Iaer

1111 3911 1238 3958 door
1269 3912 1426 3959 storm
1457 3914 1771 3965 omgevallen
1802 3920 1959 3966 hebbe
1989 3921 2085 3968 4:3
2116 3921 2305 3967 ijsere
2335 3922 2462 3969 ende
2488 3923 2523 3970 1
2555 3923 2743 3968 metale
2774 3923 2995 3970 stucken
3024 3924 3153 3972 door

1114 4026 1400 4074 Iapanders
1431 4028 1558 4075 doen
1589 4028 1652 4074 op
1684 4029 1969 4076 visschen,
2000 4030 2096 4076 tot
2127 4031 2190 4077 de
2222 4030 2348 4075 Rest
2379 4029 2506 4076 sien
2538 4029 2664 4074 gels
2694 4027 2918 4074 middel,
2948 4027 3076 4072 alzo
3106 4025 3174 4071 de

1094 4144 1383 4196 Iapanders
1415 4144 1510 4189 ten
1542 4144 1764 4189 eersten
1796 4142 1986 4189 tegens
2017 4139 2145 4188 915:
2176 4137 2335 4184 ijder
2366 4138 2525 4184 stuck
2556 4136 2811 4183 bedongen
2843 4137 3163 4185 naaderhand

2842 4337 3160 4392 920/.
