3567 4801
2782 516 2955 566 875

887 626 1190 697 halven
1237 626 1339 672 op
1382 624 1588 673 sijn
1636 620 2034 673 Vertoogh
2083 619 2283 666 ende
2329 610 2981 663 Bequaemheijdt

905 737 989 783 d'
1027 732 1197 781 novo
1236 729 1405 777 jnde
1446 724 1655 773 selve
1697 715 2114 769 qualiteijt
2156 714 2281 760 van
2322 714 2574 767 Boss„r
2614 722 2781 769 voor
2823 717 3032 768 drije

892 832 1142 893 naest
1189 825 1585 876 volgende
1628 819 1931 870 jaeren
1979 813 2475 863 aengenomen
2521 815 2720 861 ende
2770 816 2922 864 een

892 933 1372 993 Belooningh
1419 928 1564 978 van
1610 916 2044 972 veerthien
2090 911 2428 959 guldens
2474 910 2619 958 ter
2667 908 2957 957 maendt

892 1040 1388 1096 toegevoucht
1432 1039 1478 1085 t
1521 1032 1794 1083 nieuwe
1838 1026 2199 1076 verbandt
2243 1023 2334 1069 en
2376 1017 2965 1068 verbeteringhe

897 1142 1046 1194 van
1090 1134 1339 1186 gagie
1388 1129 1585 1178 dato
1631 1121 1879 1174 deses
1927 1116 2321 1167 aenvanck
2369 1115 2713 1163 nemende

850 1315 1115 1369 Pieter
1156 1301 1467 1359 Janssen
1510 1295 1643 1345 van
1686 1283 2216 1339 seraeskercke
2259 1278 2392 1327 int
2435 1275 2656 1323 landt
2698 1268 2920 1317 gecom

888 1427 976 1478 ao
1011 1418 1188 1471 1641
1229 1413 1358 1461 met
1400 1403 1612 1455 schip
1654 1386 2037 1447 seelandia
2079 1382 2249 1431 ende
2291 1377 2505 1425 gagie
2545 1376 2674 1424 van
2716 1373 2801 1422 ƒ5
2843 1367 2972 1418 ter

886 1521 1145 1577 maendt
1186 1513 1359 1564 voor
1400 1506 1614 1557 jongh
1656 1493 1956 1551 Barbier
1998 1491 2170 1537 ondr
2211 1491 2340 1537 een
2382 1488 2596 1536 thien
2638 1477 2938 1533 jaerich

890 1621 1293 1681 verbandt,
1338 1615 1517 1666 wert
1559 1613 1651 1660 op
1694 1602 1874 1656 sijn
1916 1594 2276 1646 vertoogh
2318 1591 2410 1638 en
2453 1577 2992 1636 bequaemheijt

890 1734 1030 1785 als
1074 1723 1395 1778 d'goede
1438 1704 2078 1765 getuijgenissen
2120 1693 2260 1747 die
2304 1690 2442 1737 van
2486 1690 2625 1736 hem
2666 1683 2990 1736 gegeven

878 1834 1140 1895 werden
1181 1826 1313 1877 Bij
1355 1820 1572 1871 desen
1613 1816 1745 1865 een
1787 1806 2219 1860 Belooningh
2262 1803 2392 1852 van
2435 1798 2608 1847 acht
2651 1793 2824 1843 gul.
2864 1790 2998 1837 ter

895 1932 1177 1984 maendt
1223 1926 1738 1978 toegeleijdt
1784 1921 1972 1970 mits
2018 1918 2159 1966 dat
2205 1906 2580 1962 gehouden
2626 1896 2910 1950 blijft

882 2037 1142 2091 sijnen
1184 2033 1357 2081 tijt
1396 2028 1528 2079 van
1565 2018 1785 2072 thien
1818 2012 2085 2062 jaeren
2126 2011 2299 2057 uijt
2339 2006 2427 2055 te
2465 2000 2728 2050 dienen
2769 1993 2941 2043 jnne

890 2138 1173 2200 gaende
1218 2134 1405 2182 dese
1451 2117 2058 2178 verbeteringhe
2102 2113 2243 2163 dat
2290 2106 2524 2158 deses

673 2342 1020 2414 Paulus
1073 2315 1644 2382 Marinussen
1699 2311 1871 2360 int
1926 2302 2212 2354 landt
2267 2292 2666 2347 gecomen
2723 2283 2951 2335 medt

891 2422 1103 2475 jacht
1145 2422 1232 2469 d'
1265 2418 1441 2472 pauw
1479 2417 1526 2463 A
1565 2417 1610 2464 o
1652 2412 1822 2462 1639
1864 2405 2033 2455 voor
2074 2395 2330 2449 jongen
2370 2390 2499 2439 met
2539 2382 2753 2432 gagie
2793 2376 2925 2425 van

865 2538 956 2592 24
994 2526 1129 2580 ter
1170 2516 1431 2569 maendt
1473 2511 1690 2560 onder
1731 2502 1949 2556 thien
1990 2495 2208 2547 jaren
2251 2485 2597 2538 verbandt
2640 2469 2987 2530 hebbende

897 2634 987 2681 nu
1030 2623 1255 2677 seven
1297 2610 1568 2666 jaeren
1610 2603 1702 2654 jn
1744 2594 1970 2645 jndia
2014 2589 2372 2640 geweest,
2416 2589 2506 2637 en
2549 2582 2730 2637 sich
2771 2573 2964 2625 deur

983 2730 1221 2787 Gaens
1263 2722 1410 2774 wel
1456 2706 1837 2767 gedragen
1883 2701 2074 2750 wert
2120 2692 2547 2744 derhalven
2594 2687 2690 2735 op
2734 2675 2926 2730 sijn

895 2834 1285 2901 vertoogh
1332 2822 1525 2876 ende
1573 2805 2154 2866 Bequaemheijt
2201 2799 2347 2851 Bij
2392 2788 2636 2842 desen
2682 2781 2831 2830 een

868 2940 1353 3015 Belooningh
1400 2935 1547 2983 van
1594 2918 1837 2977 seven
1885 2908 2225 2961 guldens
2272 2904 2419 2951 ter
2464 2892 2758 2945 maendt
2806 2884 2953 2937 toe

891 3058 1267 3124 geleijdt
1311 3050 1499 3100 mits
1543 3045 1685 3096 dat
1725 3028 2104 3089 gehouden
2150 3015 2430 3072 Blijft
2476 3008 2662 3058 daer
2708 2998 2895 3052 voor

877 3178 1059 3234 noch
1101 3164 1328 3222 drije
1367 3156 1642 3207 jaeren
1685 3150 1866 3201 naer
1909 3143 2090 3195 dato
2134 3132 2404 3186 deses,
2448 3126 2584 3175 als
2626 3117 2945 3168 wanneer

877 3294 1053 3348 sijn
1094 3284 1313 3338 thien
1354 3274 1661 3328 jaerich
1700 3266 2052 3319 verbandt
2095 3250 2616 3310 g'expireerdt
2657 3246 2790 3294 is,
2830 3235 2921 3289 te

892 3392 1223 3446 dienen,
1267 3380 1650 3437 jngaende
1696 3378 1791 3424 d'
1820 3361 2407 3421 verbeteringe
2452 3356 2596 3405 van
2643 3344 2880 3399 gagie

889 3497 1124 3554 dato
1176 3479 1472 3539 deses

676 3696 1057 3765 Anthonij
1103 3669 1623 3737 Cornelissen
1665 3662 1812 3712 van
1857 3649 2142 3705 ootjes
2188 3637 2473 3692 plaadt
2518 3632 2662 3680 int
2705 3622 2945 3676 landt

883 3799 1227 3861 gecomen
1272 3793 1422 3843 met
1469 3781 1714 3836 schip
1761 3750 2394 3823 d'vereenichde
2440 3734 2928 3793 proventien

862 3927 951 3975 ao
994 3920 1169 3970 1643
1210 3908 1387 3962 voor
1430 3890 1868 3951 hooplooper
1909 3881 2043 3932 met
2086 3870 2305 3924 gagie
2346 3863 2479 3912 van
2523 3863 2611 3910 ƒ7
2651 3865 2785 3911 ter
2828 3860 2960 3909 mr„

884 4029 1120 4079 wiens
1163 4018 1355 4072 tijt
1401 4014 1495 4061 nu
1540 4006 1683 4058 ten
1728 3995 2012 4050 vollen
2057 3980 2669 4040 g'expireerdt,
2715 3972 2904 4024 ende

889 4133 1190 4191 genegen
1228 4122 1490 4177 sijnde
1517 4114 1617 4165 d'
1658 4109 1745 4159 E:
1786 4104 2045 4152 comp„e
2087 4100 2259 4149 noch
2300 4090 2558 4142 langer
2597 4082 2686 4134 jn
2726 4078 2958 4125 jndia

885 4259 979 4308 te
1024 4244 1350 4302 dienen,
1394 4232 1628 4288 werdt
1674 4214 2091 4274 derhalven
2138 4214 2231 4260 op
2277 4214 2463 4261 sijn
2506 4207 2881 4260 vertoogh

888 4372 1085 4428 ende
1128 4351 1715 4416 Bequaemheijt
1762 4347 1861 4394 de
1907 4339 2104 4390 novo
2152 4336 2347 4384 voor
2395 4333 2639 4381 drije
2665 4322 2931 4376 naest

2416 4499 2915 4571 volgende
