3642 4883
1040 564 1416 616 novembr.
1459 576 1552 622 Ao
1598 572 1785 623 1645

1242 756 1267 801 A
1290 754 1318 801 4
1342 752 1394 798 8.
1416 750 1444 796 o
1467 746 1720 794 vertrecken
1746 746 1821 791 van
1846 746 1948 791 hier
1972 747 2074 794 naer
2098 749 2275 799 Ierekan
2300 754 2477 803 onder't
2501 758 2678 806 gesaghn
2702 760 2780 806 van
2803 762 2881 809 den
2904 766 3131 816 Carpornel
3156 769 3308 816 Pieter

1394 854 1716 903 Macxmilianus
1742 855 1769 900 6
1795 855 1956 901 cleene
1983 856 2278 907 vaertuijgen
2304 862 2385 909 soo
2409 863 2571 909 thonys
2598 864 2678 910 als
2705 865 2920 914 belanghs
2946 869 3107 915 tsamen
3133 869 3401 915 gemonteert

1391 968 1470 1014 met
1495 966 1549 1013 16
1574 961 1838 1010 duijtschen
1864 960 1917 1006 16
1943 959 2128 1005 swarten
2154 960 2206 1006 en
2233 961 2286 1007 11
2311 962 2470 1014 sions,
2495 969 2575 1015 ten
2601 970 2917 1017 principaelen
2943 972 3049 1018 omme
3074 974 3127 1020 't
3153 974 3342 1025 Eylandt

1377 1075 1570 1130 ferekan
1596 1074 1651 1120 te
1678 1071 1923 1118 besetten,
1949 1070 2059 1116 ende
2086 1069 2385 1116 brandthoudt
2411 1072 2494 1119 als
2520 1075 2683 1125 andere
2710 1079 3145 1128 noodtwendicheden
3171 1080 3254 1126 van
3280 1082 3389 1128 daer

1386 1188 1437 1234 te
1459 1183 1660 1232 becomen,
1684 1181 1783 1227 ende
1807 1180 1883 1226 den
1907 1180 2081 1226 Vyjandt
2106 1180 2254 1225 daeraf
2279 1180 2329 1225 s'
2353 1180 2504 1226 houden

1207 1334 1270 1382 An
1298 1324 1390 1377 58.
1418 1318 1540 1367 miet
1570 1308 1961 1363 remarcquabels
1992 1304 2355 1353 voorgevallen

1198 1468 1226 1514 R
1248 1468 1279 1515 6
1305 1465 1332 1511 d
1357 1465 1386 1511 o
1412 1460 1600 1509 smegens
1626 1458 1814 1504 omtrent
1840 1457 1867 1502 8
1894 1455 2055 1502 uijren
2081 1454 2216 1499 heeft
2242 1454 2323 1499 sch
2349 1453 2431 1499 den
2456 1454 2510 1500 vy
2536 1454 2644 1500 anet
2671 1454 2859 1500 naerdat
2885 1456 2993 1502 door
3019 1457 3102 1504 den
3126 1461 3290 1509 regen—

1351 1577 1452 1626 sigh
1474 1571 1628 1620 eenige
1653 1570 1778 1616 dagen
1803 1569 1930 1616 inder
1954 1568 2080 1616 muyte
2105 1568 2307 1614 gehouden
2331 1569 2483 1614 hadde,
2507 1568 2684 1614 wederom
2708 1566 2910 1613 ontrendt
2935 1565 2986 1611 d'
3011 1564 3136 1610 stadt
3162 1564 3414 1614 verthoont,

1367 1682 1467 1735 ende
1490 1682 1562 1727 dat
1586 1682 1657 1727 met
1681 1682 1848 1727 meerder
1871 1682 1990 1728 macht
2013 1680 2085 1726 als
2108 1679 2204 1725 voor
2226 1676 2372 1725 desen,
2393 1680 2489 1727 naer
2513 1682 2703 1728 gissinge
2727 1683 2798 1728 een
2822 1682 2940 1728 leger
2964 1682 3036 1727 van
3059 1683 3107 1728 10
3131 1683 3154 1728 a
3177 1682 3226 1728 12
3249 1680 3416 1727 hondert

1361 1795 1615 1847 persoonen,
1640 1795 1867 1841 daeronder
1892 1796 1943 1842 45
1967 1797 1993 1842 a
2017 1796 2068 1842 50
2093 1792 2270 1841 peerden
2295 1791 2447 1837 kouden
2471 1792 2699 1840 bekennen,
2723 1795 2900 1841 hielden
2924 1794 3026 1839 haer
3050 1794 3126 1840 Int
3151 1793 3379 1839 herwaerts

1363 1914 1466 1964 ende
1490 1913 1690 1960 derwaerd
1715 1912 1765 1958 te
1789 1911 1939 1957 loopen
1963 1906 2113 1955 vanden
2138 1905 2312 1952 anderen
2337 1904 2562 1951 soodanich
2586 1904 2885 1951 gesepareert,
2910 1906 2985 1952 dat
3010 1907 3210 1954 weijnigh

1347 2034 1554 2092 voordeel
1577 2030 1655 2077 met
1679 2025 1883 2074 schieten
1908 2024 1985 2070 van
2009 2022 2086 2068 der
2111 2020 2264 2067 stadts
2289 2021 2390 2066 ende
2416 2019 2619 2066 casteels
2644 2017 2823 2064 Cimeten
2847 2018 2898 2064 op
2923 2015 3025 2063 haer
3050 2013 3203 2060 konden
3226 2009 3407 2057 behaen,

1365 2152 1416 2200 't
1435 2151 1557 2201 welcq
1580 2149 1653 2195 soo
1676 2145 1843 2193 omtrent
1867 2145 1892 2191 2
1914 2144 2058 2192 uijren
2082 2140 2369 2189 continueerde
2392 2141 2464 2186 tot
2488 2141 2559 2186 dat
2583 2140 2703 2186 haaer
2726 2140 2798 2187 Wat
2822 2139 2989 2186 dichter
3012 2137 3133 2183 onder
3156 2135 3204 2181 't
3226 2132 3419 2179 geschudt

1354 2275 1553 2333 begaven,
1576 2269 1748 2319 hierden
1771 2265 1920 2314 d'onse
1942 2261 2116 2309 binnen,
2139 2262 2188 2308 op
2211 2259 2286 2307 dat
2310 2257 2408 2304 haer
2433 2257 2531 2302 noch
2554 2255 2653 2301 meer
2677 2255 2727 2300 en
2750 2253 2849 2299 meer
2873 2249 3167 2298 avontureren,
3190 2248 3289 2293 ende

1351 2401 1406 2450 in
1429 2396 1535 2444 haer
1560 2391 1794 2441 voornemen
1820 2390 1924 2436 niet
1949 2384 2131 2434 stutten
2155 2380 2338 2428 souden,
2363 2376 2468 2424 want
2492 2374 2545 2420 in
2570 2371 2752 2419 sulcken
2778 2368 2959 2416 gevalle
2984 2366 3063 2412 wij
3088 2360 3246 2410 groote

1341 2514 1627 2576 advonsagie,
1652 2510 1833 2559 gehoet,
1858 2507 1962 2555 ende
1987 2505 2065 2551 den
2090 2499 2271 2549 Vijandt
2297 2496 2451 2544 wacker
2477 2494 2632 2541 souden
2656 2490 2812 2539 Connen
2837 2483 3019 2534 getreft
3042 2475 3224 2526 hebben,

1345 2647 1444 2693 doch
1462 2638 1592 2693 heeft
1614 2634 1739 2682 sulcx
1764 2629 1961 2679 (vermits
1985 2626 2085 2673 haer
2109 2625 2134 2671 C
2158 2622 2380 2671 ontinueel
2404 2620 2454 2666 te
2479 2618 2577 2665 seer
2601 2613 2898 2663 separeerden)
2921 2607 3021 2657 naer
3044 2604 3120 2652 ons
3144 2600 3243 2648 oogh
3266 2598 3393 2646 mercq

1334 2765 1437 2818 niet
1458 2757 1609 2808 willen
1633 2750 1907 2801 succederen,
1930 2744 2131 2794 hebbende
2153 2743 2229 2790 wij
2253 2741 2403 2788 echter
2427 2738 2676 2787 diveersche
2700 2734 2998 2783 Canonbchoten
3022 2732 3073 2778 op
3096 2729 3197 2776 haer
3219 2725 3408 2774 gedaen,

1334 2884 1436 2931 ende
1460 2874 1739 2928 eijndelijck
1763 2869 2092 2918 geresolveert,
2116 2868 2168 2915 t'
2193 2868 2294 2913 meer
2318 2867 2420 2912 veel
2443 2865 2522 2912 van
2546 2866 2597 2911 ed
2620 2863 2799 2910 vyandts
2823 2859 2951 2907 Volcq
2975 2859 3076 2905 haer
3099 2855 3208 2904 over

3248 2858 3289 2903 -

1331 3009 1385 3058 't
1408 3000 1658 3054 reviertgen
1681 2998 1758 3044 van
1781 2997 1832 3042 de
1856 2993 2207 3042 steenbackerije
2230 2989 2432 3037 begaven,
2454 2990 2556 3036 ende
2581 2990 2656 3035 (d'
2681 2988 2780 3035 onse
2804 2987 2905 3033 niet
2929 2980 3080 3031 gewaer
3104 2971 3329 3024 Werdende)

1322 3126 1474 3176 eenige
1499 3122 1728 3171 derselver
1752 3118 1930 3166 seecker
1956 3115 2159 3163 huijshen
2183 3112 2361 3159 bestaen
2386 3111 2463 3157 ten
2487 3107 2792 3156 principaelen
2818 3106 2869 3152 in
2893 3104 3046 3151 stroij
3071 3099 3249 3148 staende
3274 3098 3401 3143 dicht

1316 3251 1439 3303 aende
1463 3247 1634 3296 revier,
1657 3244 1779 3291 Inden
1803 3243 1974 3289 brand't
1997 3240 2216 3289 staecken,
2238 3237 2338 3285 onse
2361 3235 2484 3281 pions
2507 3236 2653 3283 nevens
2677 3238 2726 3283 12
2749 3232 2993 3282 duijtschen
3016 3229 3139 3276 laten
3162 3216 3406 3273 uijtloopen

1319 3373 1421 3420 ende
1446 3366 1651 3417 byluyden
1676 3365 1753 3411 soo
1778 3361 1932 3410 voord'
1957 3360 2162 3406 Waarheyt
2186 3356 2468 3405 doorseecker
2493 3352 2647 3401 Engels
2671 3349 2902 3399 pattamaer
2926 3347 3029 3394 (die
3055 3345 3106 3392 te
3131 3342 3234 3388 dier
3257 3340 3362 3386 tijt

1308 3493 1413 3544 daer
1438 3492 1515 3537 met
1541 3489 1721 3537 brieven
1746 3483 1901 3533 aenden
1926 3483 1978 3529 E:
2002 3480 2106 3527 H.:e
2131 3473 2388 3525 Gouverneur
2413 3469 2568 3518 Arnold
2593 3466 2774 3513 Heussen
2798 3463 2979 3510 omtrent
3005 3462 3107 3508 was)
3130 3453 3428 3507 gerelateert

1298 3613 1430 3663 werdt
1456 3609 1562 3658 door
1586 3605 1641 3653 d'
1667 3599 1985 3649 Canonschoten
2007 3600 2037 3646 3
2061 3594 2221 3643 dooden
2247 3594 2300 3639 en
2326 3595 2353 3640 8
2377 3589 2643 3639 gequetsten
2669 3589 2748 3634 die
2774 3586 2880 3633 mede
2906 3584 3012 3631 naer
3038 3574 3382 3629 uijterlijcken

2179 3655 2315 3702 6

1283 3736 1474 3785 schijn,
1497 3730 1610 3781 door
1636 3728 1692 3775 d'
1718 3724 1883 3772 swaere
1909 3716 2156 3768 questiere
2183 3714 2374 3762 sterven
2399 3710 2592 3759 moeten,
2618 3708 2839 3756 becomen,
2864 3712 2896 3759 —

1127 3890 1189 3941 d.
1214 3885 1247 3932 o
1274 3880 1481 3928 beconte
1510 3879 1598 3925 van
1626 3876 1949 3923 masulipatam
1978 3877 2037 3922 p.
2066 3877 2095 3922 r
2125 3874 2300 3922 Engels
2330 3873 2505 3920 Casset
2534 3873 2652 3918 over
2681 3873 3003 3920 madrespatam
3031 3871 3237 3920 seecker

1302 3997 1478 4046 missive
1502 3993 1729 4041 gedateert
1754 3993 1805 4038 12
1829 3992 2005 4039 october
2030 3991 2206 4037 daerbij
2230 3991 2356 4037 onder
2381 3991 2557 4036 anderen
2582 3990 2783 4036 vernemen
2807 3989 2885 4035 hoe
2908 3991 2959 4036 't
2983 3992 3110 4037 schip
3134 3993 3184 4038 d'
3210 3992 3337 4039 Vrede

1295 4116 1458 4170 aldaer
1484 4110 1699 4160 terchede
1726 4110 1779 4155 op
1805 4109 1886 4155 28.
1913 4109 1940 4154 '
1967 4109 2207 4157 September
2234 4112 2555 4160 aengelanght,
2582 4115 2635 4160 en
2661 4114 2742 4160 met
2769 4114 2849 4160 een
2876 4113 3224 4160 Cargasoentgen

1282 4231 1473 4284 bestaen
1500 4230 1581 4276 uyt
1606 4227 1716 4275 1168
1742 4224 1905 4272 packen
1932 4222 2202 4269 diwvensche
2229 4224 2527 4272 sorteningel
2553 4223 2689 4270 reden
2714 4222 2797 4269 36.
2823 4219 2878 4266 63
2904 4218 2959 4264 16
2985 4218 3040 4264 lb
3067 4212 3391 4263 geaffieerden

2980 4333 3264 4386 salpeter
