3642 4883
1260 765 1535 825 Onmer
1588 753 1967 809 tnieuwe
2020 748 2454 797 verbandt
2500 748 2724 796 ende
2776 753 3436 810 verbeteringe

1320 882 1498 932 van
1555 872 1852 925 gagie
1910 865 2148 914 dato
2206 859 2502 908 deses
2553 857 3039 910 aenvanck

1322 970 1959 1052 nemende

1360 1273 1742 1324 Pieter
1804 1265 1932 1315 de
1993 1263 2378 1311 Luijve
2440 1256 2632 1306 van
2692 1234 3396 1299 Palliacatta

1362 1385 1765 1447 hebbende
1815 1384 1916 1430 nu
1965 1382 2016 1428 4
2066 1380 2369 1429 achter
2418 1374 2570 1423 een
2618 1363 3022 1417 volgende
3072 1359 3377 1407 jaeren

1325 1496 1613 1553 sijnen
1659 1489 1944 1540 dienst
1991 1488 2086 1541 op
2130 1476 2560 1540 d'chaloup
2606 1467 2845 1519 cleen
2891 1458 3271 1513 pijpelij

1296 1614 1616 1680 sonder
1667 1597 2194 1658 belooningh
2245 1588 2404 1639 van
2455 1581 2720 1633 gagie
2769 1577 3403 1628 gepresteerdt

1309 1730 1524 1782 ende
1577 1719 1844 1774 goedt
1895 1698 2588 1762 contentemendt
2638 1692 2801 1744 van
2853 1681 3067 1736 sijn
3119 1670 3334 1725 doen

1297 1841 1455 1894 aen
1505 1829 1716 1884 sijn
1766 1818 2134 1873 meerder
2179 1802 2551 1862 gegeven
2602 1792 2865 1847 werdt
2917 1780 3388 1834 derhalven

1292 1951 1402 2007 op
1450 1936 1659 1991 sijn
1710 1921 2227 1980 vertooghen
2277 1912 2899 1966 bequaemheijt
2949 1909 3106 1957 Bij
3156 1894 3416 1953 desen

1304 2063 1414 2115 jn
1465 2044 1792 2104 dienst
1843 2039 2114 2094 vande
2168 2031 2277 2081 E.
2329 2024 2653 2075 comp=e
2706 2018 2924 2073 voor
2973 2001 3302 2061 jongen

1318 2157 1845 2225 aengenomen
1897 2154 2108 2201 ende
2160 2149 2319 2199 een
2371 2142 2740 2193 pagoodt
2793 2138 3004 2186 ofte
3056 2135 3269 2183 vier
3319 2136 3428 2184 gl

1293 2283 1493 2336 ende
1535 2276 1742 2325 vier
1787 2266 2239 2319 stuijvers
2280 2265 2439 2312 ter
2485 2263 2788 2310 maendt
2836 2261 3386 2311 toegeleijdt

1297 2406 1542 2464 midts
1590 2401 1783 2450 daer
1828 2395 2025 2446 voor
2072 2386 2508 2440 verplicht
2556 2386 2653 2431 is
2699 2383 2798 2430 d'
2825 2378 2942 2429 E:
2986 2368 3424 2424 compagnie

1302 2518 1583 2565 drije
1637 2514 1921 2564 naest
1976 2501 2426 2560 volgende
2482 2494 2820 2545 jaeren
2876 2495 2989 2542 te
3043 2493 3383 2541 dienen

1305 2639 1357 2685 t
1407 2632 1822 2683 verbandt
1873 2631 2082 2677 ende
2129 2628 2391 2681 gagie
2441 2625 2649 2676 dato
2697 2615 2958 2669 deses
3008 2607 3425 2660 aenvanck

1226 2732 1965 2794 nemende

1287 2974 1652 3023 anuel
1723 2973 2090 3022 Corre
2162 2973 2381 3025 van
2453 2966 3260 3019 Palliacatta

1307 3093 1966 3148 jegenwoordich
2015 3090 2269 3139 Jongh
2317 3084 2673 3134 Barbier
2723 3082 2875 3129 met
2924 3080 3179 3127 gagie
3229 3082 3384 3131 van

3306 3174 3330 3219 E

1299 3233 1402 3286 4
1450 3223 1600 3276 ter
1647 3214 1948 3268 maendt
1996 3208 2097 3258 jn
2143 3193 2493 3249 welcque
2539 3187 3040 3238 qualiteijt
3088 3190 3191 3239 d'
3233 3196 3338 3257 E:

1278 3346 1746 3406 Compagnie
1796 3336 2110 3390 sonder
2155 3326 2474 3381 verder
2525 3317 3202 3370 verbeteringhe
3251 3314 3358 3362 nu

1289 3480 1434 3530 ses
1481 3467 1772 3521 jaeren
1819 3467 1964 3514 tot
2012 3465 2253 3512 goedt
2301 3459 2688 3509 contente
2733 3459 2977 3505 mendt
3024 3457 3170 3503 van
3216 3450 3412 3502 sijn

1281 3594 1642 3652 meerder
1692 3581 2052 3638 gedient
2100 3569 2512 3623 hebbende
2562 3568 2768 3616 ende
2817 3568 2973 3616 ome
3018 3565 3384 3615 volgens

1263 3714 1581 3770 merite
1632 3694 2314 3757 g'advanceerdt
2331 3693 2469 3738 te
2520 3687 2836 3736 werden
2887 3692 3413 3743 versoecken

1242 3829 1431 3886 wert
1476 3825 1570 3871 op
1615 3814 1802 3869 sijn
1847 3810 2219 3859 vertoogh
2265 3806 2359 3854 en
2404 3802 2637 3850 goede
2680 3791 3333 3848 getuijgenissen

1277 3944 1430 3993 die
1480 3937 1837 3988 meerder
1886 3931 2039 3980 van
2088 3928 2243 3976 hem
2294 3925 2548 3973 geven
2598 3924 2751 3971 als
2800 3920 3006 3969 door
3055 3911 3362 3963 ruijme

1265 4064 1715 4126 expiratie
1765 4061 1864 4109 en
1912 4050 2511 4105 bequaemheijt
2557 4056 2708 4102 Bij
2755 4045 3007 4101 desen
3055 4044 3155 4091 de
3205 4043 3405 4092 novo

1256 4190 1360 4240 in
1410 4178 1918 4235 qualiteijt
1968 4176 2120 4222 van
2170 4171 2779 4221 onderbarbier
2830 4168 3387 4216 aengenoemde

1259 4314 1439 4368 ende
1483 4312 1616 4359 een
1660 4308 2101 4358 belooningh
2143 4308 2278 4354 van
2322 4305 2676 4353 achthien
2718 4301 3029 4348 guldens
3072 4302 3205 4349 ter
3247 4304 3433 4354 maen

1271 4431 1714 4495 toegeleijt
1752 4432 1800 4479 t
1844 4432 2108 4478 nieuwe
2151 4426 2459 4479 verbant
2503 4426 2591 4471 en
2634 4424 3205 4473 verbeteringhe
3249 4426 3382 4473 van

1268 4569 1547 4628 gagie
1601 4557 1824 4611 dato
1878 4549 2156 4601 deses
2206 4544 2656 4593 aenvanck
2707 4539 3101 4592 nemende
