3567 4883
1433 778 1810 836 Allardt
1863 790 2026 837 Van
2079 792 2672 844 helsdinghen
2726 799 2888 847 van
2942 801 3428 853 uijtrecht

1562 887 1863 938 Jndia
1921 894 2339 943 Pecomen
2399 894 2579 942 ao.
2636 896 2879 944 1641
2937 900 3116 946 den
3175 901 3414 959 15e„

1333 1024 1566 1079 Junij
1612 1017 1799 1067 medt
1843 1008 2079 1060 schip
2121 1007 2265 1053 11:
2310 1006 2732 1056 amsterdam
2777 1008 2965 1055 voor
3011 1005 3432 1054 adsistent

1304 1138 1710 1198 hebbende
1760 1135 1911 1182 een
1961 1134 2416 1180 geruijmen
2466 1135 2668 1182 tijt
2717 1135 2870 1182 ter
2919 1127 3373 1178 Comptoire

1312 1265 1886 1316 masulijpatam
1934 1265 2030 1310 en
2078 1265 2509 1315 datcheron
2557 1269 2844 1316 sijnen
2891 1270 3179 1318 dienst
3226 1273 3424 1325 waer

1407 1380 1831 1438 Genomen,
1883 1380 2093 1426 ende
2143 1380 2408 1426 goedt
2461 1377 3144 1427 contentemendt
3195 1380 3353 1428 van

1280 1488 1466 1548 sijn
1506 1485 1690 1534 doen
1734 1484 1914 1530 ende
1959 1482 2588 1529 comporteniendt
2632 1478 2768 1526 aen
2812 1473 2993 1522 sijn
3037 1466 3353 1517 meerder

1270 1585 1678 1658 Gegeven,
1728 1583 1982 1630 werdt
2031 1578 2487 1627 derhalven
2537 1579 2638 1625 op
2687 1568 2891 1623 zijn
2940 1561 3295 1612 Billick

1281 1713 1677 1772 versoeck
1718 1705 1923 1758 ende
1971 1698 2562 1750 bequaemheijt
2610 1695 2758 1742 van
2806 1686 3397 1739 ondercoopman

1287 1827 1833 1886 aengenomen
1887 1820 2106 1872 ende
2161 1816 2325 1863 een
2378 1811 3035 1861 tracktemendt
3088 1808 3257 1856 van

1292 1962 1431 2011 ses
1474 1958 1568 2004 en
1611 1944 1937 2003 dartich
1981 1938 2305 1989 guldens
2351 1938 2489 1983 ter
2535 1936 2812 1983 maendt
2858 1934 3411 1982 toegevoucht,

1287 2086 1527 2136 midts
1574 2080 1767 2130 daer
1815 2077 2007 2125 voor
2053 2063 2439 2122 gehouden
2486 2064 2822 2115 Bleijft
2869 2068 2918 2115 d
2966 2066 3062 2115 E.
3108 2063 3410 2117 comp=e

1277 2205 1479 2258 noch
1524 2198 1776 2248 vijff
1824 2191 2471 2241 naestvolgende
2519 2185 2818 2235 jaeren
2859 2180 2968 2230 jn
3010 2175 3264 2228 jndia
3310 2167 3413 2219 te

1278 2322 1721 2380 dienen,
1783 2320 1847 2365 t
1909 2314 2289 2363 nieuwe
2351 2310 2856 2361 verbandt
2920 2304 3172 2355 ende
3233 2295 3362 2347 de

1270 2449 1840 2514 verbeteringh
1886 2440 2029 2491 van
2075 2434 2313 2484 gagie
2360 2430 2503 2478 den
2549 2427 2740 2476 15„e
2783 2415 3023 2471 junij
3071 2413 3166 2460 ao
3208 2400 3404 2457 1646

1280 2591 1435 2637 als
1485 2578 1848 2634 wanneer
1896 2567 2208 2621 sijnen
2259 2568 2466 2617 tijt
2516 2555 3085 2618 g'expireert
3133 2535 3343 2595 was.

1272 2712 1799 2772 aenvanck
1863 2705 2326 2758 nemende

1359 2894 1598 2957 Aldus
1641 2880 1925 2936 gedaen
1970 2866 2581 2923 geresolveert,
2628 2866 2815 2913 ende
2862 2866 3428 2914 g'arresteert

1295 2988 1466 3040 int
1519 2983 2082 3036 nederlants
2134 2979 2588 3029 Comptior
2626 2976 3039 3024 masulij
3064 2972 3375 3022 patam

1476 3092 1841 3150 datum
1911 3090 2059 3137 ut
2132 3087 2499 3138 supra

2095 3236 2339 3306 Was
2418 3210 3310 3281 geteeckendt

2334 3405 2722 3465 rnold
2798 3386 3342 3449 geussen

2522 3571 2875 3628 ieter
2943 3545 3303 3612 sijme

2259 3705 2641 3790 Jacob
2688 3678 3166 3743 Junius

2298 3879 2754 3943 Gerridt
2817 3873 3141 3923 Calss
