3567 4801
2754 552 2902 600 888

524 592 996 656 Septembr.
1047 586 1257 637 Aaro
1307 585 1520 637 1648

920 742 1120 797 dewaerts
1143 739 1317 787 gegaen,
1340 737 1564 784 reserende
1589 739 1688 785 door
1713 740 1862 786 tewvoo
1885 741 2010 788 goeda
2034 743 2084 789 't
2108 745 2232 793 volcq
2256 748 2331 793 van
2355 749 2578 800 Sabealach
2601 752 2652 799 en
2676 752 2726 797 E.
2750 748 2890 796 Thome

918 858 1010 908 noch
1030 854 1121 903 alle
1142 851 1255 898 beset
1276 848 1434 896 hielden
1456 846 1546 892 ende
1568 846 1613 891 d'
1635 844 1860 892 portugesen
1880 844 1948 891 die
1971 844 2038 889 300
2060 844 2194 891 mannen
2217 846 2351 894 sterck
2373 849 2463 896 sijn
2485 850 2686 898 bestaende
2708 849 2866 896 d'selve

900 974 954 1021 in
979 972 1008 1018 3
1032 960 1299 1016 Compagnien
1325 959 1405 1005 soo
1431 958 1485 1003 nu
1510 955 1670 1003 alsdan
1697 953 1750 1000 op
1775 949 1883 997 haer
1909 948 1989 994 een
2015 948 2202 994 uijtval
2228 947 2387 994 deden,
2414 947 2520 993 Item
2546 947 2627 992 dat
2653 947 2732 993 den
2759 947 2866 994 guel

912 1085 993 1135 van
1017 1081 1071 1128 S.
1094 1077 1123 1124 t
1145 1074 1279 1122 Thome
1302 1071 1383 1117 tot
1408 1069 1643 1115 moderatie
1669 1067 1748 1114 van
1773 1065 1878 1112 dese
1903 1061 2061 1109 saecke
2086 1061 2269 1108 sekeren
2295 1060 2477 1106 gesandt
2504 1059 2687 1105 naerden
2710 1051 2900 1102 Coninck

905 1202 983 1255 van
1004 1191 1224 1245 Carnatica
1247 1185 1442 1235 gesonden
1464 1181 1684 1230 hebbende,
1707 1179 1756 1225 op
1780 1177 1853 1224 den
1877 1176 1974 1222 wegh
1997 1172 2288 1220 aengehouden,
2312 1172 2361 1218 en
2384 1172 2434 1217 In
2457 1165 2700 1216 echtenisse
2722 1156 2894 1210 gestelt

910 1316 987 1367 Is,
1008 1302 1233 1359 sonderdat
1256 1299 1331 1346 hem
1355 1295 1503 1344 Willen
1528 1291 1799 1340 licentieren
1822 1287 1946 1336 sijne
1970 1282 2193 1332 Ambassade
2216 1281 2266 1327 te
2290 1279 2540 1326 voltrecken

898 1450 952 1496 d.
974 1447 1004 1494 o
1028 1437 1241 1490 vernemen
1264 1431 1453 1482 naerder
1479 1430 1532 1476 't
1559 1428 1717 1475 woelck
1744 1428 1823 1474 van
1847 1422 2035 1472 Chinara
2060 1422 2246 1468 partije
2271 1420 2405 1467 vande
2431 1411 2804 1467 Cansjewarontse

914 1543 1164 1596 lijnwaeten
1188 1541 1264 1587 tot
1286 1539 1338 1585 d'
1363 1537 1513 1584 waerde
1538 1537 1614 1583 van
1636 1535 1813 1583 omtrent
1836 1533 1938 1580 6000
1961 1532 2037 1577 r=a
2062 1532 2137 1578 van
2162 1533 2212 1578 8.
2236 1532 2287 1578 en
2312 1531 2413 1577 voor
2436 1531 2562 1577 desen
2584 1529 2761 1577 hoovers
2786 1522 2912 1574 Wijse

914 1663 1020 1716 naer
1044 1652 1326 1707 Madrespatam
1349 1647 1555 1696 ververdt
1579 1645 1657 1692 aen
1681 1644 1733 1690 d'
1758 1639 2013 1688 Engelschen
2037 1636 2192 1684 aldaer
2217 1635 2421 1682 vertocht
2446 1633 2625 1679 hebben,
2649 1629 2854 1677 daerover

910 1785 986 1832 tot
1008 1773 1233 1828 maintenue
1256 1769 1357 1817 ende
1381 1766 1580 1814 g'narand
1604 1764 1680 1810 van
1703 1762 1754 1808 s'
1778 1759 2026 1807 Compagnies
2051 1755 2225 1804 Billick
2249 1753 2399 1799 hecht,
2422 1751 2523 1798 ende
2546 1746 2672 1795 actie
2694 1735 2895 1790 sodanige

881 1896 1138 1954 Insinuatie
1162 1891 1240 1940 bij
1264 1886 1393 1935 forme
1419 1885 1496 1931 van
1521 1884 1701 1930 protest
1725 1881 1880 1928 aenden
1905 1878 2034 1926 agent
2057 1875 2213 1922 Thomas
2237 1870 2340 1919 Vrie
2364 1862 2519 1914 gedaen
2542 1852 2724 1907 hebben,
2745 1843 2826 1895 als
2849 1834 2958 1885 hier

907 2013 1166 2067 vervolgens
1190 2004 1577 2057 gespecificeert,
1602 1995 1886 2049 namentlijck

967 2177 1075 2230 wij
1106 2167 1214 2219 syn
1247 2159 1491 2210 genough
1524 2154 1734 2203 bekent
1768 2145 2221 2198 doorhoedanige
2256 2140 2499 2190 Vresche
2533 2127 2887 2186 practicque

896 2287 996 2343 ende
1016 2278 1253 2331 pretentien
1274 2274 1346 2322 den
1369 2268 1604 2318 onweerdigh
1624 2265 1673 2312 en
1696 2260 1884 2309 maleije,
1906 2257 2001 2305 ende
2024 2256 2141 2302 sijne
2164 2253 2375 2302 creaturen
2399 2251 2563 2298 aesints
2585 2247 2703 2295 heeft
2726 2238 3009 2292 g'arresteert

902 2393 1173 2455 alderhande
1198 2383 1602 2437 Coopmanscharven
1627 2378 1763 2427 Onser
1788 2376 1844 2422 E.
1870 2377 1897 2423 r
1923 2374 2165 2423 Compagnie
2191 2371 2246 2418 en
2272 2369 2433 2416 haerte
2459 2360 2784 2414 schuldenaers

2855 2367 2933 2414 -

1732 2448 1848 2497 -

908 2507 1260 2566 toebehoorende
1287 2502 1475 2552 waertoe
1502 2501 1555 2547 d'
1580 2499 1636 2546 E.
1662 2491 1905 2543 Compagnia
1931 2490 2012 2535 hin
2039 2490 2092 2535 d'
2118 2486 2361 2535 penningen
2387 2483 2523 2530 heeft
2548 2474 2833 2526 verstreckt

910 2626 1031 2678 onder
1052 2624 1101 2670 d'
1122 2617 1265 2668 welcke
1288 2615 1359 2661 een
1382 2613 1500 2660 grote
1523 2610 1688 2657 partije
1711 2606 1853 2654 cleden
1874 2602 1970 2650 ende
1993 2599 2111 2646 fijne
2134 2591 2369 2644 lijnwaeten
2393 2585 2558 2636 Jonghst
2579 2582 2651 2629 van
2672 2572 2933 2627 Cansjewaron

910 2733 1174 2789 afgebraght,
1197 2728 1293 2777 ende
1316 2725 1388 2772 Wel
1411 2725 1436 2770 '
1459 2721 1604 2769 eerste
1625 2718 1794 2767 geweest
1817 2716 1890 2763 dat
1913 2714 1985 2760 sij
2007 2710 2057 2757 in
2079 2706 2224 2754 arrest
2246 2698 2415 2750 hielden
2438 2690 2606 2742 waervan
2627 2679 2919 2734 seeckerlijck

903 2851 979 2903 ben
1000 2846 1052 2894 g'
1073 2833 1342 2890 Informeert,
1365 2830 1439 2878 dat
1462 2826 1561 2874 ware
1583 2821 1754 2870 apadoor
1776 2818 1973 2866 seeckere
1996 2814 2167 2862 Valsche
2191 2805 2410 2858 projecten
2432 2802 2507 2849 een
2529 2796 2652 2845 goede
2674 2786 2847 2840 partije

903 2960 988 3012 bij
1013 2954 1096 3002 uE,
1122 2948 1205 2998 top
1230 2934 1531 2991 madrespatam
1557 2929 1694 2978 heeft
1720 2924 1966 2974 gebraght,
1993 2922 2048 2968 en
2074 2921 2157 2967 aen
2183 2916 2266 2965 UE.
2291 2906 2538 2960 Compagnie
2564 2900 2782 2950 verkocht
2807 2894 2924 2945 voor

915 3075 1018 3125 6000
1041 3070 1095 3118 r.
1120 3069 1145 3114 a
1170 3063 1273 3114 ofte
1296 3049 1604 3106 daeromtrendt
1628 3045 1706 3094 wes
1731 3034 2063 3089 genoodtsaeckt
2087 3031 2190 3079 been
2214 3027 2293 3075 ter
2317 3018 2522 3070 respecte
2545 3013 2674 3062 mijns
2699 3006 2934 3057 verbonden

905 3178 1100 3236 plicht,
1124 3172 1236 3222 ende
1263 3161 1673 3218 g'hoersoemheijt
1699 3157 1837 3205 aende
1862 3153 1919 3201 E.
1944 3150 2001 3197 e.
2026 3142 2274 3195 Compagni,
2300 3138 2410 3186 Bnij
2435 3134 2574 3181 forme
2600 3132 2683 3178 van
2709 3122 2902 3176 Protest

909 3304 990 3353 UE:
1012 3296 1095 3346 mud
1119 3292 1174 3340 to
1198 3288 1332 3336 desen
1357 3286 1411 3332 &.
1436 3284 1464 3330 a
1489 3278 1649 3328 advijs
1674 3277 1728 3323 te
1753 3270 2071 3321 waerschouwen
2096 3266 2282 3314 vermits
2308 3265 2362 3311 d'
2386 3261 2572 3309 hechten
2598 3261 2651 3306 in
2677 3258 2837 3306 Europa

905 3410 1208 3472 confermeren,
1232 3408 1308 3455 soo
1332 3403 1507 3453 vemands
1531 3401 1632 3448 wees
1655 3400 1706 3445 t'
1731 3397 2055 3445 arprehenderen
2078 3395 2129 3441 't
2153 3389 2254 3439 guns
2277 3386 2353 3433 hem
2378 3384 2627 3431 Voormaelst
2651 3384 2727 3429 dar
2751 3385 3001 3435 ontstolen,

909 3551 965 3599 't
989 3544 1125 3594 selve
1150 3532 1472 3588 vrijelijckt'
1496 3527 1685 3576 eygenen
1710 3523 1898 3572 waertoe
1924 3520 2058 3566 mijne
2084 3514 2299 3565 aevijsen
2325 3511 2432 3559 naer
2457 3507 2645 3555 Batavia
2672 3506 2752 3553 aen
2778 3504 2885 3550 haer
2912 3500 2993 3549 Ed:

899 3667 1114 3722 tenderek,
1135 3663 1232 3711 omme
1254 3660 1326 3707 hun
1348 3658 1468 3704 sulcx
1490 3653 1657 3702 tijdigh
1678 3650 1727 3697 te
1750 3643 2034 3695 verwittigen,
2056 3641 2152 3688 ende
2175 3637 2341 3686 gelooft
2362 3634 2435 3682 mij
2457 3632 2530 3679 ten
2552 3632 2624 3678 sal
2647 3629 2837 3676 sodanich
2859 3627 2960 3674 ofte

884 3786 1211 3851 slechtelijck
1237 3781 1346 3829 niet
1370 3770 1643 3824 aengenomen
1668 3763 1832 3814 werden
1857 3758 1967 3807 want
1992 3755 2075 3803 ick
2101 3753 2210 3800 Weet
2237 3752 2345 3799 Haer
2371 3751 2426 3796 E.
2451 3743 2669 3796 revengie
2695 3736 2913 3788 hierover

870 3910 1015 3964 sullen
1036 3900 1253 3954 Erlangen,
1277 3899 1326 3945 't
1348 3895 1421 3943 bij
1442 3892 1493 3939 d'
1516 3885 1708 3936 goederen
1731 3881 1828 3930 (sie
1850 3878 1923 3925 ons
1947 3872 2258 3923 oprechtelijck
2281 3865 2546 3917 toebehooren
2569 3864 2666 3910 uijt
2689 3865 2785 3912 uE:.
2808 3864 2929 3911 schip
2952 3860 3001 3908 te

889 4027 1046 4083 lagten
1070 4021 1175 4071 ofte
1198 4016 1303 4065 door
1327 4009 1482 4060 andere
1507 4004 1713 4054 middelen
1738 4001 1816 4048 die
1840 3999 1919 4045 ons
1944 3997 2047 4044 niet
2073 3996 2355 4043 mancqueren,
2380 3992 2458 4040 ben
2484 3990 2715 4037 derhalven
2741 3986 2946 4035 gehouden

864 4137 1257 4212 onsehsgopgen
1288 4130 1451 4179 venme
1482 4129 1580 4175 uEr
1611 4123 1774 4172 schep
1805 4121 1903 4167 sie
1934 4119 2000 4166 at
2032 4117 2130 4164 sij
2162 4117 2194 4163 e
2226 4112 2356 4161 uten
2387 4110 2519 4157 eges
2549 4113 2615 4159 en
2646 4110 2712 4157 te
2743 4109 2971 4157 venteen

2636 4218 2859 4270 want

795 1452 876 1511 N
