3505 4801
2776 493 2976 552 1005

946 624 1029 673 is
1066 619 1191 669 soo
1230 617 1352 665 dat
1393 617 1596 664 uEd„e
1636 616 1798 664 niet
1836 615 2081 667 alleen
2121 620 2405 667 tselve,
2444 617 2607 664 maer
2647 614 2809 661 oock
2848 606 2972 658 wat

944 723 1115 774 daer
1155 717 1286 767 van
1327 709 1798 764 gesprooten,
1840 705 2011 753 ende
2052 700 2182 749 hoe
2224 698 2396 745 veel
2437 694 2524 741 op
2566 689 2738 737 jder
2776 681 3037 736 soorte

923 825 1060 877 van
1102 804 1636 868 Coopmanschap
1678 796 1815 848 off
1855 794 1947 843 te
1991 782 2392 837 gewonnen,
2436 779 2569 826 off
2610 776 2702 823 te
2746 772 3058 821 verloor

929 919 1067 974 is,
1111 912 1293 961 inde
1338 908 1610 956 nevens
1652 895 1927 952 gaende
1971 884 2289 938 memorie
2333 879 2425 928 No
2469 877 2607 924 20.
2651 863 3060 917 specifice

931 1011 1399 1072 aengewesen
1443 1001 1678 1055 wert,
1723 992 2003 1044 welcke
2048 987 2237 1037 door
2281 985 2516 1034 wede„
2560 971 3074 1031 geresumeert

932 1122 1107 1177 ende
1147 1112 1363 1164 tegen
1404 1107 1534 1155 die
1569 1102 1749 1152 vant
1791 1093 2177 1145 voorleden
2214 1088 2391 1137 jaer
2432 1070 3034 1131 geconfronteert

940 1210 1273 1276 sijnde,
1317 1202 1603 1254 sullen
1650 1190 1886 1246 wede„
1932 1184 2314 1234 bevinden

2947 1330 3065 1378 xt

761 1444 884 1495 Dat
920 1436 1006 1486 op
1046 1434 1128 1481 d'
1168 1429 1374 1478 folie
1414 1428 1537 1476 1/3
1578 1429 1660 1476 pr
1690 1423 1905 1472 cento
1945 1420 2109 1467 meer
2149 1412 2599 1464 onderwicht,
2639 1402 3050 1456 gesupport„

923 1534 1226 1588 werdt,
1241 1525 1574 1574 twelck
1608 1512 1824 1567 niet
1870 1500 2174 1554 vreemt
2220 1500 2374 1546 is,
2412 1500 2573 1546 jae
2611 1489 3024 1544 weijnich

952 1628 1088 1684 ten
1129 1613 1482 1671 reguarde
1525 1607 1658 1656 dat
1699 1599 1833 1649 het
1876 1590 2095 1641 inden
2134 1589 2358 1637 tarra
2400 1587 2620 1635 vande
2663 1577 2973 1632 sockels

953 1740 1002 1789 1
1027 1728 1175 1793 3/6
1217 1718 1307 1766 pr
1348 1709 1572 1760 cento
1615 1691 2061 1753 diftereert
2104 1685 2283 1734 want
2324 1681 2505 1729 jnde
2547 1673 2862 1724 factura

943 1829 1178 1879 staet
1224 1824 1411 1874 voor
1458 1817 1692 1869 tarra
1735 1811 1925 1861 niet
1969 1806 2158 1855 meer
2203 1803 2345 1850 als
2389 1793 2485 1845 1¼
2528 1781 2811 1837 cattij
2857 1769 3045 1826 ofte

1054 1888 1389 1941 allle

939 1945 988 1994 6
1029 1952 1165 1998 1/8
1209 1942 1345 1998 lb:
1382 1919 1476 1978 pr
1520 1916 1791 1965 tockel
1835 1913 1971 1960 aff
2013 1904 2466 1958 getrocken,
2510 1903 2690 1952 daer
2735 1900 3006 1950 dittos

947 2046 1112 2098 door
1150 2037 1275 2090 een
1314 2034 1398 2080 10
1437 2034 1561 2082 c„l
1601 2031 1768 2081 offt
1805 2040 1846 2085 8
1883 2028 2010 2085 1/8
2048 2021 2173 2071 lb:
2213 2003 2540 2064 gewoogen
2578 1995 2827 2047 hebben

934 2143 1113 2194 daer
1154 2138 1246 2186 en
1289 2127 1513 2181 tegen
1557 2124 1780 2171 staat
1824 2117 2003 2169 inde
2046 2103 2448 2160 voorleden
2491 2095 2715 2147 Jaars
2757 2091 3071 2139 faitura

934 2242 1116 2296 voor
1159 2234 1340 2285 tara
1383 2226 1519 2277 van
1563 2219 1832 2269 ijeder
1872 2211 2145 2263 sockel
2188 2205 2279 2253 1½
2320 2192 2592 2249 cattij
2636 2188 2727 2236 en
2771 2173 3039 2230 hebben

933 2342 1134 2394 doen
1183 2333 1384 2386 maer
1424 2336 1579 2384 16½
1620 2321 1779 2378 c„r
1815 2295 2227 2363 gewoogen
2273 2293 2477 2343 waer
2526 2287 2727 2337 door
2771 2283 2876 2331 en
2924 2273 3027 2329 de

904 2427 1306 2493 gegevene
1351 2426 1652 2473 foutie
1701 2423 1800 2470 d'
1850 2416 2097 2468 winst
2144 2408 2345 2461 oock
2393 2399 2543 2451 soo
2592 2391 2791 2443 veel
2836 2380 2939 2435 te

887 2537 1233 2602 minder
1261 2524 1690 2578 advance
1746 2507 2318 2569 gecauseert
2369 2479 2661 2550 heeft

797 2733 1313 2781 Tonderwicht
1358 2738 1451 2783 op
1497 2733 1592 2782 d'
1635 2727 1918 2778 nooten
1965 2723 2385 2772 moschasen
2431 2723 2852 2770 excedeert

943 2841 1026 2891 d'
1062 2840 1419 2889 voorleden
1457 2833 1735 2885 jaerige
1774 2832 1893 2878 wel
1930 2831 1972 2878 3
2010 2826 2130 2876 3/8
2168 2828 2248 2876 pr
2286 2821 2446 2873 c„to
2482 2818 2643 2866 daer
2680 2815 2800 2865 Bij
2838 2814 3037 2864 uEd:e

927 2936 1214 2989 sullen
1260 2926 1548 2979 connen
1594 2917 2025 2970 oordeelen
2065 2909 2502 2962 hoedanich
2548 2901 3027 2954 vermijtert

936 3022 1223 3080 moeten
1269 3010 1602 3065 geweest
1647 2998 1885 3053 sijn,
1931 2997 2264 3043 twelcke
2311 2997 2453 3043 als
2500 2994 2690 3041 oocq
2736 2990 2832 3039 om
2877 2986 2975 3036 de

890 3117 1141 3178 voors
1185 3108 1487 3159 reeden
1531 3105 1735 3153 veel
1776 3095 2082 3150 minder
2130 3087 2479 3138 advance
2528 3080 3025 3133 gecauseert

922 3211 1247 3277 heeft

823 3433 1244 3485 Drompen,
1296 3435 1507 3482 door
1557 3432 1770 3481 dien
1823 3429 2034 3477 heel
2084 3425 2296 3475 goet
2349 3422 2666 3470 waeren

916 3532 1191 3588 hebben
1235 3529 1375 3578 1/8
1418 3529 1556 3582 p=r
1598 3524 1782 3574 c„to
1827 3517 2101 3569 minder
2144 3504 2602 3561 gelacceert
2647 3502 2830 3550 ende
2874 3497 3059 3546 daer

878 3634 1071 3684 door
1116 3631 1261 3680 soo
1306 3620 1500 3675 veel
1546 3618 1643 3664 te
1689 3615 1881 3662 meer
1928 3607 2167 3661 winst
2206 3595 2547 3653 gegeven

801 3845 1004 3897 Door
1054 3849 1357 3897 Groote
1408 3846 2015 3895 Vochticheijt
2063 3848 2316 3897 Compt
2366 3851 2468 3897 op
2517 3849 2619 3895 d'
2669 3849 3025 3903 nagelen

935 3963 981 4011 1
1021 3954 1148 4004 3/8
1189 3949 1274 3997 pr
1314 3944 1525 3991 cento
1564 3940 1986 3988 onderwicht
2026 3940 2321 3990 meerder
2362 3943 2489 3990 dat
2530 3940 2699 3987 veel
2739 3936 3035 3985 grooter

925 4053 1161 4108 soude
1202 4030 1535 4095 geweest
1582 4024 1816 4074 zijn,
1858 4019 2144 4069 jndien
2191 4019 2332 4064 der
2379 4012 2990 4065 contractanten

933 4135 1311 4203 versoeck,
1351 4131 1435 4177 om
1475 4129 1559 4175 d'
1599 4121 1808 4173 selve
1847 4117 1973 4165 int
2014 4111 2388 4161 packhuijs
2422 4110 2595 4158 uijt
2635 4110 2719 4156 t'
2760 4111 3012 4161 storts

904 4240 1026 4288 (om
1066 4232 1229 4284 dies
1270 4225 1595 4276 t'eerder
1635 4224 1717 4270 te
1758 4220 2083 4270 droogen)
2121 4215 2205 4263 en
2244 4207 2408 4258 daer
2447 4201 2611 4250 uijt
2650 4192 2939 4244 gruijs.

923 4332 1082 4383 ende
1120 4321 1359 4375 stoff.
1397 4319 1439 4366 e
1477 4314 1557 4362 t'
1595 4304 2073 4359 garbuleeren,
2106 4290 2595 4349 jngewillicht

2535 4378 2904 4439 hadde

0 3626 220 3674 den

0 3940 212 3986 nen
