3642 4883
1105 624 1457 683 Januarij
1485 615 1674 667 1646

1284 766 1492 823 Nopende
1522 766 1611 811 den
1639 767 1874 813 verderen
1903 766 2168 813 toestandt
2198 766 2316 812 ende
2344 766 2727 814 gestaltenisse
2756 768 2844 813 des
2874 766 3168 813 Compagnies
3196 763 3377 814 staedt

1381 859 1667 911 daertelande
1692 857 1822 904 bleef
1847 857 1926 906 tot
1950 860 2054 906 noch
2080 860 2209 906 alles
2234 860 2288 906 in
2313 861 2546 907 redelycke
2571 863 2752 909 posture
2778 864 2830 909 In
2855 864 2883 910 t
2907 866 2959 912 by
2984 865 3141 912 sonder
3166 866 3374 913 omtrendt

1380 961 1436 1012 de
1460 956 1722 1004 quartieren
1748 956 1826 1001 van
1851 955 1983 1001 Paele
2006 953 2113 1000 doch
2138 953 2271 999 Inden
2295 955 2452 1002 Corles
2477 957 2686 1003 Gonckhet
2712 958 2920 1005 vermiets
2947 960 3103 1007 eenige
3129 962 3470 1020 gelevanteerde

1380 1063 1459 1111 die
1484 1061 1537 1107 d'
1562 1058 1719 1105 landen
1743 1058 1822 1104 bij
1848 1057 2004 1103 Wijlen
2030 1056 2212 1102 onveijl
2238 1056 2420 1102 maecken
2446 1057 2550 1103 niet
2576 1058 2680 1104 alst
2706 1059 2913 1106 behoort,
2939 1061 3044 1108 doch
3069 1063 3226 1109 stondt
3251 1064 3381 1113 alles

1387 1165 1442 1211 t'
1468 1164 1603 1210 syner
1629 1162 1738 1209 tijt
1764 1161 1819 1207 in
1845 1161 1926 1207 een
1953 1158 2196 1207 beterform
2222 1160 2276 1205 te
2303 1156 2546 1205 geraecken

1218 1287 1252 1336 N
1278 1281 1390 1328 13d.
1417 1280 1446 1325 o
1473 1278 1642 1325 become
1669 1279 1865 1326 missive
1893 1281 2061 1327 vanden
2089 1281 2424 1329 O0vercoopman
2452 1284 2565 1332 S.:r
2591 1286 2760 1333 Pieter
2784 1284 2926 1333 Sijms
2954 1284 3206 1332 gedateert
3229 1263 3343 1328 p=mo

1394 1374 1612 1423 Januarij
1638 1376 1720 1423 van
1745 1379 2041 1426 masulipatam
2068 1381 2175 1427 Item
2202 1381 2282 1426 een
2309 1381 2363 1427 d.
2390 1382 2417 1427 o
2443 1383 2659 1429 overdien
2685 1384 2792 1430 wech
2819 1385 2873 1430 in
2899 1385 3007 1432 dato
3033 1386 3061 1431 5
3087 1386 3302 1438 december

1381 1475 1517 1524 vande
1542 1476 1942 1528 opverwopluijden
1967 1479 2049 1527 ss.
2075 1480 2129 1526 es
2154 1480 2288 1526 Jacob
2314 1480 2474 1526 Sunius
2501 1480 2555 1525 en
2580 1481 2795 1530 martinus
2820 1487 2874 1533 S.
2898 1487 3060 1534 Vroede
3086 1489 3247 1537 nevens
3272 1493 3380 1540 meer

1390 1585 1543 1631 andere
1568 1586 1798 1634 pampieren
1822 1590 1874 1635 en
1899 1588 2179 1635 doccumenten
2204 1588 2306 1634 uijt
2332 1589 2510 1635 pipelij
2535 1589 2714 1635 daerbij
2739 1589 2867 1635 onder
2890 1587 3070 1635 anderen
3095 1587 3279 1638 Verneme

1389 1694 1690 1752 Eerstelijck
1717 1693 1800 1739 bij
1826 1694 2018 1741 missive
2044 1696 2208 1744 vanden
2235 1700 2535 1750 overcoopman
2561 1704 2616 1749 in
2643 1703 2970 1749 Masulipatam,
2997 1702 3079 1748 hoe
3105 1700 3161 1747 d'
3187 1696 3433 1745 resolutie

1423 1796 1587 1846 vanden
1614 1799 1669 1845 H.
1695 1799 1726 1846 r
1747 1801 1941 1848 Miersum
1968 1803 2023 1849 Ea
2049 1804 2186 1850 wegen
2213 1804 2324 1851 sijn
2349 1807 2567 1853 vertreck
2595 1808 2704 1854 naer
2731 1809 2949 1855 Golconda
2975 1805 3221 1854 verandert
3248 1803 3357 1850 was,

1384 1911 1481 1958 ende
1504 1908 1625 1956 soude
1649 1907 1721 1953 den
1745 1907 1913 1953 Intocht
1937 1907 1986 1953 op
2008 1906 2226 1952 Ondegiere
2249 1907 2346 1952 voor
2370 1907 2490 1954 eerst
2513 1910 2778 1956 geschieden,
2801 1910 2850 1956 en
2874 1908 3018 1955 wierdt
3041 1907 3090 1953 om
3114 1906 3210 1952 alle
3234 1903 3455 1951 Annonitie

1384 2015 1460 2064 van
1483 2012 1656 2059 oorloge
1680 2012 1754 2057 als
1778 2012 1925 2057 andere
1950 2012 2319 2060 noodwendicheden
2342 2014 2416 2060 bij
2440 2013 2515 2059 den
2539 2014 2710 2060 anderen
2735 2015 2784 2060 te
2808 2011 3054 2060 versamelen
3077 2008 3176 2055 alle
3201 2005 3397 2053 devoiren

1380 2122 1653 2172 aengewendt
1679 2121 1789 2167 ende
1816 2121 2089 2168 dienvolgen
2115 2123 2278 2169 groote
2305 2124 2577 2172 preparaten
2603 2124 2850 2171 gemaeckt,
2876 2124 2958 2169 bij
2985 2124 3040 2169 d'
3066 2122 3176 2168 onse
3200 2119 3258 2167 In
3282 2112 3455 2163 pypeli

1381 2236 1587 2291 vernemen
1611 2237 1687 2283 hoe
1712 2237 1788 2283 dat
1813 2236 1889 2282 van
1912 2234 2015 2280 hier
2039 2231 2267 2279 derwaerts
2291 2229 2368 2276 god
2393 2229 2469 2275 lof
2493 2229 2570 2275 wel
2594 2229 2746 2275 waeren
2770 2224 3048 2273 g'arriveert
3072 2222 3149 2268 den
3174 2220 3225 2267 8.
3248 2218 3301 2264 en
3325 2217 3455 2264 octob

1379 2347 1436 2394 d'
1462 2347 1628 2394 fluijt
1654 2345 1903 2392 Heemstede
1930 2342 2041 2389 over
2068 2340 2399 2387 masulipatam,
2426 2338 2510 2384 den
2536 2339 2619 2385 23.
2646 2340 2675 2386 e
2701 2340 2757 2387 d.
2784 2340 2812 2385 o
2838 2338 3005 2385 tJacht
3031 2335 3115 2382 lis
3141 2323 3418 2379 Adroicture

1373 2450 1676 2505 midtsgaders.
1700 2447 1777 2494 den
1801 2446 1877 2493 28.
1901 2445 1954 2492 en
1977 2448 2153 2495 passado
2178 2449 2228 2494 't
2253 2447 2404 2493 Galjot
2428 2446 2479 2492 d'
2504 2443 2655 2490 Bracq,
2679 2440 2781 2488 ende
2805 2439 2881 2484 den
2906 2437 3107 2484 laetsten
3131 2436 3182 2482 d.
3206 2435 3232 2480 o
3257 2433 3408 2479 tschip

1357 2570 1417 2618 r:
1444 2558 1733 2614 amsterdam,
1760 2553 1878 2602 Item
1905 2549 2194 2597 hoedsaecke
2223 2549 2396 2595 aldaer
2424 2548 2569 2594 wegen
2597 2547 2684 2592 den
2711 2542 2972 2592 Imbruliad
3001 2540 3059 2587 os
3086 2537 3174 2584 met
3202 2535 3232 2581 8
3259 2531 3434 2578 mooren

1369 2671 1499 2720 alles
1521 2666 1600 2715 ten
1624 2663 1780 2711 besten
1804 2660 1933 2707 vande
1958 2655 2189 2705 Generaele
2215 2653 2445 2700 Compagnie
2471 2654 2778 2701 uyjtgevallen
2803 2653 2906 2700 was,
2930 2648 3086 2698 sijnde
3109 2645 3162 2692 d'
3187 2642 3293 2690 onse

1366 2786 1442 2835 van
1464 2780 1589 2829 opine
1612 2777 1712 2824 onse
1736 2772 2031 2822 principaelen
2056 2770 2154 2817 meer
2178 2769 2400 2815 V'oordeel
2424 2768 2498 2814 als
2522 2768 2695 2814 schaede
2718 2765 2891 2813 sullen,
2915 2759 3063 2809 baeren
3086 2756 3161 2803 als
3185 2750 3334 2801 hebben

1366 2893 1623 2948 melcqbeecq
1647 2888 1801 2937 (alsoo
1825 2883 2080 2932 vermerckte
2106 2882 2208 2928 sijn
2233 2883 2513 2929 aengevangen
2538 2880 2666 2928 Wercq
2691 2880 2793 2927 niet
2818 2878 2946 2926 soude
2971 2874 3125 2923 connen
3147 2868 3406 2917 Vervoeren,

1366 3013 1479 3062 ende
1505 3007 1618 3056 rede
1646 3003 1757 3051 door
1784 3000 1951 3048 eenige
1979 2999 2118 3046 sijne
2145 2994 2451 3044 Wangunstige
2478 2993 2590 3039 ende
2617 2991 2729 3037 onse
2756 2986 3035 3036 toegedaene
3061 2982 3259 3031 Vrunden

1369 3129 1475 3177 byde
1499 3124 1657 3173 prince
1682 3121 1891 3168 daerover
1916 3113 2204 3165 eenichsints
2230 3111 2386 3158 odiens
2412 3107 2621 3156 gemaeckt
2646 3105 2751 3151 was)
2776 3101 2882 3150 omme
2906 3098 2960 3144 d'
2985 3093 3246 3143 geschillen
3271 3090 3351 3138 bij
3373 3084 3436 3134 te

1355 3241 1507 3290 leggen
1531 3232 1860 3285 bedecktelijck
1886 3228 2063 3277 sommige
2086 3217 2442 3272 aensienelijcke
2466 3212 2644 3261 luijden
2669 3204 2973 3257 uijtgesonden
2996 3200 3099 3248 omme
3123 3194 3225 3245 onse

1356 3349 1569 3403 meeninge
1595 3346 1649 3393 te
1675 3341 1914 3390 gronderen
1940 3335 2233 3385 eijndelijck
2258 3333 2366 3380 naer
2390 3329 2498 3376 veel
2523 3325 2631 3374 over
2656 3322 2710 3369 en
2737 3316 2976 3367 wedergaen
3001 3315 3082 3360 est
3107 3311 3296 3361 daertoe

1360 3462 1606 3517 gebraght
1635 3458 1726 3505 dat
1755 3450 2058 3501 voornemnde
2086 3445 2390 3494 weecqbeecq
2420 3444 2481 3490 op
2511 3442 2602 3489 den
2631 3435 2753 3485 naem
2783 3430 2934 3479 vande
2963 3422 3282 3474 Eliphanten

1399 3569 1533 3615 vande
1557 3561 1826 3613 Compagnie,
1852 3560 1907 3606 te
1932 3558 2093 3604 coopen
2118 3554 2227 3603 maer
2253 3553 2307 3599 in
2332 3550 2494 3597 effect
2521 3549 2574 3595 om
2601 3548 2681 3593 met
2708 3548 2761 3593 d'
2786 3546 2921 3591 selve
2948 3546 3002 3591 t'
3027 3538 3297 3590 appaiseren

1354 3692 1440 3743 van
1465 3684 1717 3735 Bellesoor
1745 3678 2051 3729 naerpipelij
2077 3670 2301 3722 gecomen,
2327 3668 2384 3715 en
2411 3663 2578 3713 d'onse
2606 3661 2717 3708 doen
2744 3655 3023 3705 versoecken
3050 3652 3190 3699 heeft
3216 3648 3301 3697 met
3328 3647 3416 3692 hem

1373 3808 1430 3858 t'
1457 3802 1621 3852 huijse
1646 3795 1812 3847 vanden
1838 3791 1921 3840 sen
1948 3784 2112 3835 gedaer
2139 3782 2194 3827 te
2220 3777 2385 3826 willen
2410 3771 2548 3821 Comen
2574 3763 2848 3815 spreecken,
2874 3760 2984 3807 daer
3010 3752 3202 3804 comende
3228 3742 3421 3796 behoude

1330 3922 1433 3973 sich
1456 3914 1560 3966 seer
1582 3909 1635 3958 te
1659 3901 1889 3953 beclaegen
1913 3896 1991 3945 van
2014 3893 2067 3940 't
2091 3886 2270 3937 weynich
2294 3878 2524 3930 betrouwen
2548 3877 2600 3923 en
2624 3874 2676 3921 d'
2700 3868 3031 3918 quadesuspitie
3056 3867 3133 3912 die
3157 3865 3209 3911 op
3232 3859 3362 3910 synen

1328 4027 1527 4093 Persoon
1553 4021 1667 4070 door
1695 4013 1892 4064 valsche
1919 4005 2258 4057 overdraginge
2284 4002 2370 4051 Van
2397 3999 2566 4046 eenige
2595 3983 3129 4044 boosaerdigeluijden)
3152 3977 3358 4027 hadden

1344 4138 1474 4185 daer
1505 4128 1766 4182 nochtans
1796 4121 2057 4172 d'langhe
2090 4113 2447 4166 vrundtschap
2477 4108 2576 4157 die
2607 4103 2706 4151 met
2737 4102 2803 4147 d'
2834 4089 3225 4145 Hollandtsche
3256 4083 3419 4132 natie

1351 4234 1674 4297 onderhouden
1702 4230 1849 4278 hadde
1878 4228 1936 4274 d'
1964 4224 2082 4272 onse
2110 4222 2198 4268 van
2226 4220 2373 4267 sijne
2401 4215 2548 4264 goede
2574 4208 2810 4260 meeninge
2838 4206 2926 4252 wel
2954 4200 3188 4250 behooren
3213 4194 3277 4243 te
