3567 4801
2802 532 2979 588 925

691 556 1016 615 January
1060 553 1154 600 Ao
1196 544 1382 595 1646

899 767 950 814 't
974 762 1256 813 eijndigende
1280 762 1434 810 vanden
1459 765 1587 812 storm
1612 767 1663 813 de
1687 765 1943 811 Berckhouet
1968 765 2096 811 weder
2121 765 2248 811 vande
2274 765 2427 812 droogh
2452 767 2503 813 te
2529 768 2758 814 geraeckt,
2782 764 2937 812 hebben

895 876 971 923 syn
994 871 1170 920 Caljoen
1194 868 1444 915 verlooren,
1469 869 1494 914 t
1518 868 1618 914 roer
1643 868 1693 913 in
1718 868 1743 913 3
1768 867 1942 913 stucken
1966 866 2091 912 glaet
2116 866 2266 913 vanden
2289 866 2465 914 anderen
2489 869 2714 915 gebroken,
2739 870 2789 915 en
2812 865 2889 915 dat

891 980 980 1032 met
1006 972 1207 1023 sulcken
1235 972 1406 1019 craght
1434 972 1520 1018 dat
1548 971 1635 1017 een
1661 970 1891 1017 gedeelte
1918 969 2061 1015 vande
2090 967 2404 1015 achtersteve
2431 967 2517 1012 het
2546 967 2660 1012 roer
2687 962 2860 1011 Volgen

888 1089 970 1143 van
995 1087 1047 1133 't
1071 1083 1202 1131 schip
1226 1082 1510 1127 afgeschuert
1536 1082 1639 1129 bij,
1664 1083 1897 1129 derhalven
1922 1082 1975 1128 't
1999 1082 2206 1128 eenemael
2231 1081 2283 1126 Is
2309 1080 2463 1126 moeten
2488 1077 2695 1124 ontlost,
2719 1059 3030 1122 gekiellaelt,

890 1206 1007 1257 ende
1031 1201 1149 1248 naer
1176 1196 1407 1245 behooren
1435 1192 1722 1240 Vertummert
1750 1192 1952 1238 werden,
1981 1192 2038 1237 d'
2065 1190 2239 1237 boodts
2267 1188 2382 1234 ende
2409 1181 2641 1233 schuyten
2669 1178 2755 1225 van
2782 1170 2928 1222 Beyde

884 1318 1072 1371 schepen
1098 1316 1153 1361 s'
1178 1312 1447 1360 Compagnies
1473 1312 1661 1358 Joncque
1687 1312 1875 1358 Tansuij
1897 1307 2009 1358 Item
2034 1305 2062 1351 7
2089 1305 2169 1350 str
2196 1300 2436 1350 Chineesen
2463 1299 2517 1345 d.
2542 1296 2597 1343 os
2622 1282 2891 1339 (waeronder

889 1437 1047 1493 eenige
1072 1434 1151 1481 met
1177 1431 1332 1479 swavel
1357 1430 1410 1476 en
1436 1430 1540 1476 rijs
1563 1428 1773 1476 geladen)
1797 1425 1902 1472 sijn
1927 1422 2084 1469 nevens
2110 1422 2187 1467 Wel
2212 1421 2265 1467 50
2290 1414 2550 1465 schiampans
2575 1409 2706 1458 Inden
2731 1403 2887 1453 grondt

887 1548 1149 1605 geslaegen,
1173 1546 1278 1593 ende
1303 1545 1382 1591 tot
1408 1543 1667 1590 spaenderen
1692 1541 1927 1588 geraeckt,
1952 1541 2004 1586 't
2030 1540 2160 1586 schip
2186 1538 2264 1585 den
2288 1535 2393 1582 Haen
2418 1531 2575 1579 bleeff
2598 1527 2653 1575 op
2677 1517 2989 1570 Woedtwaeters

878 1667 1059 1718 sitten,
1084 1665 1186 1711 doch
1212 1661 1366 1710 wierdt
1391 1656 1673 1706 eijndelijck
1699 1654 1853 1701 sonder
1878 1651 2211 1699 mercquelijcke
2236 1649 2416 1696 schaede
2439 1642 2622 1694 wederom
2647 1639 2698 1685 in
2721 1635 2775 1682 't
2800 1632 2903 1679 duep
2927 1630 2955 1676 —

890 1781 1112 1830 gebraght
1139 1782 1167 1827 2
1193 1780 1250 1827 s'
1278 1777 1554 1825 compagnies
1581 1774 1803 1821 soncquen
1830 1771 1996 1818 Waeren
2024 1770 2135 1816 naer
2162 1770 2218 1815 d'
2245 1767 2522 1815 piscadores
2549 1763 2861 1812 vertrocken—

890 1902 946 1951 om
973 1899 1079 1947 rijs
1106 1899 1159 1944 t'
1185 1896 1346 1943 haelen
1372 1897 1426 1943 d'
1452 1897 1613 1944 welcke
1638 1894 1931 1943 midtsgaders
1957 1893 2011 1939 't
2038 1891 2171 1938 Jacht
2197 1889 2278 1936 den
2304 1888 2464 1934 kividt
2490 1886 2598 1933 Inde
2624 1879 2890 1932 piscadores

892 2017 1036 2066 byden
1064 2014 1267 2062 anderen
1296 2014 1470 2060 sijnde
1498 2014 1671 2060 hebben
1700 2014 1786 2059 den
1815 2013 2046 2059 helrigen
2074 2007 2219 2057 storm
2246 2005 2337 2053 die
2363 2009 2421 2056 in
2448 1999 2652 2053 Tagouar
2680 1988 2856 2043 waerde

890 2134 1057 2189 aldaer
1083 2130 1194 2178 mede
1221 2127 1303 2174 met
1331 2127 1550 2173 sodanige
1577 2127 1851 2174 vehementie
1879 2128 2098 2175 ontmoedt
2125 2129 2207 2175 dat
2235 2128 2454 2174 daerdoor
2480 2127 2509 2172 s
2536 2118 2838 2172 Compagnies—

885 2249 1112 2303 Joncque
1142 2244 1370 2296 Tagouar
1401 2241 1595 2290 nevens
1627 2242 1692 2287 10
1723 2240 1950 2286 Cinesen
1982 2239 2015 2284 d
2047 2239 2080 2285 o
2110 2239 2306 2286 tegens
2337 2240 2402 2285 8'
2434 2241 2789 2289 Waegejaeght

892 2375 991 2427 ende
1015 2373 1063 2419 In
1084 2364 1254 2416 stucken
1277 2361 1494 2408 geslaegen
1517 2360 1638 2406 sijn,
1661 2359 1734 2405 den
1757 2357 1902 2404 kiviet
1924 2355 1997 2401 die
2020 2355 2070 2401 in
2093 2356 2165 2402 see
2188 2355 2285 2400 sijn
2309 2354 2573 2400 boechspredt
2596 2352 2716 2398 quydt
2740 2345 2932 2396 geraeckt

889 2488 992 2539 was,
1017 2483 1220 2532 driftigh
1244 2479 1473 2528 werdende,
1498 2479 1549 2524 so
1574 2479 1650 2524 aen
1675 2479 1853 2526 'tschip
1877 2476 2081 2524 schiedam
2105 2474 2182 2520 een
2207 2472 2333 2519 stuck
2357 2471 2510 2517 sijner
2536 2470 2714 2517 galeije
2738 2468 2992 2518 afgesloopt

894 2612 948 2662 't
972 2607 1252 2656 retourschip
1277 2605 1456 2652 sutphen
1480 2603 1684 2649 leggende
1709 2603 1811 2649 voor
1836 2603 1862 2649 3
1886 2600 2065 2647 anckers
2089 2596 2293 2644 (waervan
2318 2595 2420 2641 twee
2445 2592 2624 2639 touwen,
2647 2589 2750 2637 ende
2775 2587 2928 2634 beijde

898 2724 1034 2776 armen
1059 2721 1141 2769 van
1168 2721 1222 2766 't
1248 2719 1383 2767 derde
1409 2719 1704 2765 afbraecken)
1731 2718 1892 2764 wierdt
1919 2716 2054 2763 eerst
2079 2716 2241 2763 tegens
2267 2714 2321 2761 d'
2346 2712 2563 2760 Westsyde
2588 2709 2643 2755 en
2669 2704 2885 2754 daernaer

902 2847 1008 2898 (den
1031 2841 1162 2890 windt
1187 2838 1419 2886 omloopen)
1444 2834 1599 2883 tegens
1622 2832 1676 2879 d'
1701 2827 1933 2876 oostsijde
1958 2826 2087 2872 vande
2113 2823 2370 2871 kerckbaen,
2395 2823 2447 2868 op
2470 2821 2524 2868 de
2549 2819 2627 2865 wal
2651 2815 2858 2863 gedreven

889 2956 1099 3011 sittende
1122 2952 1201 2999 bij
1227 2949 1382 2997 leeghn
1407 2946 1537 2994 water
1562 2945 1665 2992 voor
1691 2947 1742 2992 op
1768 2947 1794 2992 4
1820 2946 1871 2992 en
1896 2941 2103 2991 achterop
2128 2940 2155 2985 7
2180 2936 2335 2984 voeten
2360 2931 2567 2981 waeters,
2592 2926 2800 2975 schiedam
2824 2921 2931 2970 quam

906 3084 961 3131 op
985 3074 1176 3127 deselve
1201 3068 1390 3118 plaetse
1416 3064 1712 3113 aendrijven,
1739 3064 1792 3109 en
1817 3061 1953 3109 heeft
1979 3053 2356 3106 gelijcksutphen
2383 3050 2490 3097 mede
2515 3040 2946 3095 dappergestooten,

898 3206 1003 3254 doch
1026 3200 1133 3249 sijn
1158 3188 1470 3244 echterbeijde
1494 3185 1625 3232 dicht
1650 3178 1884 3228 gebleven,
1910 3171 2170 3224 mitsgaders
2195 3170 2403 3217 schiedam
2427 3167 2506 3214 den
2531 3165 2584 3211 29
2608 3162 2662 3209 en
2686 3157 2871 3205 sutphen

894 3324 988 3374 den
1018 3319 1140 3368 30:'
1169 3309 1444 3363 september
1474 3306 1596 3354 niet
1626 3301 1901 3350 uytwerpen
1930 3299 2022 3346 van
2052 3295 2266 3344 Ballast
2295 3293 2419 3340 ende
2449 3286 2693 3337 ongemeen
2720 3276 2875 3330 Hoogh

889 3440 1027 3487 hoogh
1053 3435 1190 3483 water
1218 3432 1382 3480 (welcq
1409 3432 1491 3477 tot
1517 3428 1682 3476 geluck
1708 3422 1928 3473 daertoet
1955 3417 2228 3467 Veldiende)
2254 3412 2392 3462 Weder
2419 3410 2502 3456 van
2527 3406 2584 3453 de
2609 3398 2829 3450 drooghte

899 3559 967 3609 op
997 3552 1130 3602 diep
1161 3545 1357 3596 waeter
1388 3534 1685 3589 geraeckt/

912 3702 1423 3766 Voorverhaelden
1456 3693 1640 3744 storm
1675 3690 1858 3738 hadde
1893 3689 2039 3734 oocq
2075 3686 2148 3733 al
2182 3679 2403 3731 eenige
2438 3673 2693 3722 schaede
2729 3673 2841 3722 aen
2874 3681 2910 3726 —

909 3820 968 3872 s'
992 3815 1262 3864 Compagnies
1288 3812 1504 3861 Vestinge
1528 3810 1691 3858 gedaen
1716 3806 1825 3854 ende
1851 3807 1905 3852 Is
1930 3805 2039 3852 door
2065 3801 2307 3850 Wellingen
2332 3800 2414 3847 een
2438 3795 2548 3844 gadt
2573 3791 2682 3840 ofte
2707 3787 2934 3835 openingh

904 3932 1018 3979 Inde
1046 3925 1160 3976 Barm
1188 3920 1303 3969 ofte
1331 3918 1388 3964 d'
1416 3916 1502 3963 kan
1530 3913 1702 3963 voord'
1729 3909 1930 3957 garsijn
1957 3906 2044 3953 van
2072 3904 2272 3951 beneden
2300 3901 2443 3949 Wercq
2470 3893 2699 3946 tusschen
2727 3891 2785 3938 de
2812 3887 2927 3936 twee

890 4027 1092 4087 hoofden
1119 4018 1518 4071 Ingestroocken,
1544 4018 1631 4065 soo
1657 4016 1744 4063 nae
1773 4017 1858 4062 aen
1886 4015 2114 4061 mueragie
2141 4013 2228 4059 dat
2255 4011 2369 4058 niet
2398 4010 2512 4056 meer
2539 4005 2625 4054 als
2653 4004 2710 4050 is
2738 3998 2911 4048 Voeten

899 4135 1088 4197 spatie
1117 4129 1456 4178 daerbuijten
1486 4130 1824 4178 tresteerde,
1853 4128 2100 4175 rondtsom
2127 4125 2192 4173 de
2221 4118 2498 4170 schoyjnge
2528 4112 2621 4163 syn
2650 4108 2713 4156 op
2743 4103 2869 4152 Veel

168 848 230 894 de

0 1548 192 1596 eere
