3348 4883
1325 997 1482 1049 dee
1532 990 1640 1040 46

2316 912 2508 962 1082

1116 753 1467 807 Heeren
1524 763 1698 813 Be„

1158 817 1360 865 in„

1259 1288 1484 1337 Aende
1528 1287 1618 1333 D.
1660 1283 1929 1332 Heeren
1971 1278 2196 1327 vande
2239 1277 2597 1325 Vergade¬

1346 1370 1520 1417 ringe
1554 1368 1659 1414 der
1693 1365 2076 1413 seventhiene
2110 1364 2284 1411 vande
2318 1360 2527 1408 Veree„

1350 1452 1561 1506 nichde
1595 1452 2009 1499 Oostindische
2042 1438 2354 1495 Compagnie

758 1645 919 1691 Deven
951 1643 1048 1690 met
1079 1640 1240 1688 aller
1272 1640 1497 1686 oosmoet
1527 1640 1657 1686 ende
1689 1640 2074 1687 behoorlijcke
2106 1622 2556 1685 eerbiedicheijt

743 1738 811 1785 te
843 1734 1081 1783 kennen,
1114 1734 1149 1779 u
1181 1732 1250 1777 E.
1283 1730 1587 1777 ondergess
1621 1730 1858 1776 gantsch
1892 1722 2263 1776 onderdanige
2296 1712 2567 1766 burgeren

740 1822 849 1870 der
885 1820 1066 1867 stede
1101 1820 1389 1866 Batavia,
1424 1820 1534 1867 hoe
1565 1820 1678 1867 dat
1710 1817 1929 1867 alhier
1965 1816 2073 1862 met
2109 1805 2434 1861 leetweten

729 1907 968 1955 beoogen
1002 1906 1071 1952 de
1104 1905 1344 1952 sobere,
1378 1906 1617 1952 cleijne
1651 1907 1788 1952 ende
1822 1905 2027 1952 swacke
2060 1903 2300 1949 neringh
2334 1901 2471 1948 inde

729 1999 904 2045 voors
937 2000 1112 2046 hunne
1145 1997 1494 2045 residentie
1529 1996 1668 2042 haer
1701 1995 1772 2041 is
1807 1991 2156 2040 streckende
2189 1992 2294 2037 tot
2329 1992 2575 2042 succes„

730 2090 880 2136 sive
917 2085 1327 2135 verarminge,
1364 2084 1513 2131 daer
1550 2085 1700 2130 door
1736 2082 1886 2129 oock
1922 2079 1997 2126 de
2034 2072 2295 2123 Chinese
2331 2065 2594 2116 Inhabi„

743 2183 945 2230 tanten
977 2184 1078 2229 van
1112 2183 1246 2229 tijt
1279 2183 1380 2229 tot
1413 2182 1547 2228 tijt
1580 2179 1749 2226 comen
1781 2178 1849 2223 te
1882 2175 2251 2224 vertrecken,
2284 2170 2419 2219 ende
2451 2168 2520 2214 in

745 2279 971 2327 getale.
1003 2278 1390 2326 grootelijcks
1420 2276 1487 2324 te
1518 2271 1905 2319 verminderen,
1937 2270 2034 2316 dat
2066 2270 2163 2315 dan
2195 2269 2260 2314 de
2292 2260 2614 2314 soberheijt

733 2374 842 2422 der
876 2368 1127 2417 neringe
1161 2366 1304 2412 meer
1339 2364 1482 2411 ende
1516 2362 1661 2409 meer
1696 2358 2124 2408 veroorsaect,
2157 2352 2337 2404 alsoo
2371 2350 2479 2396 het

742 2457 886 2505 eene
922 2456 1029 2503 een
1065 2456 1316 2503 gevolge
1351 2456 1459 2501 van
1495 2456 1566 2501 't
1602 2454 1781 2501 ander
1816 2453 1924 2500 is,
1960 2451 2103 2498 waer
2138 2447 2247 2495 van
2281 2442 2390 2491 dan
2424 2434 2570 2486 voor

756 2545 861 2593 als
896 2544 1034 2590 noch
1068 2544 1206 2590 geen
1240 2541 1619 2589 apparentie,
1653 2536 1792 2585 ofte
1825 2530 2101 2579 middelen
2133 2527 2239 2575 tot
2273 2519 2549 2572 weeringe

748 2638 888 2687 ofte
921 2634 1236 2682 stuttingh
1269 2635 1410 2681 voor
1444 2632 1619 2680 oogen
1653 2624 1898 2676 siende,
1932 2620 2072 2668 niet
2106 2614 2316 2665 anders
2349 2607 2456 2657 bij
2487 2599 2594 2649 hun

736 2722 1114 2774 Supplianten
1148 2722 1217 2767 en
1252 2721 1355 2767 can
1389 2718 1630 2765 gedacht
1662 2714 1904 2763 werden,
1938 2711 2076 2759 dan,
2109 2709 2248 2756 (ten
2282 2705 2352 2753 sy
2384 2700 2523 2749 haer

740 2819 818 2867 de
854 2806 1239 2864 behulpsame
1275 2805 1431 2851 hant
1468 2805 1584 2852 van
1622 2802 1853 2851 hooger
1890 2795 2083 2846 macht
2121 2794 2236 2840 tot
2270 2781 2620 2840 preventie

752 2901 920 2951 harer
952 2895 1255 2948 onheijlen
1289 2894 1457 2941 werde
1489 2891 1758 2938 geboden)
1791 2890 1892 2936 dat
1925 2889 2026 2935 sij
2057 2878 2428 2933 Supplianten
2459 2867 2596 2923 hare

774 2992 995 3042 totale
1030 2988 1250 3036 ruijne
1287 2985 1433 3033 ende
1469 2983 1725 3029 verderf
1761 2981 1908 3027 meer
1944 2978 2091 3024 ende
2127 2976 2273 3022 meer
2307 2969 2529 3021 souden

771 3091 838 3139 te
870 3088 1069 3136 gemoet
1100 3085 1267 3133 sien,
1300 3085 1367 3131 te
1399 3084 1531 3130 meer
1564 3081 1664 3129 sij
1696 3071 2060 3126 supplianten
2091 3065 2225 3114 niet
2256 3062 2324 3109 en
2356 3057 2590 3106 ontsien

774 3178 846 3229 't
880 3181 1239 3229 republijcq
1274 3180 1417 3226 ende
1453 3173 1882 3225 voorschreven
1916 3167 2060 3216 stat
2094 3160 2203 3210 met
2238 3140 2597 3203 opbouwinge

760 3268 869 3315 van
906 3265 1234 3314 wooningen
1270 3264 1453 3311 ijder
1489 3265 1635 3311 naer
1671 3259 1854 3309 sijne
1888 3245 2364 3303 gelegentheijt
2399 3242 2473 3290 te

762 3358 981 3405 helpen
1014 3357 1413 3405 verbeteren,
1450 3359 1522 3405 te
1558 3354 1992 3405 contribueren
2026 3350 2137 3399 tot
2172 3338 2427 3394 maecken
2462 3333 2572 3382 van

759 3456 937 3507 stads
971 3456 1284 3503 grachten,
1317 3454 1668 3503 bekaijinge
1702 3453 1981 3500 vandien,
2014 3446 2155 3497 ende
2186 3435 2399 3490 andere
2429 3425 2572 3478 soo—

771 3543 847 3589 nu
884 3543 961 3590 en
996 3543 1112 3591 dan
1149 3543 1491 3589 opcomende
1528 3543 1869 3590 colecten,
1905 3542 2059 3589 Ende
2094 3536 2286 3586 alsoo
2323 3532 2438 3581 sij
2474 3530 2513 3576 t

771 3639 1191 3690 supplianten
1228 3635 1607 3685 vertrouwen
1645 3635 1684 3680 u
1721 3635 1797 3681 E:
1834 3634 1948 3681 als
1984 3629 2175 3679 hunne
2212 3612 2593 3673 gebiedende

755 3732 1001 3794 Heeren
1039 3726 1202 3776 ende
1242 3722 1603 3770 Meesters,
1643 3722 1763 3769 der
1804 3721 2045 3769 trouwe
2084 3709 2405 3764 burgeren
2445 3707 2586 3755 wel

776 3819 992 3867 varen,
1027 3818 1136 3864 soo
1171 3813 1387 3862 geerne
1422 3813 1530 3858 als
1566 3810 1674 3858 den
1709 3806 2104 3855 miltrijcken
2139 3799 2319 3851 segen
2354 3793 2463 3843 des

773 3903 1288 3956 Alderhoochsten
1325 3903 1472 3948 over
1504 3898 1729 3948 hunnen
1765 3895 2169 3944 bloeijenden
2206 3890 2442 3940 handel

772 4001 981 4049 souden
1015 4001 1189 4048 sien,
1223 4000 1328 4047 Soo
1361 3995 1571 4045 keeren
1606 3994 1710 4040 sij
1745 3985 2127 4039 supplianten
2160 3980 2266 4028 hun
2298 3967 2545 4024 gantsch

763 4091 1195 4144 demoedelijck
1231 4090 1339 4136 tot
1374 4088 1411 4134 u
1446 4087 1519 4133 E.
1554 4083 2022 4132 instantelijck
2057 4069 2490 4127 versoeckende

773 4189 840 4235 om
872 4190 1003 4236 voor
1036 4189 1134 4235 aen
1166 4183 1396 4233 getogen
1427 4174 1853 4227 consideratien
1885 4173 1951 4219 in
1982 4163 2311 4218 aenstaende
2343 4157 2647 4209 gelegent„

771 4270 931 4320 heijt
962 4268 1027 4314 te
1057 4262 1218 4312 mogen
1250 4253 1664 4306 ingewillicht,
1695 4246 2079 4298 geaccordeert
2110 4242 2238 4290 &nde
2268 4239 2365 4286 toe
2394 4234 2621 4284 gestaen

2298 4329 2614 4388 werden

809 809 878 855 11
912 809 980 854 11

2655 3429 2719 3481 die
