3478 4985
1125 461 1269 511 vanden
1293 466 1388 513 tijt
1412 468 1484 514 dat
1507 470 1580 515 het
1603 471 1698 517 gelt
1722 472 1819 520 uijt
1841 476 1914 522 het
1937 477 2033 527 land
2056 483 2153 532 sall
2175 488 2319 534 gemint
2342 488 2486 534 werden
2510 488 2653 533 meijne
2677 488 2772 533 niet
2796 488 2868 535 dat
2891 490 2964 537 het
2987 492 3274 547 onderscheijt

1188 541 1257 587 ijt
1277 543 1368 589 sall
1390 544 1481 590 sijn
1502 545 1570 590 als
1592 545 1661 591 dat
1682 547 1818 595 mender
1839 550 1930 597 noch
1951 552 2021 601 bij
2041 557 2221 607 gewinnen
2243 561 2379 607 soude,
2400 559 2469 606 dat
2491 559 2559 605 het
2581 559 2717 605 risico
2738 561 2918 609 tusschen
2940 564 3054 611 Japan
3075 567 3121 613 en
3143 568 3311 625 Tonquin

1192 618 1236 664 't
1257 617 1388 664 alwaer
1408 619 1517 665 (best
1538 621 1647 667 soude
1667 622 1862 672 oordeelen
1883 628 1950 674 dat
1969 631 2015 679 de
2033 635 2143 685 sijde
2163 641 2422 691 overgehouden
2443 646 2573 692 wiert)
2594 647 2724 694 minder
2745 649 2790 696 te
2809 651 2941 699 achten
2960 654 3005 700 is
3025 655 3091 703 als
3112 659 3284 710 tusschen

1181 699 1554 753 Nederlanten
1586 709 1823 757 Tonquin
1856 712 2160 764 voornoemt

1034 794 1118 842 Het
1145 792 1311 840 reefft
1337 794 1613 847 gescheenen
1639 803 1695 849 S.
1722 805 1749 850 r
1777 805 2081 856 Broeckhorst
2106 812 2163 861 in
2188 817 2272 865 den
2298 820 2629 869 ondercoopman
2655 819 2877 869 Riebeeck
2902 824 3014 870 goet
3040 825 3234 873 beragen

1185 873 1323 922 gelat,
1345 874 1391 920 en
1412 876 1480 921 dat
1502 876 1571 924 den
1593 879 1730 929 selven
1750 884 1819 930 wel
1841 885 1978 937 schier
1998 893 2045 939 't
2066 895 2202 944 meeste
2224 900 2293 946 toe
2314 902 2518 951 vertrouwt
2539 904 2675 950 heeft,
2698 904 2879 952 daeromme
2901 907 2992 954 oock
3014 910 3149 956 gaerne
3171 909 3263 956 sagh

1188 951 1255 997 wij
1275 953 1341 999 den
1362 954 1494 1002 selven
1514 958 1558 1004 in
1579 960 1646 1007 ons
1666 963 1863 1012 schrijven
1883 968 2081 1023 gedencken
2100 980 2145 1026 en
2166 982 2253 1029 sijn
2274 985 2535 1034 bevorderinge
2557 988 2623 1034 bij
2643 989 2732 1038 haer
2752 993 2818 1038 Ed:
2840 990 2970 1038 souden
2991 989 3144 1035 hoecken

1181 1032 1411 1083 gevallich
1434 1039 1486 1085 te
1510 1041 1687 1094 maecken
1712 1049 1789 1095 dat
1813 1051 1865 1097 nu
1889 1053 1992 1101 doen
2014 1058 2091 1106 bij
2116 1062 2249 1114 desen

1032 1147 1113 1196 Dit
1138 1146 1245 1194 sijn
1268 1151 1321 1198 de
1346 1153 1661 1208 bijsonderste
1685 1164 1974 1219 gepeijnsen,
1998 1176 2079 1226 die
2102 1182 2207 1230 ons,
2233 1185 2389 1233 wegens
2415 1188 2495 1235 den
2519 1191 2704 1238 vercoop
2728 1194 2808 1241 der
2832 1197 3016 1245 Chinese
3040 1199 3121 1245 als
3145 1200 3302 1246 Conqui

1176 1232 1540 1284 coopmanschappen
1563 1240 1685 1288 tegen
1708 1244 1758 1292 't
1780 1248 2024 1302 aenstaende
2045 1259 2120 1307 als
2142 1264 2240 1312 meer
2262 1268 2408 1319 andere
2431 1274 2625 1322 volgende
2648 1277 2769 1325 jaren
2793 1280 3035 1328 voorcomen,
3059 1283 3109 1330 nu
3131 1286 3278 1334 sullen

1180 1302 1274 1352 oock
1292 1308 1363 1354 van
1384 1310 1522 1360 eenige
1543 1316 1681 1365 andere
1703 1321 2045 1381 coopmanschappen
2066 1336 2295 1390 spreecken,
2315 1346 2363 1393 en
2384 1349 2612 1399 belangende
2634 1354 2681 1401 de
2702 1357 2930 1407 Persiaense
2953 1362 3090 1408 sijde,
3112 1364 3181 1411 die
3202 1367 3252 1416 in

1173 1388 1359 1436 Taijouan
1382 1391 1662 1441 overgehouden
1683 1398 1800 1447 wert,
1822 1403 2009 1457 daermede
2030 1413 2101 1462 ist
2122 1418 2332 1470 zoodanich
2354 1426 2518 1473 gelegen
2539 1429 2611 1479 dat
2632 1435 2702 1483 wij
2724 1438 2865 1487 vander
2885 1441 3026 1487 zelver
3049 1441 3165 1487 prijs
3187 1442 3283 1488 door

1135 1472 1236 1525 vier
1259 1471 1574 1523 onderscheiden
1598 1478 1818 1529 vercoopen
1840 1485 2107 1540 genoeghsame
2131 1496 2326 1549 kennisse
2348 1506 2518 1559 meijnen
2540 1512 2590 1559 te
2614 1512 2785 1559 hebben,
2808 1514 2905 1560 want
2928 1513 2978 1558 de
3001 1513 3099 1559 twee
3123 1513 3270 1562 eerste

2487 1470 2587 1524 becomen

1171 1549 1449 1603 vercoopingen
1471 1558 1657 1606 tusschen
1678 1562 1726 1609 de
1747 1565 1772 1611 7
1793 1567 1841 1613 en
1863 1569 1887 1615 8
1909 1571 1935 1617 G
1954 1574 2003 1622 op
2024 1578 2071 1624 't
2093 1579 2233 1629 picoll
2255 1585 2349 1632 maer
2370 1588 2624 1641 verschelen,
2647 1596 2740 1642 maer
2762 1598 2809 1644 de
2831 1599 2947 1644 derde
2970 1599 3086 1644 vand'
3109 1597 3250 1644 eerste

1170 1631 1246 1681 wel
1269 1637 1321 1685 th
1343 1641 1393 1688 45
1418 1643 1469 1691 en
1492 1647 1616 1697 vande
1640 1652 1789 1697 Tweede
1813 1653 1838 1698 G
1862 1654 1913 1701 38
1936 1657 2037 1705 doch
2060 1661 2112 1709 de
2134 1666 2260 1714 zelve
2282 1671 2407 1721 vande
2430 1677 2604 1729 vierde,
2628 1684 2703 1731 die
2727 1686 2925 1731 laeghste
2949 1687 3000 1733 is
3023 1688 3224 1739 geweest,

1164 1725 1296 1772 9maes,
1318 1727 1385 1774 soo
1406 1730 1473 1776 dat
1494 1732 1562 1779 het
1581 1734 1738 1781 scheen,
1758 1738 1825 1784 off
1846 1740 1913 1786 die
1934 1741 2046 1792 prijs
2066 1748 2133 1796 bij
2154 1752 2199 1798 na
2220 1754 2332 1801 soude
2352 1757 2463 1805 stant
2484 1760 2661 1809 gehouden
2682 1764 2836 1815 hebben,
2858 1769 3188 1817 welckenvolgende
3210 1768 3278 1816 die

1155 1812 1269 1862 zelve
1290 1813 1401 1861 sijde
1422 1816 1645 1867 aenstaende
1665 1823 1776 1871 somer
1797 1827 1843 1874 in
1863 1830 1974 1878 Japan
1995 1834 2151 1885 comende
2172 1840 2240 1886 bij
2260 1842 2393 1890 aldien
2414 1845 2460 1892 de
2481 1847 2592 1893 prijs
2613 1848 2680 1895 der
2701 1849 2813 1897 sijde
2860 1836 3198 1899 onveranderlijk

1162 1895 1347 1943 gebleven
1368 1899 1460 1946 sall
1481 1902 1573 1949 sijn
1595 1905 1733 1954 houder
1754 1910 1983 1961 merckelijk
2005 1917 2166 1970 verlies
2186 1926 2302 1974 offte
2323 1930 2416 1977 ooct
2437 1933 2505 1979 met
2528 1934 2711 1981 weijnige
2733 1936 2870 1982 winste
2893 1937 2962 1984 wel
2981 1938 3075 1985 zall
3097 1939 3236 1986 cunnen

1164 1975 1363 2024 vercocht
1386 1980 1559 2031 werden,
1581 1987 1680 2034 doch
1704 1990 1778 2037 soo
1801 1993 1851 2039 't
1875 1994 2071 2046 gebeuren
2095 2002 2243 2056 moghte
2265 2012 2438 2064 wederom
2461 2020 2535 2066 van
2559 2021 2780 2069 tmenighte
2804 2025 2902 2071 dier
2926 2026 3049 2072 sijde
3072 2023 3245 2072 Batavia

1168 2058 1330 2106 versien
1352 2062 1468 2112 ware,
1489 2068 1582 2114 oock
1603 2070 1810 2121 zoodanich
1832 2076 1902 2124 dat
1924 2079 2017 2127 niet
2037 2083 2269 2140 geraedsaem
2289 2096 2520 2147 geoordeelt
2541 2103 2701 2149 wierde,
2724 2103 2885 2151 deselve
2907 2107 2999 2154 alle
3021 2109 3067 2154 na
3089 2109 3298 2161 Nederlant

1161 2142 1297 2190 ginge,
1318 2145 1364 2192 en
1385 2147 1453 2194 dan
1474 2149 1497 2195 h
1519 2150 1564 2196 53
1586 2151 1788 2199 depicoll,
1809 2155 1900 2203 gel.
1921 2159 1944 2205 k
1965 2160 2011 2206 de
2032 2162 2212 2215 verleden
2232 2171 2391 2222 jarige,
2411 2178 2546 2226 minder
2567 2181 2635 2228 als
2657 2183 2770 2230 desen
2791 2186 2882 2234 jare
2902 2190 3104 2237 ingecocht
3126 2192 3215 2237 mogh
3237 2188 3283 2236 te

1163 2222 1307 2271 wesen,
1328 2227 1401 2275 als
1422 2231 1495 2280 dan
1517 2236 1634 2282 soude
1658 2237 1800 2286 schier
1822 2242 1989 2294 dencken
2010 2250 2083 2297 dat
2104 2253 2223 2298 licht
2246 2254 2294 2300 20
2316 2255 2389 2303 olf
2410 2259 2484 2308 25.
2504 2265 2576 2313 ten
2599 2269 2764 2321 hondert
2786 2277 2976 2328 voordeel
2998 2284 3116 2331 soude
3140 2286 3282 2332 cunnen

1154 2308 1292 2357 geven,
1313 2312 1361 2360 en
1382 2316 1589 2368 andersins
1611 2323 1681 2371 als
1703 2326 1818 2373 vand'
1840 2329 1977 2376 eerste
2000 2331 2139 2380 hebben
2160 2336 2344 2388 gelecht,
2366 2343 2436 2390 wat
2457 2346 2504 2392 nu
2526 2347 2687 2396 gelaten
2709 2351 2779 2397 oft
2800 2353 2938 2401 gedaen
2960 2356 3053 2404 salt
3075 2360 3213 2411 dienen

1155 2388 1264 2434 alsoo
1284 2390 1501 2442 vertrouwen
1520 2398 1608 2445 door
1628 2401 1716 2449 dese
1735 2405 1974 2459 verclaringe
1993 2415 2038 2461 de
2058 2417 2188 2465 saecke
2208 2420 2425 2471 kenneli.jk
2445 2427 2598 2475 genoegh
2617 2432 2704 2479 sij,
2724 2434 2876 2480 blijfft
2897 2436 2983 2482 haer
3005 2436 3069 2482 Ed:
3091 2430 3285 2481 wijsheijt

1150 2459 1339 2515 bevolen,
1360 2472 1454 2521 maer
1477 2477 1525 2523 't
1547 2479 1618 2527 sal
1640 2483 1758 2530 noijt
1780 2486 2038 2539 quaetcunnen
2060 2495 2155 2544 sijn
2176 2500 2435 2551 duijdeli.jk
2456 2507 2574 2554 ordre
2596 2510 2645 2557 te
2666 2513 2830 2562 becomen
2853 2517 2947 2563 waer
2969 2518 3017 2563 na
3039 2515 3133 2562 sich
3154 2512 3203 2560 te

1149 2548 1367 2596 reguleren
1390 2552 1536 2601 sullen
1558 2557 1704 2610 hebben
1725 2566 1775 2613 de
1797 2569 1822 2614 '
1845 2570 2014 2620 vrunden
2037 2576 2110 2621 des
2132 2577 2350 2630 Contoirs,
2371 2585 2445 2632 off
2467 2587 2516 2633 te
2540 2588 2661 2636 volle
2683 2592 2804 2641 maght
2827 2597 2875 2642 te
2899 2597 3092 2646 handelen
3113 2600 3162 2647 na
3186 2600 3286 2650 haer

1144 2634 1256 2681 beste
1276 2637 1476 2687 verstant,
1497 2642 1543 2688 de
1564 2643 1720 2695 redenen
1740 2651 1808 2698 van
1829 2654 1897 2701 ons
1917 2657 2007 2705 doen
2028 2661 2184 2711 ditjaer
2204 2667 2338 2719 hebben
2359 2674 2448 2721 hier
2470 2677 2582 2724 voren
2602 2680 2649 2726 in
2668 2683 2736 2730 ons
2757 2685 2870 2734 ander
2889 2691 3088 2739 schrijven
3111 2693 3292 2745 gegeven,

1148 2713 1245 2761 daer
1266 2717 1338 2764 het
1360 2719 1432 2768 bij
1454 2723 1643 2774 berusten
1666 2729 1789 2784 laten

955 2812 1225 2861 Belangende
1252 2814 1307 2860 de
1333 2816 1576 2867 bengaelse
1602 2823 1737 2871 sijde
1763 2826 1871 2873 daer
1898 2828 1980 2874 van
2006 2830 2141 2877 lopen
2167 2832 2222 2878 de
2248 2834 2491 2885 geruchten
2517 2840 2652 2888 datse
2678 2843 2840 2892 geheel
2867 2847 2976 2892 veel
3002 2848 3300 2896 affgeslagen

1142 2888 1243 2935 sij,
1265 2890 1415 2940 schoon
1438 2896 1613 2945 genomen
1635 2902 1735 2949 sulx
1759 2904 1809 2950 al
1833 2906 1932 2954 waer
1956 2909 2007 2956 is
2030 2912 2179 2959 gelijk
2202 2915 2302 2961 oock
2325 2917 2400 2964 wel
2424 2920 2597 2966 gelove,
2621 2922 2795 2972 oordele
2818 2928 2893 2974 dat
2916 2930 3016 2976 niet
3040 2931 3090 2977 te
3113 2933 3188 2981 min

1144 2972 1190 3018 de
1211 2972 1435 3024 geeijschte
1456 2979 1611 3028 hondert
1634 2983 1768 3031 picols
1789 2987 1856 3034 wel
1878 2990 1991 3040 mogen
2011 2996 2190 3046 gesonden
2211 3002 2368 3053 werden,
2388 3010 2478 3058 want
2499 3013 2612 3061 alsoo
2632 3017 2678 3063 te
2699 3018 2788 3065 voll
2811 3020 3011 3066 ophondert
3032 3020 3099 3066 ten
3122 3016 3278 3066 hondert

1145 3050 1353 3100 gewonnen
1376 3056 1531 3107 hadde,
1554 3063 1632 3111 soo
1656 3067 1707 3114 't
1732 3068 1886 3117 maghse
1910 3073 1988 3121 wel
2012 3077 2115 3124 veel
2139 3080 2343 3134 affslaen
2367 3089 2420 3136 en
2444 3092 2572 3142 geven
2596 3098 2699 3145 noch
2723 3101 2902 3148 evenwel
2927 3104 3105 3149 bequame
3130 3101 3260 3149 winst

1144 3124 1192 3173 te
1209 3129 1301 3176 meer
1321 3131 1368 3178 om
1387 3135 1454 3182 dat
1476 3138 1543 3185 dit
1563 3141 1654 3189 voor
1674 3146 1763 3194 vast
1785 3150 1830 3196 en
1850 3152 2007 3202 seecker
2027 3158 2161 3208 stelle
2182 3164 2317 3215 datter
2336 3172 2404 3219 het
2424 3175 2647 3227 aenstaende
2667 3183 2757 3230 jaer
2778 3186 2867 3232 geen
2888 3188 3044 3238 meerder
3065 3194 3176 3240 sijde
3196 3191 3286 3240 opde

1144 3207 1441 3264 Nangasacquise
1462 3219 1600 3268 merckt
1621 3224 1668 3270 te
1689 3226 1805 3274 comen
1825 3231 1963 3279 staet,
1984 3235 2145 3285 compter
2166 3241 2236 3288 soo
2257 3244 2349 3292 veel
2370 3248 2441 3297 het
2461 3254 2553 3303 sall
2574 3259 2643 3305 het
2665 3260 2780 3309 alder
2801 3265 3008 3315 uijterste
3028 3271 3143 3320 sijn,
3165 3275 3265 3329 want

1141 3285 1210 3331 dit
1232 3286 1325 3336 jaer
1344 3292 1505 3346 ontrent
1525 3302 1617 3352 2900
1638 3308 1706 3354 off
1728 3310 1819 3358 3000
1841 3313 1977 3362 picols
1998 3317 2226 3372 allerhande
2247 3328 2384 3379 soorte
2404 3335 2519 3388 sijde
2540 3344 2587 3392 in
2607 3348 2723 3397 Japan
2743 3353 2834 3401 door
2856 3356 2924 3403 ons
2945 3357 2992 3403 en
3013 3357 3060 3403 de
3081 3355 3263 3405 Chinesen

1138 3367 1320 3418 gebracht
1340 3374 1387 3421 en
1408 3377 1591 3432 vercocht
1610 3389 1681 3439 is,
1701 3396 1771 3444 dat
1791 3400 1837 3447 nu
1859 3403 2107 3456 beswaerl.jk
2129 3412 2198 3460 can
2219 3416 2310 3463 in't
2332 3419 2470 3471 gemoet
2489 3428 2604 3480 sien.

1043 3463 1314 3517 Europische
1339 3473 1556 3530 goederen
1580 3486 1715 3537 waren
1741 3493 1850 3546 oock
1875 3502 1983 3554 niet
2009 3509 2200 3562 geresen
2223 3520 2307 3570 off
2331 3526 2546 3580 weijnich
2573 3535 2762 3585 gedaelt
2787 3541 2895 3589 maer
2922 3544 3084 3594 daerom
3110 3549 3222 3600 niet

1133 3543 1184 3590 te
1207 3546 1284 3594 min
1306 3550 1408 3601 magh
1431 3557 1508 3607 den
1530 3564 1682 3620 eijsch
1705 3576 1781 3624 soo
1804 3580 1930 3631 altse
1954 3586 2079 3635 leght
2103 3590 2179 3639 wel
2202 3595 2378 3651 voldaen
2401 3607 2552 3661 werden
2575 3617 2676 3665 omde
2700 3620 2826 3670 hooge
2849 3626 3025 3677 winsten
3048 3633 3124 3680 van
3148 3635 3225 3685 het

1132 3621 1427 3678 meestendeel
1449 3635 1533 3688 van
1555 3647 1713 3701 disen.

1016 3709 1102 3757 Den
1129 3712 1445 3777 Pepereijsch
1471 3733 1588 3784 late
1613 3742 1673 3790 in
1698 3748 1814 3798 sijn
1840 3753 2041 3805 geheel,
2068 3761 2184 3812 maer
2211 3768 2355 3817 vande
2381 3774 2582 3829 Nagelen
2609 3785 2753 3834 alsoo
2780 3791 2839 3838 80
2865 3794 3037 3843 picoll
3064 3796 3122 3842 15
3151 3797 3184 3844 C

1131 3803 1332 3857 guldens
1358 3814 1532 3870 hebben
1558 3827 1818 3886 gewonnen,
1840 3842 1928 3889 soo
1955 3842 2099 3892 zegge
2127 3848 2185 3894 om
2212 3850 2299 3896 des
2326 3852 2442 3905 haer
2468 3862 2699 3918 gewichte
2724 3875 2811 3925 dit
2839 3880 2954 3928 noch
2981 3884 3240 3932 andermael

1131 3892 1229 3942 daer
1251 3897 1324 3943 aff
1347 3897 1423 3949 dat
1443 3906 1662 3962 ingevalle
1684 3918 1831 3970 minder
1852 3926 1928 3976 als
1949 3932 2023 3980 den
2046 3936 2191 3985 eijsch
2214 3941 2410 3992 gesonden
2431 3949 2577 4000 werden
2599 3956 2650 4004 de
2672 3960 2866 4011 Chinesen
2889 3966 2961 4012 den
2985 3966 3275 4014 uijttermaten

1125 3979 1244 4028 hogen
1267 3984 1387 4035 prijs
1407 3992 1621 4046 merckende
1643 4002 1880 4059 eichtelijk
1901 4015 2045 4065 houden
2066 4021 2161 4070 gaen
2184 4025 2466 4081 (onderleggen
2489 4036 2537 4083 de
2560 4039 2680 4088 zelve
2701 4045 2750 4092 in
2772 4048 2960 4096 Taijpuan
2984 4051 3079 4096 voor
3101 4052 3126 4098 N
3148 4054 3172 4099 o
3195 4054 3269 4102 40.

1126 4071 1232 4117 ofte
1255 4074 1334 4121 als
1358 4077 1411 4124 't
1435 4080 1488 4128 op
1512 4084 1564 4131 't
1589 4086 1797 4143 hooghste
1820 4100 1874 4149 is
1897 4106 2000 4152 voor
2026 4107 2053 4153 h
2077 4109 2130 4156 40
2154 4112 2363 4164 depicoll
2385 4122 2439 4170 te
2462 4126 2591 4179 copen
2616 4135 2669 4182 en
2693 4138 2772 4187 dan
2796 4143 2950 4193 nevens
2976 4147 3027 4193 de
3053 4146 3156 4192 Comp
3179 4143 3208 4190 e

1119 4157 1181 4207 in
1203 4166 1376 4218 Iapari
1400 4176 1600 4227 deselve
1626 4183 1684 4233 te
1711 4189 1937 4242 vercopen
1965 4198 2080 4248 voor
2105 4205 2134 4251 t
2162 4207 2220 4254 91
2245 4209 2332 4256 als
2359 4212 2502 4262 desen
2528 4218 2671 4269 jare,
2697 4225 2868 4278 twelck
2895 4234 3177 4283 somwijllen

1127 4244 1228 4293 oock
1249 4250 1326 4300 wel
1348 4256 1474 4307 hoger
1497 4263 1599 4313 doch
1621 4270 1748 4321 noijt
1769 4279 1821 4327 in
1843 4283 1943 4330 mijn
1967 4286 2068 4335 tijt
2091 4291 2216 4339 lager
2240 4294 2315 4341 als
2339 4296 2415 4343 tot
2437 4300 2464 4345 G
2487 4301 2538 4346 72
2561 4302 2711 4350 geweel
2734 4306 2810 4354 is,
2834 4310 2908 4356 wel
2933 4311 2982 4356 is
3007 4311 3106 4357 waer
3131 4312 3209 4361 dat

1118 4332 1257 4383 beter
1282 4340 1339 4387 is
1365 4343 1422 4391 op
1447 4347 1503 4394 80
1530 4349 1697 4402 picoll
1722 4358 1944 4412 evenveel
1969 4369 2027 4417 te
2051 4374 2218 4424 winnen
2244 4380 2328 4427 als
2354 4383 2411 4431 op
2436 4388 2522 4437 120
2546 4394 2711 4443 ditos,
2739 4398 2851 4446 maer
2876 4402 2959 4449 als
2986 4401 3096 4447 zulr
3122 4401 3240 4457 niet

2958 4503 3028 4552 en
