3730 4876
2848 249 3041 299 112

613 220 904 296 Januarij
940 219 976 265 a
1012 214 1084 263 o.
1120 208 1265 259 1646

963 424 1109 470 sulcx
1137 423 1225 469 met
1254 422 1750 471 contentementweder
1778 424 2042 470 vertrock,
2069 426 2247 480 anders
2273 437 2567 494 metsonders
2593 451 2915 502 gepasseert,
2943 458 3038 509 als

958 551 1056 598 dat
1087 549 1283 596 tegens
1315 549 1574 595 denavond
1606 550 1735 596 voor
1768 549 2156 597 d'eerstemael
2187 552 2383 606 partye
2414 562 2739 617 Sommongijs
2769 566 3031 617 tervente

965 672 1170 719 quamen,
1199 673 1287 719 die
1316 671 1404 717 nae
1433 671 1550 717 hare
1579 670 1813 717 waerdije
1842 670 2134 717 betaelden,
2164 672 2282 721 ende
2309 677 2457 727 tegen
2485 682 2544 728 15
2573 683 2690 728 maes
2719 683 2954 737 mochten,
2981 693 3085 742 Soo

962 795 1138 844 quamen
1166 795 1282 841 oock
1310 795 1426 840 mede
1454 795 1541 840 ter
1569 795 1713 840 logie
1739 793 1829 840 den
1857 792 2002 840 Cap:n
2030 795 2147 843 ende
2174 799 2405 849 schryver
2431 803 2606 851 vanden
2634 806 2808 855 Capado
2834 809 3097 861 Ongadingh

2347 872 2471 919 a

965 921 1234 972 versoeken
1263 927 1322 973 om
1352 926 1471 972 nogh
1501 923 1679 971 eenige
1708 921 2006 967 moerissen,
2035 921 2274 967 Sarasser
2302 923 2421 970 etc:
2451 925 2570 970 voor
2599 924 2690 969 den
2718 925 2927 975 Coningh
2955 926 3090 974 ende

957 1062 1115 1109 haren
1145 1061 1365 1111 h=rne.,
1396 1064 1522 1111 Item
1553 1064 1647 1109 den
1678 1060 1898 1109 broeder
1929 1059 2023 1105 van
2054 1056 2305 1103 Ongahaij
2336 1055 2618 1105 andermael
2649 1060 2713 1105 om
2743 1061 2838 1108 een
2869 1063 2994 1111 kist

956 1196 1073 1243 gelt
1101 1196 1450 1244 opleverantie
1478 1196 1567 1243 van
1595 1196 1740 1244 sijde
1769 1195 1857 1241 als
1886 1194 2147 1241 vergangen
2176 1194 2322 1240 Jaer,
2350 1194 2409 1239 de
2438 1194 2613 1240 welcke
2641 1195 2729 1240 hem
2757 1196 3079 1247 excuseerden

964 1327 1071 1374 mede
1096 1330 1150 1376 te
1176 1330 1335 1376 geven,
1361 1331 1441 1376 hoe
1467 1331 1546 1376 wel
1573 1331 1679 1376 sijn
1705 1327 1891 1375 broeder
1916 1325 1997 1372 die
2023 1325 2129 1370 niet
2155 1325 2261 1371 weel
2287 1326 2448 1378 sullen
2472 1334 2712 1388 weijgeren
2737 1343 2923 1393 cunnen,
2948 1344 3056 1392 door

957 1453 1082 1500 dien
1111 1457 1234 1504 (als
1264 1459 1539 1505 verhaelt)
1569 1459 1662 1505 hem
1691 1458 1753 1503 in
1784 1456 1999 1503 sommige
2028 1457 2335 1503 voorvallen
2365 1456 2518 1501 saken
2549 1456 2702 1504 weder
2732 1459 2795 1506 om
2824 1463 3041 1514 moghten

961 1573 1246 1625 vandoen
1286 1580 1572 1631 crijgen
1611 1576 1693 1623 —.

722 1719 1065 1780 Hedenwierd
1098 1718 1202 1764 den
1236 1718 1476 1764 eersten
1510 1718 1682 1766 steen
1714 1717 1819 1763 des
1850 1717 2198 1767 fondaments
2230 1724 2402 1771 van't
2435 1726 2882 1784 g'ordonneerde
2916 1740 3094 1793 woon„

949 1838 1082 1885 huijs
1107 1835 1292 1883 geleijt
1317 1834 1477 1882 stijff
1502 1836 1555 1882 4½
1581 1834 1740 1880 Roeden
1766 1835 1925 1880 achter
1950 1836 2003 1881 't
2029 1836 2266 1888 voorleden
2292 1842 2399 1890 Jaer
2420 1844 2609 1893 gebonde
2634 1849 2793 1898 huijs.
2818 1854 2898 1900 god
2923 1855 3029 1901 geve

953 1954 1012 2002 na
1040 1956 1329 2003 voltoesigh
1356 1957 1588 2003 daerjnne
1616 1957 1703 2002 met
1730 1956 1876 2002 ruste
1904 1957 2078 2005 woonen
2106 1961 2164 2008 en
2192 1964 2365 2013 Comp:s
2394 1968 2568 2016 handel
2595 1972 2798 2023 drijven
2825 1979 2971 2030 mogen
2998 1983 3085 2031 tot

919 2075 1174 2122 proffijt
1206 2075 1365 2121 onser
1396 2075 1588 2122 heeren
1618 2072 1873 2120 meesters
1905 2072 2034 2119 amen

628 2222 747 2272 adij
777 2219 865 2267 4:e
893 2215 982 2262 d:o
1010 2214 1041 2259 s
1068 2209 1275 2257 morgens
1304 2209 1480 2255 vroegh
1509 2208 1715 2255 wierden
1743 2209 1979 2257 ontboden
2008 2210 2273 2261 tenhuijse
2301 2217 2478 2266 vanden
2506 2222 2770 2271 mandorijn
2799 2226 3042 2274 duckongh

922 2323 1160 2375 „seungh,
1188 2327 1363 2373 alwaer
1392 2328 1714 2374 Excuseerden
1743 2329 1803 2376 te
1831 2331 1978 2378 gaen,
2007 2334 2066 2380 op
2094 2335 2212 2382 onse
2240 2336 2562 2388 occupatien,
2592 2343 2767 2389 senden
2796 2342 2973 2388 echter

937 2435 1135 2487 eenige
1166 2443 1396 2493 vrunden
1428 2448 1722 2494 derwarts,
1754 2447 1853 2493 met
1885 2449 2017 2496 last
2048 2451 2179 2496 onse
2212 2451 2408 2498 Excuse
2441 2453 2506 2498 te
2538 2453 2702 2503 doen.
2733 2456 2866 2505 Item
2898 2460 2996 2507 aen

859 2562 1053 2610 Prince
1083 2562 1437 2611 dickonghtho
1468 2566 1564 2612 van
1596 2565 1851 2612 Chiangh,
1883 2566 1979 2612 die
2010 2566 2235 2615 meenden
2266 2571 2396 2617 inde
2426 2574 2587 2619 logie
2618 2575 2682 2621 te
2713 2577 2906 2625 komen:
2936 2580 3065 2626 maer

936 2679 1091 2727 echter
1116 2682 1451 2732 achterbleeff,
1475 2687 1527 2733 en
1552 2687 1655 2732 door
1681 2686 1835 2732 sijnen
1860 2686 2041 2731 dienaer
2065 2687 2298 2732 versoeken
2322 2688 2425 2736 liet
2450 2690 2630 2736 ynaande
2655 2690 2707 2736 te
2733 2690 2916 2738 sijnent

940 2799 1025 2846 hem
1054 2801 1168 2848 noch
1195 2803 1253 2850 te
1281 2806 1424 2853 komen
1451 2808 1708 2856 besoeken,
1735 2810 1878 2857 allen
1905 2809 2133 2856 'twelcke
2159 2807 2303 2854 alsoo
2332 2807 2730 2858 effectueerden,
2757 2813 2929 2861 gaende
2956 2816 3019 2867 in

880 2934 1098 2986 persoon
1129 2933 1222 2979 des
1252 2933 1437 2979 avonts
1468 2932 1560 2978 den
1591 2932 1776 2978 Capado
1806 2930 2053 2979 Ongahaij
2084 2929 2176 2974 met
2207 2928 2300 2974 een
2330 2929 2576 2975 tamelijk
2607 2929 2947 2976 vereeringe—

943 3070 1203 3117 begroeten
1232 3065 1636 3115 overhandigende
1664 3065 1752 3111 hem
1780 3065 1896 3111 daer
1924 3065 2097 3112 nevens
2125 3064 2213 3110 een
2241 3065 2357 3111 kist
2385 3067 2501 3113 gelt
2530 3067 2588 3113 op
2616 3066 2905 3112 leverantie
2933 3067 3021 3113 van

940 3207 1093 3253 sijde
1123 3208 1275 3253 tegen
1305 3207 1367 3253 17
1397 3204 1611 3252 Faccaar
1640 3201 1916 3248 wantsulcx
1946 3202 2038 3248 met
2067 3200 2159 3246 wel
2190 3200 2281 3245 aff
2312 3200 2373 3246 te
2403 3201 2708 3250 seggenwas,
2739 3204 2861 3250 door
2891 3205 3013 3252 dien

929 3325 985 3377 de
1012 3333 1150 3383 Comp.
1177 3338 1205 3383 e
1232 3339 1261 3385 ,
1287 3341 1480 3388 grooten
1507 3341 1672 3387 dienst
1699 3340 1892 3387 doencan
1920 3340 1975 3385 by
2002 3340 2112 3387 voor
2140 3342 2360 3390 vallende
2388 3345 2553 3391 saken,
2580 3347 2829 3396 blijvende
2855 3352 2965 3398 over
2993 3352 3049 3398 de

924 3456 1257 3513 schenckagie
1286 3468 1498 3516 wijders
1527 3472 1649 3518 heel
1678 3474 1769 3520 wel
1798 3476 2070 3526 vernoeght
2100 3480 2220 3525 ende
2251 3480 2372 3527 dede
2401 3482 2492 3528 ons
2522 3483 2643 3530 seer
2672 3486 2914 3537 minelijk
2943 3492 3065 3542 ont„

894 3598 1075 3646 „halen
1102 3602 1193 3650 met
1221 3606 1488 3656 eetenende
1517 3610 1785 3659 drincken,
1813 3614 1963 3664 soude
1991 3619 2170 3665 gaenne
2199 3619 2288 3665 wat
2317 3620 2525 3667 meerder
2554 3622 2792 3672 Sarassen
2821 3627 3088 3679 moenissen

910 3727 1055 3776 etg:a
1082 3731 1140 3776 te
1169 3731 1428 3783 Coopgelad
1455 3738 1657 3785 hebben,
1684 3740 1771 3786 tot
1800 3741 2030 3788 'twelcke
2057 3744 2259 3792 leijden
2285 3746 2574 3794 onvermogen
2602 3749 2774 3799 bleven
2803 3754 2890 3801 ten
2917 3757 3033 3808 aen„

919 3855 1039 3900 sien
1069 3855 1160 3902 den
1188 3858 1399 3907 Coningh
1429 3862 1579 3909 meest
1609 3864 1759 3911 alles
1789 3866 1968 3913 nasigh
1997 3867 2328 3914 genomenhad,
2358 3869 2630 3915 brengende
2658 3871 2839 3920 wyders
2868 3876 2958 3922 een

2603 4020 2792 4069 groot
2824 4024 3014 4072 stuck

160 543 259 600 ack

184 669 263 718 :

189 786 262 834 gen

0 656 32 702 bre

179 1518 216 1563 e

154 1633 216 1679 ken

197 1750 232 1795 a

183 1881 241 1927 ken

199 2143 261 2189 den
