3567 4801
2806 489 3023 551 960

584 543 785 600 mey
847 531 1113 588 1646

945 678 1076 727 niet
1107 673 1433 722 aleenlijck
1464 674 1594 720 sall
1625 671 2114 720 geconstringeert
2145 671 2406 717 sodanige
2437 671 2797 720 afgedwongen
2815 665 2988 722 geldt

935 787 998 837 t'
1024 775 1382 830 restitueren;
1410 771 1530 819 maer
1559 767 1885 816 daerenboven
1915 766 2004 812 als
2033 767 2330 812 verachters
2358 766 2448 813 van
2476 764 2569 811 ons
2595 763 2774 812 geboet
2803 761 2983 809 sullen

919 876 1150 935 werden
1185 866 1492 919 gestraft
1529 864 1795 912 gegeven
1831 860 1985 911 Inde
2023 853 2214 904 stadt
2250 843 2746 897 raisiemalijoe
2783 838 2936 885 dato
2971 837 3011 884 —

937 979 1054 1031 als
1091 965 1323 1023 voren,

1440 1215 1785 1271 Translaet
1822 1208 1976 1259 uijt
2014 1208 2283 1254 tfirman
2319 1203 2436 1252 bij
2474 1202 2589 1248 den
2624 1196 2821 1246 prins

1398 1325 1631 1384 Stasoesa
1658 1322 1774 1370 ende
1802 1320 2060 1366 Compagnie
2089 1319 2232 1365 wegen
2259 1318 2461 1365 Thollen
2489 1315 2604 1363 ende
2631 1302 3034 1359 gerechticheden

1409 1434 1471 1480 In
1497 1426 1713 1477 Jonglij
1743 1424 1804 1470 te
1834 1421 2078 1468 betaelen
2106 1410 2383 1464 Verleendt

920 1714 1044 1763 Bij
1082 1710 1207 1763 ons
1248 1707 1371 1753 een
1407 1702 1534 1751 der
1574 1689 2065 1747 Hollandtsche
2105 1679 2556 1735 Capiteijnen
2592 1674 2842 1724 genaem

960 1819 1137 1873 Thomas
1165 1814 1255 1863 van
1283 1808 1461 1858 Cuijck
1489 1802 1844 1852 verschynende
1873 1800 2022 1847 heeft
2050 1791 2435 1843 Instantelijck
2464 1789 2730 1836 versoght,
2759 1786 2848 1834 wij
2876 1781 2997 1829 hem.

959 1940 1027 1993 om
1054 1931 1151 1983 bij
1181 1913 1588 1974 gelegentheijt
1618 1911 1682 1957 op
1713 1907 1900 1956 onglij
1931 1906 1994 1952 te
2024 1904 2182 1951 mogen
2213 1895 2525 1950 navigeren,
2556 1894 2619 1939 en
2649 1890 2744 1938 met
2774 1889 2904 1938 haer

956 2040 1152 2098 schepen
1178 2035 1344 2084 Comen,
1369 2031 1455 2080 een
1481 2026 1648 2076 Couwel
1675 2023 1813 2072 wilde
1840 2019 2090 2067 verleenen
2117 2018 2173 2064 op
2198 2017 2283 2062 dat
2309 2013 2421 2061 daer
2447 2007 2614 2056 Comend
2640 1994 3028 2051 experfectelijk

972 2151 1187 2209 mochten
1215 2141 1399 2194 weeten
1428 2137 1520 2185 wat
1550 2132 1764 2181 thollen
1793 2130 1915 2176 ende
1945 2127 2371 2176 gerechticheden
2400 2121 2583 2171 souden
2613 2113 2859 2165 betaelen
2887 2118 2917 2163 —

958 2281 1040 2331 soo
1065 2271 1225 2324 hebben
1251 2266 1384 2315 goedt
1407 2257 1622 2310 gevonden
1648 2253 1729 2301 den
1753 2248 1967 2297 fousdaer
1993 2242 2232 2292 seggedach
2258 2238 2444 2286 Caeroij
2470 2236 2683 2283 sonderij
2708 2234 2816 2280 ende
2841 2235 3031 2287 Congoij

964 2389 1097 2440 allen
1122 2384 1226 2433 ende
1251 2381 1330 2428 een
1355 2373 1642 2425 segelijcken
1665 2368 1745 2417 dut
1769 2361 1979 2413 besonden
2004 2357 2108 2405 over
2133 2355 2316 2402 onglijs
2340 2351 2497 2400 Bandel
2523 2344 2809 2396 gouverneren
2834 2343 2887 2390 by
2911 2340 3042 2388 desen

966 2498 1305 2564 expresselijck
1331 2497 1383 2543 te
1407 2489 1591 2541 bevelen
1615 2487 1669 2532 in
1694 2481 1877 2531 gevalle
1902 2476 2060 2525 eenige
2082 2470 2268 2521 schepen
2293 2467 2372 2514 van
2396 2462 2580 2511 gemelte
2605 2456 2736 2506 natie
2760 2451 2866 2499 daer

975 2617 1122 2667 quamen
1143 2613 1195 2661 te
1215 2599 1511 2656 verschijnen,
1533 2594 1633 2642 haer
1654 2590 1705 2637 d'
1729 2585 1851 2634 selve
1875 2580 2143 2629 sonderwacht
2168 2579 2216 2625 op
2240 2575 2338 2624 ofte
2362 2562 2655 2619 aendeschepen
2677 2558 2728 2606 te
2749 2550 2922 2601 stellen

970 2711 1270 2777 onverhindert
1291 2703 1419 2755 laten
1441 2693 1593 2747 lossen
1615 2687 1668 2736 d'
1692 2679 1891 2730 goederen
1916 2678 2016 2725 inde
2038 2671 2315 2722 packhuijgen
2338 2662 2564 2715 opleggen,
2588 2657 2713 2705 laten
2736 2648 2938 2702 verwaven

974 2840 1077 2896 ofte
1100 2822 1301 2882 daermede
1322 2809 1525 2865 handelen
1546 2801 1675 2853 alles
1698 2793 1899 2845 sodanich
1922 2790 1999 2836 als
2023 2783 2174 2834 haeren
2197 2778 2348 2827 goeden
2371 2777 2448 2822 wil
2473 2774 2548 2822 sal
2570 2767 2824 2817 toedraegen

964 2947 1116 3008 sonder
1135 2934 1310 2991 daervan
1331 2925 1480 2977 eenige
1501 2912 1674 2968 thollen
1696 2906 1795 2956 ofte
1818 2888 2160 2950 gerechticheden
2182 2885 2233 2932 te
2255 2878 2500 2929 voorderen,
2522 2872 2671 2923 ansers
2692 2867 2768 2915 als
2790 2864 2865 2912 dan
2886 2858 2963 2909 van

977 3056 1076 3110 alle
1095 3039 1339 3099 aencomende
1360 3026 1530 3082 geladen
1551 3014 1721 3070 schepen
1743 3001 1984 3057 (blijvende
2006 2998 2079 3045 die
2101 2992 2246 3043 sonder
2270 2987 2438 3036 ladinge
2461 2984 2534 3031 aen
2557 2978 2677 3028 comen
2701 2976 2797 3022 hier
2820 2970 2965 3021 buyten

979 3159 1077 3210 ende
1099 3153 1221 3203 vrij)
1241 3142 1389 3197 sullen
1410 3128 1604 3185 gehouden
1625 3116 1796 3171 blijven
1817 3106 1963 3160 Voorij
1985 3102 2059 3150 der
2082 3095 2298 3146 derselver
2321 3092 2395 3139 400
2416 3086 2562 3136 ropias
2584 3083 2634 3131 te
2656 3077 2874 3127 betaelen,
2897 3068 3043 3120 sonder

983 3256 1093 3307 meer
1119 3241 1501 3300 Ingevallehaere
1526 3223 1854 3285 aenbrengende
1879 3205 2288 3267 Coopmanschappen
2313 3194 2424 3249 ende
2450 3185 2668 3238 goederen
2694 3182 2722 3228 (
2749 3169 3021 3226 uijtgesond
3045 3165 3076 3212 t

989 3355 1126 3415 goudt
1149 3347 1257 3399 ende
1282 3338 1441 3390 silver
1466 3329 1652 3383 daervan
1676 3325 1784 3373 niet
1807 3318 1968 3368 sullen
1993 3311 2152 3362 hebben
2176 3308 2231 3355 te
2255 3299 2494 3353 betaelen)
2518 3293 2652 3342 goedt
2676 3284 2836 3337 vinden
2860 3282 2893 3331 —

989 3470 1091 3525 uijt
1112 3458 1260 3514 onglij
1283 3452 1381 3502 naer
1403 3443 1550 3495 eenige
1573 3436 1696 3487 boven
1718 3425 1962 3480 quartieren
1984 3422 2035 3469 te
2057 3415 2277 3466 vervoeren
2298 3409 2446 3460 sullen
2469 3406 2543 3453 als
2566 3403 2640 3450 dan
2662 3398 2761 3448 eens
2784 3393 2882 3442 Voor
2905 3389 2957 3437 al

994 3588 1026 3635 4
1051 3581 1111 3630 p.
1136 3576 1168 3624 r
1192 3568 1284 3618 Cto
1309 3552 1622 3618 vooronglijs
1648 3535 2020 3596 gerechticheit
2048 3528 2191 3579 aende
2218 3521 2419 3572 cororie
2446 3512 2675 3565 terhandt
2700 3498 2903 3556 stellen
2928 3495 2959 3541 —

990 3689 1072 3739 van
1095 3672 1364 3733 gelijcken,
1388 3663 1496 3715 alle
1520 3650 1788 3706 uijtvoeren
1814 3642 2027 3695 goederen
2052 3639 2133 3688 die
2157 3636 2239 3683 Int
2262 3632 2399 3681 landt
2423 3618 2611 3675 Coopen,
2636 3606 2850 3662 daervoor
2875 3596 2983 3650 mede

986 3790 1180 3849 naerden
1204 3778 1342 3833 prijs
1365 3771 1449 3821 den
1475 3763 1639 3815 Incoop
1663 3760 1693 3807 4
1718 3757 1774 3804 P.
1801 3757 1829 3803 a
1852 3754 1909 3803 Ct
1935 3747 2099 3798 sullen
2123 3741 2288 3790 geven,
2311 3733 2477 3786 sonder
2502 3727 2586 3776 dat
2610 3721 2721 3771 daer
2745 3709 2937 3765 buijten

976 3909 1096 3975 Yets
1122 3891 1324 3952 meerder
1348 3876 1552 3934 subject
1578 3868 1694 3920 ofte
1721 3855 2037 3911 onderworpen
2064 3849 2237 3899 sullen
2264 3844 2408 3893 sijn,
2434 3837 2551 3888 maer
2577 3828 2751 3880 haeren
2777 3819 2950 3871 handel

1001 4017 1111 4070 ende
1134 3999 1374 4059 Commertie
1397 3993 1506 4041 naer
1530 3987 1611 4036 wel
1636 3978 1849 4031 gevallen
1874 3973 2007 4022 mogen
2032 3965 2297 4017 exerceren,
2321 3959 2482 4009 sijnde
2506 3952 2693 4003 'tselve
2718 3947 2825 3997 pocq
2850 3944 2930 3991 een

989 4123 1153 4182 saecke
1178 4112 1368 4166 waerbij
1393 4105 1502 4155 onse
1526 4098 1690 4149 landen
1714 4095 1771 4142 en
1796 4086 2066 4139 onderdanen
2090 4079 2227 4130 staen
2252 4076 2308 4123 te
2334 4066 2576 4120 floreren,
2601 4060 2845 4109 oversulcx
2871 4059 2901 4104 —

999 4224 1262 4282 andermael
1288 4211 1523 4268 gebiede,
1551 4208 1669 4255 ende
1696 4205 1784 4252 wel
1812 4191 2221 4250 expresselijck,
2247 4187 2308 4234 op
2336 4182 2424 4231 ons
2453 4176 2773 4226 princelijck
2801 4166 3012 4219 woordt—

124 1130 162 1176 e

58 1432 95 1477 n

0 1686 145 1732 ren

0 1780 269 1837 eol

0 2185 181 2236 oete

9 2454 36 2499 en

0 2826 90 2874 pbe

4 3233 281 3295 licentieer

112 3134 250 3181 vande

0 3456 79 3502 re

0 3806 240 3854 sin

0 4042 93 4088 gen

140 4053 158 4099 op
