3580 4883
1509 1104 1564 1150 d'
1590 1104 1783 1150 zuijder
1810 1104 1919 1150 ende
1946 1105 2138 1151 Noorder
2164 1105 2439 1154 quartieren
2465 1109 2521 1156 Is
2548 1110 2713 1156 t'rijs
2739 1111 2877 1158 gewas
2903 1114 3014 1164 vele
3039 1120 3259 1173 vergaen,
3286 1129 3397 1178 ende

1502 1191 1710 1240 naulicr
1739 1195 1946 1241 d'helft
1975 1195 2064 1241 tot
2093 1195 2360 1245 perfectie
2388 1201 2625 1252 gecomen,
2654 1207 2773 1254 waer
2802 1210 2891 1257 van
2920 1212 3039 1261 noch
3067 1218 3128 1264 te
3156 1220 3396 1276 duchten,

1504 1287 1625 1334 mits
1655 1287 1958 1333 d'ontstane
1987 1288 2261 1335 Oorloghen
2289 1291 2502 1342 alomme,
2531 1298 2623 1344 een
2652 1300 2804 1350 groot
2833 1306 3076 1355 gedeelte
3105 1311 3227 1359 niet
3256 1315 3347 1360 sal

1504 1382 1700 1429 cunnen
1731 1379 2092 1427 Ingesamelt,
2124 1380 2254 1425 maer
2286 1380 2451 1431 wegh)
2481 1387 2744 1442 genomen,
2775 1399 2906 1446 ende
2938 1402 3330 1455 geconsumeert

1503 1478 1711 1526 werden,
1740 1476 1829 1522 soo
1859 1476 1947 1521 dat
1977 1475 2096 1521 daer
2124 1476 2273 1521 door,
2301 1475 2421 1522 ende
2450 1478 2687 1530 t'gedane
2715 1486 2923 1539 verbodt
2952 1495 3041 1543 des
3070 1498 3398 1553 Bolcondaet,

1481 1580 1651 1629 „schen
1678 1573 1933 1624 Maijes=ts
1959 1570 2045 1617 van
2073 1569 2186 1615 geen
2214 1568 2328 1614 rijs
2353 1568 2525 1615 anders
2552 1570 2637 1618 als
2665 1574 2751 1622 tot
2777 1578 2975 1629 secours
3002 1584 3088 1631 van
3115 1587 3229 1634 sijn
3256 1589 3397 1639 leghe

1508 1675 1570 1723 te
1596 1670 1747 1718 mogen
1775 1663 2072 1713 vervoeren,
2101 1661 2160 1707 In
2190 1661 2575 1709 extremiteijt,
2604 1665 2693 1712 ten
2722 1667 2841 1716 ware
2870 1671 3107 1724 daerinne
3136 1680 3226 1729 bij
3254 1685 3404 1736 tijde

1495 1766 1769 1820 voorsien,
1797 1756 2040 1810 vevallen
2069 1754 2250 1801 souden
2280 1755 2462 1801 gehadt
2491 1757 2703 1808 hebben,
2732 1764 2853 1813 door
2882 1769 3064 1819 welcke
3093 1775 3396 1832 voorsorght

1500 1867 1566 1917 nu
1595 1859 1723 1910 oock
1753 1852 1911 1903 Gale,
1943 1850 2069 1897 ende
2099 1848 2320 1894 Negombo
2352 1848 2447 1895 bij
2477 1850 2730 1902 behouden
2760 1857 2918 1907 varen
2949 1863 3076 1913 vant
3106 1869 3265 1920 schip
3294 1877 3389 1924 den

1491 1959 1620 2014 haen
1648 1951 1775 2003 (dat
1806 1947 1899 1995 God
1931 1941 2087 1992 geve)
2117 1940 2211 1986 van
2242 1940 2336 1985 dat
2367 1940 2523 1988 graen
2554 1943 2679 1992 naer
2709 1947 2897 2001 eijsch
2927 1957 3084 2006 staet
3114 1961 3398 2014 geprovid=

1509 2057 1568 2103 te
1593 2047 1800 2100 werden,
1827 2044 1916 2092 tis
1943 2040 2032 2087 wel
2060 2036 2323 2084 apparent,
2352 2036 2410 2081 In
2439 2035 2556 2081 dees
2584 2036 2848 2091 schralen,
2875 2048 2992 2096 ende
3020 2051 3197 2102 dueren
3224 2059 3379 2111 tijdt

1494 2148 1646 2199 goede
1674 2138 1887 2192 partije
1915 2134 2098 2182 slaven
2127 2133 2188 2178 te
2218 2133 2490 2180 genaecken
2520 2136 2702 2185 sullen
2730 2141 2881 2190 sijn,
2911 2145 3184 2196 oversulcx
3213 2151 3274 2197 op
3303 2152 3395 2198 den

1499 2244 1670 2294 Jncoop
1695 2236 1839 2287 aller
1866 2232 2037 2281 weghen
2065 2231 2349 2277 behoorlijk
2377 2231 2548 2277 gelet,
2575 2233 2690 2279 ende
2717 2234 2803 2281 soo
2831 2237 2945 2285 veel
2972 2241 3200 2291 mogelijk
3227 2247 3372 2294 ordre

1493 2345 1717 2398 gestelt
1747 2337 1939 2388 werdt,
1970 2330 2256 2381 t'gevolgh
2287 2329 2415 2374 lere
2447 2329 2543 2376 den
2573 2332 2733 2380 tijdt

1482 2560 1578 2609 Bij
1607 2560 1674 2609 t'
1703 2546 2023 2604 schrijvens
2053 2541 2245 2590 vanden
2277 2541 2341 2586 E:
2371 2539 2563 2585 Arnold
2594 2538 2914 2586 d'vlamingh
2943 2541 3040 2587 van
3071 2536 3395 2585 Oudtshoorn

1522 2649 1646 2704 uijt
1674 2639 1886 2692 Malacca
1915 2636 2007 2683 p=r
2035 2634 2097 2681 t'
2125 2630 2278 2678 schip
2307 2628 2398 2674 den
2427 2626 2549 2672 haen
2578 2623 2820 2670 becomen,
2849 2624 3091 2670 vernemen
3121 2625 3272 2670 onder
3302 2625 3396 2672 and

1501 2740 1658 2798 sijne
1688 2719 2183 2784 Emiscontentement
2213 2715 2338 2764 over
2369 2715 2400 2760 t
2430 2714 2678 2761 verleuen
2709 2714 2802 2760 van
2831 2714 3080 2760 seeckere
3111 2715 3265 2761 passe
3296 2714 3390 2762 tot

1506 2819 1884 2888 uijtsettinge
1914 2814 2010 2863 van
2039 2810 2135 2858 een
2165 2804 2450 2854 scheepken
2480 2805 2858 2852 toebehorende
2889 2806 3299 2858 meergenoemden
3329 2811 3393 2859 H:

1508 2917 1832 2984 Miersumela,
1859 2910 1979 2960 naer
2006 2902 2214 2954 perach,
2241 2899 2331 2946 als
2360 2897 2684 2945 directelijk
2713 2900 3037 2947 streijdende
3066 2902 3243 2951 tegens
3271 2908 3389 2954 onse

1498 3030 1591 3082 H=r
1617 3011 1975 3073 principalen,
2003 3007 2124 3055 ende
2152 3005 2213 3051 v:
2241 3001 2361 3048 E:d:
2389 2998 2539 3044 nader
2568 2997 2747 3044 ordre,
2776 2999 2895 3044 doch
2925 2999 3221 3047 Innegesien
3251 3002 3343 3050 den

1499 3115 1693 3174 selven
1723 3110 1821 3159 H=r
1850 3098 2170 3154 Miersumela
2201 3091 2551 3142 d'eenighste
2581 3091 2932 3140 richtsnoer,
2964 3095 3091 3141 ende
3122 3092 3345 3140 buijten

1506 3218 1604 3266 hem
1634 3209 1798 3261 naest
1828 3204 1928 3254 den
1959 3197 2187 3248 Conincq
2217 3193 2479 3242 niemandt
2511 3191 2609 3237 van
2640 3190 2933 3236 soodanige
2965 3188 3388 3237 authoriteijt,

1508 3315 1638 3371 ende
1666 3295 2113 3357 genegentheijt,
2144 3292 2272 3339 omme
2301 3287 2398 3335 ons
2429 3285 2493 3332 In
2524 3283 2684 3330 allen
2715 3281 3096 3327 d'behulpsame
3127 3282 3286 3329 handt
3317 3283 3383 3329 te

1503 3411 1708 3469 bieden,
1733 3402 1823 3454 Int
1850 3385 2256 3446 Golcondaetsche
2284 3379 2429 3429 rijck
2457 3377 2545 3423 is,
2572 3376 2777 3422 daerbij
2805 3375 2892 3422 den
2920 3375 2980 3421 g'
3006 3376 3385 3427 imbrulieerden

1510 3502 1768 3567 toestant
1797 3488 2022 3545 alomme,
2051 3480 2181 3531 ende
2211 3472 2467 3524 mitsdien
2499 3470 2626 3517 niet
2658 3469 2945 3517 raedtsaem
2976 3472 3072 3519 was
3103 3471 3359 3520 meerder—

1510 3597 1725 3655 onlusten
1749 3592 1806 3641 te
1830 3580 2020 3636 gelijck
2044 3574 2154 3624 over
2179 3570 2288 3618 hoop
2314 3569 2369 3615 te
2394 3565 2557 3613 halen,
2584 3564 2826 3610 vertrouwe
2853 3565 2907 3611 v:
2933 3566 2988 3612 E:
3014 3567 3068 3613 d:
3094 3568 3148 3614 t'
3174 3561 3392 3613 verlenen

1494 3700 1582 3751 van
1606 3682 1836 3743 geseijde
1862 3676 1949 3725 pas
1975 3671 2062 3720 soo
2089 3665 2260 3715 qualij
2288 3662 2402 3709 niet
2430 3662 2685 3709 gevallen,
2713 3663 2856 3709 maer,
2884 3663 3026 3709 t'een
3054 3663 3225 3710 tegens
3252 3662 3394 3710 t'and

1493 3779 1735 3838 gestelt,
1763 3769 1915 3821 nader
1942 3764 2005 3812 In
2033 3753 2396 3807 consideratie
2426 3753 2607 3798 nemen,
2636 3754 2757 3799 ende
2787 3755 2878 3801 ons
2907 3755 2997 3801 p=r
3027 3747 3329 3800 aenstaende

1514 3867 1754 3925 absolute
1780 3857 1962 3910 ordre,
1990 3849 2260 3901 hoedanigh
2290 3849 2350 3895 In
2378 3847 2618 3895 diergelk
2647 3848 2946 3895 voorvallen
2975 3849 3096 3895 meer
3124 3850 3184 3895 te
3213 3844 3393 3894 handel

1505 3969 1636 4023 sult
1663 3953 1922 4012 gelieven
1952 3949 2049 3997 aen
2078 3945 2145 3993 te
2176 3941 2495 3990 schrijven.

1420 4140 1560 4197 Omme
1588 4131 1661 4183 v:
1694 4126 1798 4174 Ed:
1831 4124 1934 4170 dan
1968 4121 2071 4169 soo
2100 4110 2378 4165 spoedigh
2409 4107 2515 4155 als
2545 4104 2855 4156 doenlijk,
2888 4102 2992 4149 van
3025 4096 3163 4146 dese
3196 4089 3367 4140 mijne

1511 4217 1780 4269 advijsen,
1807 4212 1899 4260 als
1928 4206 2078 4255 tgene
2106 4199 2287 4250 alhier
2316 4196 2527 4244 gereedt
2555 4193 2705 4243 (waer
2734 4192 2794 4238 na
2823 4191 2884 4237 v:
2914 4190 2973 4235 E:
3002 4188 3063 4234 d:
3092 4179 3391 4232 ontwijffel

1508 4319 1571 4365 Is
1598 4298 1975 4361 t'uijtterste
2005 4290 2287 4342 verlangen
2317 4286 2567 4334 blijven)
2597 4285 2660 4331 te
2692 4281 2910 4330 dienen,
2940 4279 3066 4325 sijn
3096 4277 3159 4323 te
3189 4272 3330 4321 rade

1831 335 2295 395 Coromandel

3020 345 3218 394 1646

1848 451 1991 503 Coper
2018 448 2214 496 missive
2242 447 2353 493 door
2381 446 2465 492 den
2492 444 2772 490 Gouverneur
2800 444 2968 492 Arnold
2996 447 3191 493 Heussen

1848 544 1901 590 In
1925 540 2029 588 dato
2053 537 2157 585 ult.
2182 536 2209 581 o
2233 536 2362 583 febr:
2387 536 2464 581 p:r
2490 535 2542 581 't
2566 534 2618 580 's
2644 534 2747 579 acht
2772 533 2849 579 lis
2875 532 2952 578 aen
2977 530 3080 576 haer
3105 527 3216 575 Ed=s

3078 4364 3377 4419 gewerden

793 239 905 286 al
960 239 1186 287 14a6
