3573 4835
598 329 828 410 Julio
869 320 962 371 ao
1006 319 1187 366 1696

929 486 1415 536 affwateringe
1453 484 1659 531 weder
1698 486 1820 533 sal
1860 485 1943 531 by
1982 487 2268 541 brengen
2302 497 2428 545 dat
2466 502 2629 551 daer
2670 503 2833 551 door
2872 504 3041 559 magh

921 611 1124 659 komen
1164 610 1327 655 vlot
1367 610 1448 656 te
1488 608 1814 656 geraeken
1849 606 1936 657 /.

762 728 900 779 24:'
932 726 1002 774 d.
1033 728 1070 774 o
1103 728 1240 774 nogh
1273 729 1750 782 alregenachtigh
1784 735 1955 782 weder
1989 736 2057 782 en
2088 736 2160 783 't
2191 738 2569 789 waterdapper
2601 746 2739 795 aent
2771 751 3015 810 oplopen

930 837 1040 885 des
1075 841 1367 890 middaghs
1402 845 1585 894 compt
1621 849 1731 896 een
1766 849 2167 898 Ioncquinder
2203 853 2312 900 van
2348 854 2677 908 hillegers
2712 864 2894 915 bergh
2930 868 3077 917 door

939 948 1151 1000 voorsz
1186 954 1434 1003 keijser
1467 958 1856 1007 affgesonden
1891 962 1997 1007 met
2031 961 2349 1011 bescheijt
2384 964 2562 1013 vand.
2595 968 2631 1014 e
2665 967 3063 1032 Fluijtheden

936 1074 1157 1124 mongen
1193 1076 1342 1122 nogh
1378 1078 1526 1127 vast
1562 1080 1673 1126 sat
1710 1081 1783 1126 en
1820 1077 2115 1127 tijdinge
2151 1077 2410 1127 bekomen
2446 1082 2670 1132 hadde,
2704 1089 2816 1137 den
2851 1094 3004 1145 beer

925 1197 1241 1245 ongeveer
1280 1201 1478 1249 aende
1516 1206 1753 1254 groote
1788 1202 2067 1254 passaar
2106 1201 2265 1248 mede
2302 1205 2422 1254 aen
2457 1209 2658 1257 grond
2695 1213 2854 1266 twas
2892 1221 3050 1276 wer„

933 1318 1101 1366 warts
1135 1319 1236 1366 met
1269 1320 1371 1366 een
1403 1320 1674 1371 barcquin
1703 1324 1842 1371 heen
1875 1325 2010 1371 voer
2043 1323 2178 1371 omme
2211 1321 2347 1367 nade
2379 1322 2616 1371 sekerh.
2649 1326 2683 1372 t
2716 1328 2786 1375 te
2816 1332 3089 1388 vernemen

930 1431 1037 1479 die
1071 1432 1176 1478 ons
1209 1434 1314 1481 als
1348 1436 1453 1482 dan
1487 1438 1663 1489 laten
1695 1446 1869 1494 weten
1903 1446 2112 1493 soude,
2146 1446 2320 1493 onder
2354 1448 2563 1497 wijlen
2597 1452 2806 1500 worden
2840 1455 2945 1503 tot
2979 1459 3083 1511 den

936 1559 1141 1606 Capado
1173 1561 1478 1611 Ongadangh
1511 1563 1781 1612 geroepen
1813 1563 1949 1614 daer
1982 1568 2085 1614 des
2118 1570 2354 1621 avondts
2388 1572 2591 1620 gingen
2624 1575 2759 1622 ende
2793 1576 3098 1625 tenselven

929 1679 1127 1733 huyse
1163 1682 1439 1729 gekomen
1477 1685 1674 1740 wesen
1704 1693 2024 1742 delfsigh
2062 1694 2376 1744 onthaelt
2414 1700 2689 1751 wierden
2727 1707 2846 1754 met
2883 1710 3081 1761 Eeten

927 1814 999 1861 en
1032 1805 1319 1856 drincken
1353 1807 1497 1855 ende
1532 1811 1711 1860 andre
1746 1812 2138 1861 vroelijckh.
2173 1813 2210 1859 t
2244 1814 2352 1862 die
2387 1817 2531 1866 door
2565 1821 2672 1867 syn
2708 1821 2958 1871 vrouwen
2993 1825 3103 1872 met

925 1932 1144 1983 danscn
1180 1930 1326 1977 ende
1362 1929 1580 1977 singen
1617 1931 1689 1978 de
1726 1933 1798 1979 de
1835 1934 2199 1986 aenrechten
2234 1941 2345 1988 tot
2380 1943 2526 1989 laet
2560 1944 2708 1992 inde
2744 1947 2926 1995 nacht
2961 1950 3071 1998 als

924 2066 1186 2113 wanneer
1223 2060 1560 2112 nagenomen
1597 2059 1973 2108 affscheijt
2009 2064 2160 2112 nade
2196 2067 2384 2117 logie
2420 2071 2796 2123 vertrocken
2833 2079 3062 2137 hebben

926 2200 1053 2248 den
1094 2191 1598 2246 oppercoopman
1639 2193 1682 2239 2
1722 2196 1890 2243 hare
1932 2197 2310 2245 pieckjens
2348 2198 2644 2245 vereert
2686 2200 2854 2248 daer
2895 2202 3023 2250 hem

916 2330 1020 2376 ten
1054 2330 1677 2378 hooghstendanckbaer
1711 2328 2093 2379 voorbleeff,

712 2473 808 2520 ady
840 2474 906 2523 25
932 2471 1033 2524 end
1064 2469 1193 2515 26:e
1225 2470 1321 2515 d:o
1353 2467 1707 2515 nietsonders
1738 2466 1867 2512 voor
1898 2464 2157 2514 gevallen
2186 2469 2316 2515 dand
2348 2470 2509 2517 attet
2540 2473 2701 2521 water
2732 2476 2861 2521 nogh
2893 2476 3057 2528 hoord

930 2576 1086 2625 aent
1124 2571 1670 2623 opwassenbleeff

1707 2579 1765 2626 „

789 2680 929 2728 25:e
963 2679 1067 2726 d:o
1101 2677 1345 2725 weynigh
1379 2674 1518 2721 voor
1553 2672 1657 2719 den
1691 2671 1934 2720 middagh
1968 2671 2142 2720 compt
2177 2675 2282 2723 den
2315 2679 2595 2725 adsist:t
2627 2682 2835 2730 keyser
2868 2684 3010 2730 wed.
3042 2686 3082 2735 e

925 2784 1095 2832 boven
1128 2783 1230 2830 met
1263 2784 1331 2829 de
1364 2784 1398 2829 6
1431 2785 1735 2832 matroosen
1768 2787 1902 2833 daer
1935 2784 2070 2832 mede
2104 2784 2172 2830 op
2204 2786 2340 2835 23:e
2373 2790 2608 2838 passado
2641 2792 2711 2839 na
2742 2793 3052 2847 hillegars

927 2890 1107 2940 bergh
1143 2895 1251 2940 was
1287 2895 1682 2943 affgesonden
1717 2899 2184 2949 rapporterende
2219 2894 2292 2943 de
2327 2895 2543 2947 Fluijt
2578 2902 2686 2950 den
2722 2902 2866 2948 heer
2901 2900 3045 2948 eer.

919 3016 1222 3067 gisteren
1258 3019 1487 3066 avondt
1525 3019 1639 3065 aen
1676 3018 1716 3065 t
1749 3019 2093 3067 boompjens
2129 3014 2396 3065 Eijland
2433 3018 2510 3064 't
2546 3019 2812 3067 gelaten
2848 3014 3040 3067 hadde

905 3140 1132 3189 besigh
1168 3143 1358 3191 wesen
1393 3140 1508 3189 met
1545 3140 1809 3188 ballast
1845 3137 2185 3187 telossen,
2221 3135 2373 3182 omme
2410 3135 2562 3180 over
2598 3137 2674 3182 de
2711 3138 3018 3184 droeghte

920 3267 996 3316 te
1030 3259 1252 3309 kunnen
1288 3259 1583 3306 geraeken
1618 3260 1729 3306 soo
1765 3261 1876 3308 was
1912 3264 1987 3311 op
2021 3263 2316 3312 gisteren
2351 3259 2682 3307 Hillegers
2718 3255 3012 3304 berghong

897 3384 1080 3436 „veer
1115 3385 1151 3430 4
1187 3385 1223 3430 â
1257 3382 1296 3430 5
1331 3380 1511 3428 mylen
1547 3383 1690 3430 nogh
1726 3385 1979 3434 bovende
2014 3388 2231 3435 groote
2265 3391 2481 3439 basaar
2517 3393 2769 3440 ontmoet
2804 3395 3023 3449 wesene

895 3501 1092 3549 daeghs
1123 3505 1189 3551 te
1220 3507 1417 3556 vooren
1448 3512 1612 3558 vande
1644 3514 1906 3569 drooghte
1936 3526 2165 3573 geraert
2197 3522 2328 3573 ende
2359 3520 2490 3569 nogh
2522 3522 2718 3570 besigh
2750 3521 2849 3566 met
2880 3516 2979 3567 aff

856 3614 1184 3674 „drijwen,
1218 3631 1399 3678 onder
1434 3632 1725 3678 tusschen
1760 3633 1942 3688 comen
1977 3643 2195 3691 vanden
2230 3646 2520 3694 Japander
2556 3648 2994 3698 Risemondonie

928 3753 1149 3801 voorde
1185 3752 1406 3800 waerh.
1441 3755 1481 3803 t
1515 3760 1590 3808 te
1625 3764 1956 3816 verstaen,
1991 3768 2103 3815 dat
2139 3766 2433 3817 ougatons
2470 3768 2654 3817 volcq
2690 3766 2874 3814 heden
2908 3765 3023 3812 van

930 3852 1508 3910 benedengekomen,
1544 3868 1621 3914 op
1659 3870 1889 3921 gister
1927 3876 2158 3927 avondt
2195 3884 2311 3930 den
2348 3885 2502 3931 heer
2540 3886 2848 3936 omtrendt
2884 3891 3039 3939 drie

892 3978 1148 4027 mijlen
1189 3982 1529 4029 benedent
1570 3984 1954 4040 boompjens
1995 3997 2251 4044 Eyland
2291 4001 2800 4059 gesuhhadden,
2842 4005 3014 4058 gode

2717 4155 2824 4206 sij
2858 4144 3001 4199 loff

2885 329 3058 382 744

131 3264 159 3310 t

60 3391 174 3437 de

0 3389 20 3434 2

118 3502 201 3548 daen
