3703 4828
1373 671 1617 723 nevens
1656 670 1819 718 gaat
1858 667 2224 716 gevordert
2261 668 2385 715 100
2423 664 2547 714 p:s
2587 657 2789 708 roodt
2829 654 3113 702 nagoors
3153 651 3437 699 laacken

1361 787 1476 834 met
1514 787 1627 833 40.
1664 785 1741 833 p.
1778 780 1968 828 zijde
2005 773 2347 824 pashoolen
2384 772 2460 818 en
2493 754 2952 817 verscheijden
2990 752 3217 800 drogen
3255 752 3489 809 twelck

1360 892 1560 943 alles
1599 885 1957 936 versorcht
1991 881 2116 929 is,
2153 876 2394 924 Except
2433 873 2513 919 de
2551 859 2950 916 pathoolen,
2989 860 3108 906 die
3147 858 3308 904 door
3342 854 3426 905 de

1345 984 1764 1043 cortheijt
1809 982 1949 1029 des
1994 976 2273 1025 tijts,
2317 972 2458 1020 als
2501 963 2689 1015 mede
2733 952 3198 1007 manckement

1340 1087 1486 1143 van
1532 1078 1675 1130 een
1720 1066 2055 1122 monster
2102 1064 2292 1110 niet
2332 1061 2624 1109 hebben
2669 1053 2955 1106 connen
3001 1051 3145 1098 int
3193 1051 3431 1102 werck

1351 1164 1760 1230 gestelt
1816 1156 2168 1209 werden

1251 1322 1377 1376 Bij
1411 1332 1493 1379 de
1525 1326 1768 1378 mijnen
1807 1324 2044 1371 vanden
2083 1323 2281 1370 10=en
2320 1321 2675 1369 februarij
2714 1318 2951 1366 sullen
2989 1318 3188 1365 wed=e
3227 1320 3478 1374 voord.

1357 1422 1780 1492 tresceptie
1820 1415 2030 1466 deses
2070 1408 2322 1459 gesien
2364 1404 2614 1452 hebben
2656 1404 2782 1450 tot
2823 1401 2949 1448 wat
2990 1398 3199 1447 prijs
3238 1390 3325 1443 de

1341 1520 1662 1581 gesonde
1704 1500 2208 1563 bengaelsche
2252 1497 2480 1546 Sijde
2524 1493 2935 1542 vercocht,
2978 1490 3072 1538 en
3116 1488 3257 1534 wat

1360 1617 1647 1667 cleijne
1687 1611 1974 1661 advance
2014 1604 2180 1656 daer
2220 1601 2302 1648 op
2342 1591 2671 1645 gevallen
2711 1588 2835 1635 is,
2875 1583 2998 1630 met
3039 1577 3449 1628 toesegging

1340 1712 1450 1766 om
1504 1711 1611 1757 jn
1661 1702 2149 1756 ammadabat
2202 1696 2311 1746 te
2363 1678 2794 1739 vernemen
2847 1674 3224 1723 laeten,
3278 1672 3440 1722 wat

1340 1800 1814 1868 quantiteijt
1855 1790 2284 1847 Jaarlijcks
2326 1784 2540 1834 soude
2581 1778 2839 1830 connen
2881 1770 3224 1822 vertiert
3266 1766 3353 1815 en

1348 1908 1489 1957 tot
1536 1902 1677 1950 wat
1722 1895 1959 1947 prijs
2004 1879 2522 1938 gedebiteert
2568 1873 2899 1924 werden,
2944 1868 3133 1916 jtem
3179 1867 3322 1915 wat

1349 2006 1708 2062 oncosten
1752 2002 1887 2051 van
1930 1986 2244 2045 pattena
2286 1983 2423 2031 tot
2467 1980 2737 2028 aldaer
2780 1979 3185 2028 overlandt
3226 1982 3412 2030 daer

1355 2102 1641 2159 vallen
1686 2096 1879 2146 ende
1925 2091 2069 2139 wat
2115 2081 2591 2135 proffijten
2638 2080 2734 2127 d'
2781 2073 3304 2125 coopluijden
3321 2070 3442 2117 in

1322 2200 1874 2271 gemenelijck
1922 2197 2322 2247 genieten
2367 2201 2569 2247 daer
2619 2201 2818 2247 mijn
2867 2195 2968 2245 d'
3016 2189 3316 2237 Ammada

1314 2307 1751 2364 residenten
1793 2298 2273 2353 g'antwoordt
2315 2295 2621 2342 hebben,
2665 2295 2796 2341 dat
2839 2288 3101 2340 aldaer
3144 2280 3449 2333 present

1342 2414 1391 2461 2
1436 2411 1485 2457 a
1532 2410 1675 2456 300
1722 2408 1865 2455 man
1911 2406 2054 2453 tot
2101 2404 2244 2450 102
2289 2395 2576 2446 rop=le
2623 2394 2719 2441 de
2763 2396 2908 2445 man
2955 2401 3097 2448 van
3144 2400 3287 2446 36
3331 2401 3429 2449 lb

1343 2502 1593 2551 souden
1632 2500 2049 2548 debiteeren
2091 2499 2382 2545 connen,
2424 2497 2715 2544 volgens
2755 2495 3089 2543 twelcke,
3126 2496 3257 2544 die
3296 2500 3463 2548 hier

1352 2598 1474 2644 tot
1514 2597 1596 2644 90
1636 2594 1839 2641 ropia
1879 2596 1921 2642 d
1960 2598 2082 2646 34
2121 2600 2204 2646 lb
2243 2595 2569 2644 vercocht
2609 2594 2893 2639 hebben,
2933 2593 3136 2639 beter
3176 2588 3380 2638 prijs

1343 2698 1676 2752 gehaalt
1723 2695 2008 2743 heeft,
2054 2694 2197 2740 als
2244 2692 2388 2739 men
2428 2693 2530 2739 de
2573 2692 2766 2740 thol
2812 2691 2908 2738 in
2955 2683 3337 2735 Brootcha

1335 2804 1418 2853 d'
1455 2792 1782 2847 laccagie
1822 2790 1904 2836 en
1943 2787 2147 2834 ander
2187 2787 2512 2836 ongelden
2551 2789 2633 2836 op
2672 2787 2755 2835 de
2795 2783 2958 2831 wegh
2997 2780 3160 2827 daer
3201 2778 3282 2824 op

1300 2902 1520 2954 reeck
1561 2895 1738 2944 sal,
1780 2896 2174 2943 aengaande
2217 2894 2304 2940 d'
2348 2889 2698 2939 ongelden
2740 2891 2873 2938 die
2914 2893 3047 2940 van
3084 2890 3396 2941 pattana

1334 2995 1478 3042 tot
1518 2992 1622 3040 jn
1669 2988 2102 3036 ammadabat
2150 2987 2246 3033 te
2294 2985 2583 3033 dragen
2621 2981 2919 3030 heeft,
2965 2982 3159 3029 wert
3206 2977 3447 3030 vande

1293 3088 1784 3148 Coopluijden
1828 3081 2318 3133 gemeenlijck
2362 3081 2452 3127 15
2496 3080 2586 3127 pr
2630 3078 2853 3124 cento
2896 3070 3211 3123 buijten

1304 3205 1355 3256 t
1394 3191 1714 3247 verlies
1756 3181 1984 3233 vande
2029 3174 2300 3225 wissel
2344 3169 2706 3220 (:sijnde
2750 3167 2886 3214 met
2931 3167 3022 3214 pr
3064 3162 3384 3212 centon)

1328 3278 1796 3346 gereeckent
1842 3278 1936 3324 en
1981 3275 2260 3326 winnen
2306 3267 2725 3320 ordinaris
2768 3265 2957 3312 niet
3003 3264 3189 3310 meer
3236 3265 3377 3313 als

1338 3382 1427 3431 5.
1467 3372 1602 3426 som
1644 3363 1908 3415 wijlen
1950 3360 2213 3409 diende
2257 3357 2431 3404 seer
2473 3355 2737 3402 selden
2781 3356 2869 3403 10
2910 3355 3044 3403 p=r
3087 3356 3349 3402 cento

1319 3467 1641 3530 Suijver
1686 3459 1870 3512 ende
1913 3453 2052 3501 Bij
2097 3451 2416 3498 tijden,
2461 3452 2689 3498 niet,
2734 3448 2872 3497 met
2917 3443 3191 3492 welcke
3236 3441 3465 3491 sobre

1324 3564 1679 3631 winsten
1694 3560 1828 3605 d'
1851 3551 1979 3601 E.
2018 3546 2275 3596 comp:
2323 3541 2525 3589 niet
2572 3542 2675 3589 en
2717 3544 2875 3590 can
2909 3540 3327 3589 behouden

1319 3675 1656 3737 Blijven
1701 3669 1847 3719 die
1894 3661 2326 3714 oorsaacke
2373 3660 2566 3708 hier
2605 3659 2804 3707 geen
2851 3655 3043 3703 meer
3088 3648 3477 3699 gesonden

1329 3793 1601 3852 dient

1250 3948 1342 3997 In
1386 3945 1614 3995 mijne
1659 3944 1977 3993 voorige
2023 3944 2386 3993 missiven
2431 3948 2614 3999 hebb
2658 3953 2931 4005 uedes
2974 3958 3159 4005 niet
3203 3959 3480 4007 connen

1328 4050 1942 4109 aenschrijven,
1986 4051 2130 4099 hoe
2176 4050 2270 4098 d'
2316 4049 2835 4099 Cargasoenen
2880 4053 2975 4100 jn
3021 4047 3402 4098 gewichte

1317 4171 1966 4242 gerespondeert
2015 4163 2315 4215 hebben
2362 4160 2464 4207 om
2506 4155 2663 4203 dat
2711 4154 2961 4201 alles
3003 4146 3210 4199 noch
3259 4139 3460 4190 niet

1336 4289 1532 4345 uijt
1579 4272 1970 4332 gelevert
2016 4263 2214 4316 was,
2260 4253 2555 4307 twelck
2603 4248 3042 4298 naderhant
3091 4236 3482 4293 geschiet

2707 4398 2809 4444 is
2857 4394 3010 4443 soo
3059 4393 3211 4442 dat
