3567 4801
2738 527 2944 602 974

685 494 1065 556 augustus
1109 487 1347 537 1646:

994 695 1088 744 den
1118 686 1522 739 sulpeterdiele
1552 686 1707 733 sotia
1738 685 1832 732 een
1862 686 2328 740 daerovergelegen
2358 695 2544 743 heeft,
2572 696 2699 744 ende
2729 695 2792 740 nu
2822 692 3039 745 Jonghst

984 795 1122 850 4265
1154 794 1189 840 M
1222 788 1358 838 ende
1390 786 1492 833 538
1525 787 1560 832 M
1592 782 1796 831 gembet
1829 782 1932 830 met
1961 785 2436 838 d'ondercoopman
2469 794 2840 851 sonneschijn

977 902 1039 951 In
1066 890 1337 945 februarij
1366 890 1547 936 aldaer
1576 890 1875 936 afgebraght
1902 888 1996 935 was
2025 888 2234 935 (sonder
2264 890 2354 935 dat
2383 891 2594 940 yemandt
2623 896 2682 944 op
2712 899 2803 945 den
2832 901 2952 948 wech
2981 901 3073 951 tol

977 997 1290 1050 afgewordert
1318 995 1461 1042 heeft
1489 996 1518 1041 )
1545 995 1575 1041 E
1603 993 1774 1039 onglij
1802 992 1945 1038 weder
1973 992 2315 1042 aengelanght,
2343 997 2487 1043 sulcx
2513 998 2713 1045 (alrede
2741 998 2800 1045 e:
2826 1000 3026 1048 Vrucgtn

975 1106 1125 1156 vande
1153 1099 1420 1150 vercregen
1448 1100 1655 1146 fermans
1684 1099 1802 1145 sich
1832 1099 2010 1146 alrede
2037 1103 2363 1154 openbaeren,
2390 1107 2427 1157 —

826 1258 914 1311 Afd
936 1247 997 1298 e.
1022 1233 1305 1289 verschyudt
1332 1232 1417 1278 van
1443 1227 1558 1277 Bas.
1586 1227 1615 1273 a
1641 1229 1783 1278 sacht
1810 1232 1924 1280 lis,
1951 1235 2035 1281 dat
2063 1236 2120 1281 in
2147 1236 2401 1283 Compagnia
2428 1237 2513 1283 van
2540 1237 2569 1283 t
2597 1234 2738 1282 Jacht
2765 1231 2907 1278 lillo
2934 1231 3002 1280 en

982 1326 1150 1374 fluijt
1178 1322 1374 1372 heemste
1401 1322 1625 1368 herwaere
1652 1323 1709 1370 te
1736 1325 2043 1376 vertrocken,
2071 1331 2183 1377 ende
2210 1333 2434 1382 omtrendt
2461 1338 2629 1386 Ceylon

970 1418 1056 1466 van
1084 1414 1283 1463 gemelte
1311 1414 1453 1460 dachs
1481 1414 1623 1461 tillo
1651 1416 1965 1467 gescheijden
1991 1422 2048 1468 do
2076 1421 2191 1470 (gos
2218 1426 2275 1471 sy
2303 1427 2531 1474 gedanckt
2558 1429 2729 1475 alhier
2755 1427 2842 1473 ter
2870 1423 3041 1473 rhede,

801 1583 859 1633 Ag
881 1576 914 1624 d
934 1567 994 1617 o.
1020 1564 1266 1610 vertrecke
1292 1565 1374 1611 van
1401 1566 1483 1611 hee
1510 1566 1646 1613 rhede
1671 1565 1756 1613 Met
1782 1566 2028 1615 resolutie
2054 1571 2163 1617 ende
2190 1572 2327 1620 goedt
2353 1576 2519 1625 vinden
2543 1581 2708 1628 vanden
2734 1584 2874 1631 raedt

1678 1619 1724 1665 't
1745 1619 1858 1666 schip
1880 1620 1925 1665 N:
1947 1620 2155 1673 Amsterdam

959 1666 1064 1715 over
1089 1664 1271 1710 Malacca
1296 1665 1400 1710 naer
1425 1665 1503 1711 Bat
1528 1665 1581 1711 't
1606 1666 1763 1717 sijnde
1786 1674 1994 1724 eenlijck
2019 1679 2122 1726 ende
2148 1681 2329 1729 voorsoo
2354 1683 2458 1729 vell
2484 1684 2639 1730 buyten
2664 1684 2899 1731 beduchten

958 1773 1037 1821 van
1063 1773 1480 1821 bederfdoenelijck
1507 1776 1612 1823 ande
1637 1779 2029 1834 Voornamentlijck
2054 1790 2158 1835 omme
2184 1790 2419 1840 malaccats
2445 1792 2732 1839 velnodichen
2758 1792 2994 1841 dienstich
3017 1796 3045 1842 —

955 1887 1027 1933 tot
1048 1886 1218 1932 progres
1239 1888 1382 1936 vanden
1405 1891 1548 1939 handel
1571 1892 1763 1939 derwaere
1785 1895 1832 1941 ts
1856 1896 2022 1945 sijnde)
2046 1900 2236 1950 daeruijt
2259 1905 2568 1955 geprovideert,
2591 1909 2686 1954 ende
2709 1909 2757 1956 't
2781 1909 2948 1957 verdere

940 2001 1042 2050 haer
1067 1999 1168 2045 EEd:
1193 1999 1470 2049 toegesonden
1493 2005 1545 2051 te
1568 2007 1744 2056 werden,
1768 2010 1945 2057 beladen
1970 2012 2046 2059 met
2070 2015 2145 2064 179
2170 2019 2321 2065 packen
2345 2018 2596 2065 dixeersche
2621 2015 2872 2063 sorteringe
2897 2015 2977 2064 van

950 2122 1117 2174 Cleden
1144 2121 1228 2166 600
1255 2121 1338 2167 str
1365 2122 1533 2171 slaven
1559 2126 1615 2172 en
1643 2127 1895 2179 slavinnen
1916 2134 1975 2182 97
2001 2134 2086 2180 str
2112 2135 2390 2184 martavanen
2417 2139 2472 2184 en
2500 2136 2611 2184 5630
2638 2135 2694 2180 lb
2721 2135 2943 2183 Biscruis

947 2242 1008 2288 't
1036 2238 1187 2285 samen
1217 2238 1426 2286 Incoops
1456 2240 1695 2290 bedragen
1724 2245 1755 2293 ƒ
1785 2248 2113 2298 50533„11„8,
2143 2252 2382 2298 werdende
2411 2248 2771 2297 gemelteschip
2801 2249 2951 2300 midts

944 2354 1043 2401 door
1066 2351 1189 2399 storm
1213 2351 1311 2396 ende
1335 2350 1506 2396 onweder
1531 2351 1580 2397 op
1604 2352 1654 2398 d'
1677 2354 1872 2401 Indische
1897 2356 1995 2402 Cust
2018 2358 2360 2406 gerencontreert
2384 2357 2629 2404 g'oordeert
2653 2356 2751 2402 seer
2775 2354 3019 2401 verswaecke

941 2467 992 2512 te
1018 2465 1095 2512 sin
1119 2461 1224 2509 ende
1248 2459 1557 2506 dienvolgende
1582 2458 1660 2503 tot
1686 2457 1737 2503 't
1762 2456 1994 2502 vervoeren
2019 2456 2096 2502 van
2122 2457 2251 2502 veele
2276 2453 2636 2502 bederffelijcke
2660 2450 2815 2498 Waeren
2839 2441 3073 2495 onbequaem

938 2565 1020 2612 den
1047 2563 1238 2610 almogen
1262 2562 1400 2610 wille
1428 2561 1618 2608 gemelte
1645 2560 1781 2606 schip
1808 2561 2053 2608 amsterdam
2080 2561 2299 2608 spoedigh
2325 2563 2461 2608 salvo
2486 2555 2736 2608 geleijden

734 2713 814 2764 Aen
837 2709 890 2756 18
913 2704 967 2752 d.
991 2701 1018 2747 o
1040 2695 1198 2745 become
1222 2694 1275 2740 p.
1298 2694 1326 2740 l
1351 2691 1609 2737 pattamaers
1634 2691 1813 2737 missive
1838 2690 2071 2738 gedateert
2095 2693 2174 2741 14.
2198 2696 2250 2741 en
2275 2693 2404 2740 Julij
2429 2691 2533 2737 ende
2557 2687 2712 2736 andere
2736 2677 3020 2731 doccumenten

931 2789 1085 2837 vanden
1111 2789 1163 2835 E.
1188 2785 1419 2835 directeur
1444 2784 1573 2830 Arent
1599 2784 1830 2830 Barenssen
1856 2783 2036 2830 daerbij
2061 2782 2190 2828 onder
2216 2781 2396 2828 anderen
2421 2776 2627 2827 vernemen
2651 2773 2730 2820 hoe
2752 2770 2832 2817 dat
2857 2768 2910 2814 't
2935 2767 3093 2813 aldaer

931 2882 1043 2929 mede
1070 2878 1292 2926 manifest
1318 2873 1595 2922 gebleecken
1623 2873 1706 2918 was
1734 2873 1817 2918 dat
1844 2873 1900 2918 d'
1927 2874 2204 2921 Engelschen
2231 2876 2286 2922 in
2314 2872 2646 2922 Toutecouijn,
2673 2868 2839 2917 doord'
2866 2858 2978 2912 onse

923 2983 1053 3031 Inden
1079 2980 1261 3029 handelt
1287 2979 1391 3025 seer
1416 2975 1624 3023 gecruyst
1649 2975 1727 3021 syn
1753 2975 1960 3022 geweest,
1985 2976 2194 3022 gemercqt
2218 2974 2272 3020 d'
2296 2973 2427 3021 fluyt
2451 2970 2505 3017 s'
2530 2970 2608 3016 hin
2634 2970 2712 3016 van
2737 2970 2867 3017 mocha
2893 2972 2948 3020 en

930 3094 981 3141 't
1004 3092 1132 3140 Jacht
1156 3090 1208 3136 d'
1232 3086 1409 3135 heehors
1433 3083 1510 3131 van
1535 3083 1712 3128 Bassora
1737 3083 1989 3130 herwaerdts
2014 3083 2292 3130 genowigeert
2317 3083 2393 3129 den
2417 3081 2595 3128 eersten
2618 3079 2821 3125 Januarij
2846 3079 2923 3126 In—

895 3197 1100 3250 Souratta
1123 3189 1455 3241 geretourneert
1480 3187 1609 3234 sijn,
1632 3189 1836 3237 teruijen
1860 3191 2091 3237 brengende
2114 3191 2166 3237 16
2192 3191 2217 3236 C
2242 3191 2295 3238 h.
2318 3194 2345 3240 a
2367 3194 2446 3241 byj
2470 3193 2674 3239 Contant,
2698 3191 2801 3238 doch
2827 3190 2903 3236 hoe

906 3302 1017 3350 veel
1044 3298 1211 3346 cleden
1238 3297 1406 3343 aldaer
1432 3298 1544 3344 ende
1571 3298 1655 3345 wat
1683 3300 1989 3349 quantiteijt
2015 3301 2155 3349 peper
2182 3300 2238 3346 In
2265 3301 2404 3347 Culon
2432 3298 2765 3347 genegotieert
2792 3289 2970 3342 hadden

903 3413 1036 3460 heeft
1060 3410 1168 3458 sijn
1194 3410 1247 3455 E.
1273 3406 1380 3455 niet
1406 3404 1566 3450 aunnen
1591 3406 1646 3453 te
1669 3407 1778 3454 wete
1803 3407 1937 3453 Comen
1962 3407 2121 3455 Indien
2146 3406 2200 3451 b.
2227 3406 2254 3451 o
2280 3407 2359 3452 Van
2386 3407 2598 3453 meeninge
2624 3407 2730 3452 sijn
2754 3398 2942 3452 geweest

912 3524 988 3571 ome
1010 3520 1062 3567 d'
1086 3516 1235 3564 aldaer
1260 3511 1507 3561 ingekochte
1532 3510 1780 3556 lijnwaeten
1804 3511 1929 3557 naere
1953 3512 2152 3559 Maniljes
2176 3514 2225 3560 te
2250 3515 2399 3561 versen
2423 3515 2498 3561 soo
2522 3513 2671 3560 sullen
2695 3506 2968 3557 lichtelijck

907 3635 1099 3684 daermede
1123 3631 1315 3680 verlegen
1337 3629 1507 3675 sitten,
1530 3627 1603 3674 ten
1626 3625 1747 3672 waere
1770 3626 1819 3671 op
1842 3627 1986 3672 andere
2010 3627 2202 3674 plaetsen
2225 3628 2346 3674 (niet
2370 3624 2658 3674 Iegenstaende
2681 3620 2899 3668 seerghove

882 3755 1142 3809 sorteringe
1166 3752 1245 3799 sij
1269 3748 1374 3795 mede
1400 3746 1634 3793 getrocken
1657 3746 1840 3792 Waeren,
1866 3745 1969 3792 want
1995 3744 2073 3790 dit
2098 3744 2202 3789 Jaer
2227 3743 2331 3789 geen
2356 3736 2616 3789 besendinge
2641 3731 2904 3781 derwaerdts

900 3865 1128 3921 geschredt
1153 3863 1230 3910 Is,
1254 3861 1331 3908 dat
1356 3857 1483 3905 sulcx
1508 3854 1635 3902 inden
1660 3854 1736 3899 sin
1760 3852 1914 3899 gehaet
1938 3851 2090 3898 hebben
2114 3850 2166 3896 Is
2191 3848 2242 3894 te
2267 3842 2546 3893 presumeren,
2569 3840 2622 3887 de
2646 3836 2773 3884 Wijle
2799 3831 3002 3881 ruedaelt

907 3972 1237 4029 voorschreven
1263 3968 1373 4017 Hin,
1400 3966 1510 4013 ende
1536 3961 1755 4010 zeeljers
1781 3960 1864 4006 tot
1891 3959 1946 4005 op
1971 3957 2027 4004 't
2055 3954 2273 4002 uyterste
2299 3953 2409 4001 Vant
2434 3946 2627 3997 Mousson
2653 3941 2845 3990 gelegen
2871 3937 3043 3988 hebben

893 4091 1051 4144 sonder
1077 4088 1156 4135 dat
1181 4082 1339 4131 d'onse
1365 4079 1497 4127 konde
1522 4077 1732 4123 vernemen
1757 4071 2021 4122 werwaerdts
2046 4068 2126 4115 die
2151 4061 2388 4113 versenden
2412 4055 2597 4105 souden,
2623 4052 2729 4099 doch
2753 4048 2833 4096 soo
2858 4047 2994 4097 haest

882 4199 945 4251 p.
971 4195 1003 4242 r
1030 4191 1120 4239 een
1147 4185 1295 4236 moors
1323 4178 1471 4229 schip
1499 4176 1675 4221 advijs
1704 4176 1793 4222 van
1821 4176 1968 4223 haere
1995 4172 2231 4221 supplij.
2259 4167 2347 4216 ter
2377 4161 2523 4212 rhede
2552 4156 2845 4207 nooraschin
2872 4153 2903 4199 —

895 4290 1219 4352 g'arriveert
1246 4286 1452 4333 sijnde)
1480 4282 1686 4330 becomen
1715 4282 1919 4329 hadden,
1948 4276 2124 4327 hebben
2152 4271 2445 4321 dadelijcke
2473 4268 2679 4317 fluijt,
2708 4265 2826 4314 naer

0 1061 273 1118 opluyden

0 1715 40 1760 58

8 1812 207 1869 daerin

131 3120 208 3166 do

123 4195 170 4241 sulcx
