3567 4801
2732 539 2917 590 966

644 569 887 632 Juny
937 557 1183 611 1646

944 738 1111 794 rhede
1143 734 1473 782 aengecomen
1505 734 1703 781 sijnde
1735 733 1801 778 op
1834 733 2294 783 derselverstont
2327 737 2558 785 volgens
2590 732 2757 784 Ordre

950 855 1012 906 82
1039 846 1302 899 arracanse
1331 844 1448 891 bood
1476 839 1767 890 tsgesellen
1796 837 2058 884 naerlandt
2086 836 2377 884 largeerde,
2405 834 2523 880 omme
2551 834 2610 880 d'
2637 830 2902 879 Coopmansz

958 953 1143 1005 vanden
1172 946 1509 996 Aracanschen
1539 944 1753 991 Nachoda
1782 942 1875 989 die
1906 942 1998 987 hem
2028 942 2150 987 door
2181 940 2395 987 Maleije
2425 940 2517 986 tot
2547 940 2853 986 Betaelinge
2882 941 2916 990 —

942 1067 1056 1118 over
1082 1062 1195 1110 sijn
1221 1057 1526 1108 achterwesen
1553 1056 1776 1103 geleverd
1803 1055 1831 1101 t
1859 1054 2053 1100 waeren,
2081 1053 2164 1099 van
2191 1051 2330 1097 landt
2357 1049 2468 1096 naer
2495 1047 2635 1094 Boort
2662 1046 2718 1092 te
2745 1047 2944 1099 brengen

941 1177 1097 1230 sulcx
1128 1177 1220 1222 des
1249 1172 1466 1222 anderen
1495 1167 1681 1216 daeghs
1711 1164 1927 1211 gemelte
1955 1162 2233 1212 Coopmansz
2263 1157 2478 1206 bestaen
2509 1157 2571 1203 in
2599 1156 2693 1203 248
2722 1150 2908 1201 packen
2938 1146 2970 1194 —

938 1294 1171 1352 toebacq
1203 1290 1302 1339 252
1332 1285 1432 1333 stx
1461 1274 1823 1330 sappanhoudt
1855 1274 1922 1323 en
1953 1279 2019 1324 40
2051 1277 2248 1325 baelen
2277 1269 2508 1320 Cattoen
2541 1262 2867 1314 mitsgaders
2898 1262 2935 1310 —

923 1413 1015 1464 den
1043 1402 1401 1457 voorschreven
1431 1399 1639 1446 sachoda
1668 1393 2115 1443 g'accompagjeert
2144 1391 2234 1438 met
2263 1388 2382 1436 noch
2411 1386 2501 1432 een
2530 1381 2679 1430 ander
2709 1380 2888 1426 nevens
2917 1380 2947 1425 —

944 1529 1201 1596 Colandia
1231 1522 1451 1574 dienaer
1482 1520 1576 1566 van
1606 1515 1827 1564 maleije
1858 1508 2265 1560 medebrengende
2295 1505 2485 1552 eenige
2515 1491 2860 1548 Verversinge

2904 1490 2951 1537 „

941 1657 1043 1706 aen
1074 1646 1278 1700 boordt
1311 1638 1646 1689 bequaemen,
1677 1631 1948 1681 biedende
1979 1626 2249 1674 gemelten
2283 1623 2518 1671 Nachoda
2551 1620 2652 1667 ter
2683 1612 2989 1663 Instantie

953 1771 1038 1820 van
1063 1764 1289 1818 Maleije,
1316 1764 1401 1811 den
1428 1758 1763 1808 ondercoopman
1789 1754 2070 1802 Qualbergen
2097 1752 2210 1798 sich
2237 1749 2321 1796 aen
2348 1745 2489 1793 landt
2516 1738 2740 1789 geliefde
2766 1733 2825 1783 te

934 1885 1189 1941 vervougen,
1213 1880 1316 1929 omme
1339 1876 1417 1924 met
1441 1874 1518 1921 den
1542 1872 1695 1919 selven
1719 1867 1847 1916 wegen
1872 1866 1923 1912 d'
1947 1864 2176 1911 voordesen
2200 1860 2379 1909 geresen
2402 1848 2707 1903 oneenicheden
2731 1839 2935 1892 tusschen
2959 1838 2985 1884 —

915 1997 1018 2051 hem
1049 1992 1182 2040 ende
1215 1992 1282 2038 d'
1312 1988 1348 2035 E
1380 1980 1678 2031 Compagnie
1711 1976 1843 2025 eens
1876 1975 1942 2020 te
1974 1973 2306 2022 spreecken,
2337 1966 2570 2019 gevende
2602 1951 2835 2010 daerbij
2863 1945 2938 1992 te

930 2104 1098 2152 kennen
1125 2102 1182 2148 d'
1209 2100 1405 2147 begaene
1433 2098 1601 2144 fauten
1628 2095 1741 2142 ende
1767 2090 1992 2138 abuijsen
2019 2091 2216 2138 alsdoen
2242 2091 2550 2140 aengerecht,
2578 2089 2634 2136 nu
2661 2084 2747 2133 bij
2771 2075 2830 2126 d'
2856 2072 2885 2119 E

936 2224 1225 2285 Compagnie
1256 2220 1543 2270 wederomme
1574 2217 1894 2264 aengenomen
1924 2209 2243 2261 weerdende,
2275 2208 2339 2254 en
2370 2201 2530 2252 aller
2560 2194 2721 2245 wegen
2751 2175 2913 2239 soude

928 2355 1134 2415 soecken
1160 2350 1220 2398 te
1248 2343 1539 2393 repareren,
1566 2340 1712 2388 tende
1740 2335 1828 2384 van
1856 2334 1944 2380 hem
1971 2331 2089 2378 noyt
2117 2322 2465 2375 diergelijcke
2493 2315 2813 2367 meergedaght

918 2484 1134 2536 werden,
1164 2478 1319 2528 welcq
1349 2475 1595 2524 versoeck
1625 2470 1873 2520 gemelten
1902 2465 2241 2514 qualbergen,
2272 2461 2518 2510 vermidts
2545 2457 2672 2506 geen
2702 2450 2918 2501 d'minst

943 2605 1081 2655 ordre
1108 2600 1300 2649 daertoe
1327 2597 1493 2644 hadde,
1516 2592 1823 2641 excuseerde,
1849 2592 1960 2638 ende
1988 2590 2125 2637 sijne
2152 2582 2538 2635 geprojecteerde
2565 2579 2703 2626 reijs
2729 2574 2895 2623 verder

928 2722 1148 2774 willende
1176 2716 1506 2767 bevoorderen,
1533 2715 1754 2763 versoght
1781 2711 2029 2758 derhalven
2055 2711 2139 2756 van
2166 2707 2332 2755 sijnen
2358 2702 2469 2751 wege
2496 2698 2579 2746 den
2606 2694 2717 2742 voor
2743 2683 3077 2738 gementioneer

920 2848 1070 2903 brief
1096 2842 1274 2891 aenden
1304 2838 1597 2887 Gouverneur
1626 2835 1773 2882 Onder
1800 2831 1920 2880 sijn
1948 2829 2183 2876 Couverto
2213 2820 2447 2874 geliefde
2476 2818 2682 2865 telaten
2711 2816 3004 2864 voortgaen,

933 2977 994 3025 op
1020 2969 1142 3019 (dat
1172 2964 1291 3014 sijn
1320 2963 1381 3009 E.
1409 2960 1559 3010 sijne
1588 2956 1738 3005 goede
1767 2954 2036 3000 meijninge
2065 2953 2304 3001 sncorten
2331 2945 2631 2996 tmedemocht
2660 2941 2841 2989 bekent

902 3096 1147 3153 werden,
1178 3089 1494 3140 luijdende
1528 3084 1946 3135 meergemelten
1978 3083 2155 3132 Brief
2185 3086 2327 3133 naer
2361 3085 2674 3132 Translaet
2708 3080 2883 3131 Vande

892 3221 1263 3308 Portugesche
1296 3218 1431 3266 onde
1464 3212 1936 3262 reederlandsche
1968 3211 2137 3259 taele
2171 3210 2272 3257 van
2304 3208 2507 3255 woorde
2540 3207 2810 3254 tewoorde
2842 3203 2945 3251 als

909 3353 1182 3416 volght./

1363 3497 1620 3557 Translaet
1647 3497 1732 3543 van
1760 3492 1958 3541 missive
1986 3492 2100 3538 door
2126 3492 2354 3541 Merleije
2381 3494 2580 3541 Chittij
2608 3492 2693 3539 aen
2719 3482 3034 3537 Gouverneurs

1231 3523 1271 3571 ƒ

1401 3578 1580 3637 Arnoed
1609 3571 1816 3623 Heussen
1843 3565 2140 3614 geschreven

892 3763 1010 3820 Wede
1035 3759 1153 3806 Godt
1180 3757 1267 3804 dat
1294 3754 1353 3801 uE
1379 3748 1496 3798 dese
1523 3746 1666 3792 moght
1694 3743 1896 3791 krijgen
1920 3742 2010 3791 met
2037 3742 2266 3788 volcomen
2295 3737 2609 3787 gesontheijt
2636 3733 2752 3780 ende
2780 3732 2925 3779 leven

918 3860 1008 3914 Ick
1036 3853 1207 3903 blijve
1234 3846 1464 3898 bereijdt
1492 3845 1578 3891 ten
1606 3842 1806 3889 dienste
1834 3841 1920 3887 van
1947 3839 2092 3886 alles
2120 3838 2206 3885 dat
2234 3836 2263 3882 u
2288 3833 2349 3881 E:
2377 3829 2548 3879 mijsal
2577 3827 2808 3875 belasten

955 4017 1147 4073 Hierde
1177 4010 1494 4062 aengecomen
1525 4007 1621 4055 een
1651 4004 1811 4051 schip
1841 4001 1937 4048 van
1968 4000 2317 4046 Palliacatta
2348 3998 2412 4044 en
2443 3995 2602 4042 heeft
2633 3989 2918 4040 Ingenomen
2948 3986 2981 4032 —

877 4111 1115 4171 toebacq,
1139 4101 1350 4154 Cattoen
1379 4098 1498 4145 ende
1527 4098 1616 4144 sap
1645 4092 1881 4141 vanhoudt
1910 4091 2028 4137 voor
2056 4090 2147 4136 den
2175 4085 2383 4134 Nachoda
2410 4081 2501 4128 van
2530 4077 2766 4125 Arraccan
2793 4075 2883 4123 aen
2913 4073 2945 4120 —

1346 4138 1508 4186 „

940 4207 1079 4259 welcq
1106 4202 1245 4251 schip
1270 4195 1355 4245 ick
1381 4193 1493 4239 mijn
1521 4192 1659 4238 Voecq
1686 4187 1908 4237 gebonden
1934 4183 2101 4231 hebbe,
2128 4180 2239 4227 onme
2265 4178 2322 4225 te
2350 4177 2488 4224 weten
2515 4176 2543 4221 s
2570 4170 2848 4220 gesentheyt
2872 4165 2957 4212 van
2985 4162 3069 4210 die

0 702 248 752 nemen

0 820 89 866 985

0 919 64 967 en

0 1479 157 1525 ij

0 1910 210 1956 nder

0 2021 238 2076 oudraedt

115 2243 226 2289 eur

0 2727 81 2774 ieter

0 2964 239 3012 lijck

0 3748 239 3794 peen

0 3835 230 3889 paele
