3614 4780
2054 254 2384 313 April

2691 602 2865 651 810

609 482 743 531 Aen
786 483 1051 532 d'Eele
1094 481 1228 527 hen
1271 480 1492 529 Raeck
1536 484 1625 529 en
1668 476 1893 528 drite

850 813 950 859 ten
982 813 1083 859 ten
1115 810 1250 858 dele
1279 797 1649 855 geteeckende
1682 792 2016 842 Intormatie
2046 776 2482 835 affgevordert,
2514 775 2615 821 die
2648 774 2781 820 uEd:
2813 772 2923 821 bij

872 914 1048 967 desen
1082 907 1258 956 Staen
1291 904 1399 952 toe
1433 902 1504 949 te
1538 897 1750 947 comen,
1784 895 1890 942 met
1925 889 2277 940 vertrouwen
2310 884 2487 932 uEEd:
2522 880 2663 928 naer
2697 878 2804 927 hun

884 1025 1085 1076 gewone
1118 1013 1418 1069 discretie
1451 1010 1618 1059 alles
1651 1008 1752 1054 ten
1784 1008 1951 1055 goede
1984 1004 2184 1053 sullen
2217 997 2484 1048 gelieven
2517 996 2585 1042 te
2614 990 2884 1043 duijden,

886 1139 1024 1189 ende
1055 1131 1160 1182 tot
1192 1122 1467 1173 volcomen
1499 1117 1875 1168 ontlastinge
1908 1116 2012 1162 van
2046 1112 2319 1161 gemelten
2352 1111 2455 1159 S=r
2488 1110 2625 1158 Pit,
2659 1109 2761 1155 als
2795 1108 2910 1157 den

886 1235 1309 1306 Eerwaerdiger
1343 1225 1590 1278 Abraham
1624 1218 1907 1268 Tierens,
1942 1217 2048 1265 aen
2082 1218 2154 1265 te
2189 1221 2400 1267 nemen,
2436 1213 2929 1267 d'overgemaekte

878 1389 921 1441 9
948 1372 1047 1424 5/8
1074 1365 1111 1413 r
1139 1358 1207 1408 o.
1238 1351 1368 1401 ofte
1400 1349 1432 1394 ƒ
1462 1338 1690 1394 242„11„
1721 1336 1787 1382 6.
1815 1332 1916 1381 tet
1948 1328 2206 1377 behouven
2238 1327 2335 1373 den
2367 1323 2529 1372 Wesen
2560 1321 2659 1367 van
2690 1322 2884 1371 Louijs

882 1490 953 1541 de
982 1469 1287 1532 Possonghr
1318 1455 1521 1512 sullen
1552 1445 1755 1498 alhier
1788 1436 2057 1489 voldaen,
2089 1434 2157 1480 en
2190 1429 2325 1478 daer
2358 1427 2527 1474 voren
2559 1430 2626 1475 't
2658 1427 2928 1475 Comptoir

893 1579 1086 1631 Geurl
1118 1570 1240 1623 van
1277 1559 1470 1614 India
1507 1544 1932 1602 gedebeteert
1969 1543 2202 1590 werden
2238 1539 2317 1586 /.

733 1747 854 1798 een
887 1735 1050 1795 Jmme
1087 1722 1247 1776 vEd:
1284 1699 1681 1765 d'eijschte
1719 1692 2274 1745 Aucthentijcque
2313 1691 2552 1740 Copien
2590 1696 2711 1744 van
2747 1692 2906 1747 twee

875 1834 1171 1894 diversche
1200 1819 1498 1878 verleende
1528 1806 1859 1864 Paspoorten
1890 1805 1989 1852 aen
2022 1802 2153 1850 Hans
2184 1795 2513 1846 Jeuriaensz
2546 1793 2874 1840 kerckbach,

896 1940 1175 2007 Jonghst
1212 1926 1529 1983 getrouwt
1566 1917 1845 1971 geweest
1881 1912 2003 1961 met
2042 1911 2279 1960 Joffr.
2312 1906 2594 1960 Anneken
2630 1895 2872 1950 Harde„

899 2055 1116 2119 wijns,
1151 2048 1258 2099 H„r
1291 2036 1435 2091 dees
1465 2019 1717 2079 Occasie
1751 2018 1858 2066 toe
1892 2016 1964 2062 te
1998 2008 2317 2060 Schicken,
2353 2006 2565 2054 hebben
2600 2007 2713 2053 aen

892 2169 967 2220 d'
997 2135 1466 2212 Expercoorld:e
1500 2126 1645 2179 S„rs
1676 2120 1893 2169 Pieter
1928 2116 2143 2164 Sijme,
2176 2113 2250 2160 en
2285 2107 2465 2157 Iacob
2498 2101 2714 2153 Iunius
2750 2101 2929 2148 ordre

901 2257 1145 2319 gegeven,
1173 2244 1449 2301 oversulcx
1478 2236 1601 2289 niet
1631 2233 1692 2280 en
1722 2227 1996 2278 twijffele
2026 2225 2088 2271 d'
2116 2218 2331 2270 helven,
2360 2215 2452 2262 soo
2483 2214 2544 2260 d'
2573 2208 2885 2259 Eriginelen

894 2370 1078 2431 onder
1112 2355 1402 2412 genoemde
1438 2346 1619 2400 Joff.
1653 2342 1691 2389 e
1721 2324 2087 2386 Hardewijns
2123 2314 2484 2368 berustende
2519 2310 2700 2360 sijn,
2734 2303 2881 2353 uEd:

904 2464 1158 2523 gewerden
1186 2444 1441 2506 hullen/.

871 2607 941 2656 Is
973 2601 1077 2649 mij
1108 2582 1483 2644 sonderlinge
1515 2565 1720 2625 lieff,
1750 2559 1821 2608 en
1853 2558 1957 2607 een
1988 2555 2193 2602 gansch
2226 2550 2533 2600 aengename
2566 2550 2842 2600 tijdinge

890 2713 1122 2771 geweest
1154 2710 1221 2758 te
1253 2699 1551 2753 verstaen,
1579 2691 1649 2741 d'
1679 2672 2077 2733 voorIaersche
2110 2665 2275 2715 vlote
2306 2660 2440 2708 uijt
2469 2658 2539 2707 't
2571 2656 2769 2703 Patria
2801 2655 2968 2705 onder

908 2827 979 2876 's
1010 2813 1285 2871 Commando
1315 2799 1523 2855 vanden
1556 2794 1626 2842 E.
1658 2790 1728 2838 H.
1762 2789 1796 2834 r
1828 2782 2001 2834 Carel
2032 2773 2307 2826 Reniers.
2332 2757 2613 2817 (excepto
2647 2755 2716 2801 't
2749 2749 2930 2800 Jacht

910 2914 946 2960 1
976 2911 1084 2962 Zas
1117 2906 1223 2955 van
1257 2898 1467 2950 Gendt)
1497 2884 1709 2939 costij
1740 2881 1847 2928 wel
1881 2869 2195 2926 aengeland
2227 2863 2369 2914 was,
2402 2858 2508 2906 den
2542 2855 2855 2903 Expersten

875 3014 1146 3081 Pijloodt
1177 3007 1279 3057 wil
1310 2990 1578 3050 genoemde
1608 2983 1778 3034 Iacht
1808 2978 1878 3027 in
1910 2970 2111 3021 corten
2142 2960 2277 3012 mede
2310 2956 2576 3004 behouden
2609 2954 2911 3003 derwaerts

909 3113 1222 3178 geleijden,
1251 3102 1469 3156 vorders
1500 3091 1687 3146 sijnen
1716 3078 1935 3134 zeghen,
1964 3071 2089 3121 ende
2118 3061 2368 3116 geleijde
2398 3055 2523 3105 over
2554 3055 2616 3101 d'
2646 3055 2896 3110 gedesti„

907 3231 1123 3286 neerde
1158 3219 1374 3275 Retour
1407 3208 1588 3262 vlote
1620 3198 1766 3251 naer
1800 3192 1873 3241 't
1905 3178 2123 3234 Patria
2157 3173 2230 3222 te
2264 3166 2624 3217 verlenen/.

853 3368 960 3419 oor
994 3365 1065 3413 d'
1097 3346 1448 3407 Honorabile
1480 3330 1831 3390 qualiteijt
1866 3328 1971 3375 van
2004 3310 2494 3373 Extraordinaris
2529 3309 2703 3354 Raedt
2738 3304 2843 3354 van

937 3473 1148 3532 India,
1180 3457 1390 3515 nevens
1420 3449 1528 3500 een
1560 3430 1910 3493 tractement
1942 3424 2048 3472 van
2080 3420 2117 3466 ƒ
2150 3414 2291 3464 250.
2323 3409 2429 3458 p„r
2461 3402 2707 3453 maendt,
2740 3403 2810 3452 op

890 3579 1039 3633 mijn
1073 3553 1478 3622 aenbiedinge
1512 3546 1624 3595 van
1657 3534 1843 3589 Nieuw
1877 3515 2172 3577 verbandt
2208 3508 2391 3558 onder
2424 3499 2684 3552 meerder
2720 3496 2943 3546 quali„

898 3681 1085 3737 teijt,
1114 3674 1208 3724 aen
1235 3665 1330 3716 mij
1358 3640 1727 3707 g'offereert,
1755 3629 1941 3684 blijve
1970 3624 2064 3673 aen
2092 3615 2217 3667 VEd:
2245 3609 2339 3658 met
2369 3602 2492 3652 alle
2521 3574 2828 3646 behoorlijn

890 3765 1357 3844 danckbaekheijt
1385 3740 1851 3807 verschuldicht,
1883 3726 2215 3784 dienvolgen
2245 3718 2346 3769 dan
2377 3706 2544 3761 oocq,
2577 3702 2676 3749 ome
2708 3700 2841 3747 mijn

900 3882 1195 3943 geduerige
1223 3853 1649 3924 genegentheijt
1680 3848 1779 3897 tot
1810 3846 1876 3892 d'
1907 3843 1973 3890 E.
2004 3833 2201 3887 Comp=s
2233 3820 2526 3876 waerdigen
2556 3813 2785 3864 dienst,
2814 3806 2917 3858 die

895 3976 1198 4041 doorgaens
1229 3964 1431 4019 gehadt
1464 3954 1665 4007 hebbe,
1697 3946 1866 3997 weten
1898 3944 1999 3991 een
2032 3936 2266 3991 sperigh
2297 3932 2366 3980 en
2399 3927 2634 3977 getrouw
2666 3925 2901 3972 dienaer

2487 4098 2653 4154 noijt
2682 4096 2850 4145 VEEd:

131 1002 231 1049 r

12 1215 35 1260 o

137 1441 233 1488 die

175 1327 247 1374 licker

0 1552 112 1598 staet

133 1936 221 1990 taen

136 2034 249 2081 ham

0 2160 71 2205 ke

142 3643 236 3688 niet
