3567 4883
1244 779 1786 833 resterende,
1824 787 2028 837 ende
2076 786 2468 834 weijnige
2515 780 2959 831 getrocken
3006 778 3399 827 coopman¬

1251 918 1664 975 „schappen
1707 907 2122 962 derwaerts
2168 906 2260 952 t'
2305 906 2580 952 eerder
2623 896 2947 951 schoodt
2992 892 3084 940 te
3129 891 3314 938 doen

1283 1038 1589 1090 nemen,
1638 1028 1843 1082 ende
1892 1020 2149 1072 alsoo
2199 1020 2353 1069 den
2403 1011 2709 1066 handel
2760 999 3118 1054 Buijten

1269 1144 1985 1213 verachteringhe
2033 1146 2136 1192 te
2183 1131 2542 1190 houden)
2592 1126 2695 1175 te
2745 1113 3153 1170 langeren

1263 1300 1475 1356 jtem
1525 1286 1738 1342 wadt
1788 1260 2422 1327 quantiteijdt
2473 1240 3264 1305 coopmanschappen

1258 1424 1397 1478 dat
1439 1415 1577 1466 men
1620 1404 1758 1457 soo
1801 1397 1938 1447 van
1982 1398 2028 1443 t
2072 1397 2208 1444 een
2253 1397 2389 1443 als
2433 1389 2705 1443 tander
2749 1386 2886 1433 tot
2930 1376 3338 1430 cargasoen

1263 1548 1488 1604 voor
1539 1526 1931 1591 Batavia
1983 1512 2208 1568 uijt
2263 1510 2708 1558 maecken,
2762 1510 2985 1559 indt
3038 1506 3317 1556 schip

1260 1679 1408 1731 den
1448 1670 1651 1722 haan
1696 1658 2140 1714 cargeren,
2186 1651 2384 1702 ende
2432 1636 3171 1698 d'opperhooftden

1259 1796 1644 1856 desselffs
1684 1787 1815 1838 tot
1854 1766 2326 1829 regulemendt
2368 1764 2539 1810 ende
2581 1760 2795 1809 ordre
2837 1759 2923 1805 op
2964 1758 3051 1805 d'
3090 1753 3349 1802 reijs,

1264 1920 1690 1981 belasten,
1734 1907 1880 1964 van
1924 1887 2351 1948 gelijcken
2396 1882 2540 1932 hoe
2585 1876 2777 1926 veel
2823 1865 3250 1919 contanten

1264 2057 1383 2106 dat
1420 2050 1540 2101 men
1578 2045 1736 2093 naer
1774 2040 1854 2087 d'
1892 2026 2166 2082 suijder
2206 2017 2598 2071 quartieren
2637 2017 2717 2062 p.
2754 2017 2834 2064 r.
2870 2010 3030 2061 voor
3067 2003 3386 2054 aengetog

1255 2176 1494 2231 jacht
1540 2161 2108 2220 grijpskercke
2144 2153 2297 2205 alf
2343 2141 2721 2196 steecken
2767 2135 2957 2185 ende
2995 2124 3335 2179 wanneer

1261 2309 1393 2358 men
1436 2300 1569 2352 soo
1612 2292 1833 2343 d'een
1875 2289 2009 2336 als
2044 2282 2141 2334 d'
2185 2279 2405 2325 ander
2443 2271 2626 2324 haer
2668 2251 3242 2315 gedestineerde

1234 2433 1486 2486 reijse
1527 2427 1696 2477 doen
1737 2410 2115 2471 voorderen
2156 2407 2367 2454 sall,
2408 2407 2450 2453 t
2491 2396 2996 2452 voorschreven
3035 2388 3163 2439 van
3202 2383 3373 2433 sijn

1248 2576 1329 2624 E:
1364 2561 1527 2617 medt
1564 2549 1767 2604 goede
1806 2537 2166 2594 voordacht
2205 2526 2645 2582 overleijdt,
2685 2521 2805 2570 ene
2843 2498 3408 2564 geconsidireert

1239 2693 1517 2758 sijnde
1560 2686 1698 2739 hoe
1743 2678 2017 2730 nodich
2061 2672 2199 2724 wij
2243 2663 2381 2714 van
2423 2639 2973 2706 quantiteijdt
3018 2633 3291 2682 slaven

1243 2830 1656 2893 oudtlast,
1698 2818 1885 2873 ende
1929 2811 2114 2863 haer
2156 2790 2525 2853 gedachte
2570 2783 2800 2832 Ed„ts
2844 2757 3302 2822 tijdelijck

1251 2971 1441 3026 daer
1485 2961 1627 3013 van
1671 2955 1813 3005 als
1857 2941 2186 3000 partije
2229 2927 2652 2985 dienstige
2698 2905 3211 2971 sorteringhe
3257 2898 3398 2950 van

1243 3083 1595 3150 cleeden
1639 3058 2193 3125 lijnwaeten,
2219 3040 2541 3099 jndigo
2589 3020 3139 3084 rochevellen
3175 3010 3289 3063 e.

1230 3207 1597 3275 behooren
1640 3193 2005 3249 gedient,
2049 3183 2233 3237 ende
2276 3179 2369 3226 d'
2413 3161 2733 3222 suijder
2773 3145 3232 3204 quartieren

1232 3340 1430 3401 omme
1476 3332 1622 3382 den
1666 3317 1959 3375 handel
2005 3302 2440 3360 derwaerts
2487 3296 2585 3346 in
2627 3285 2921 3341 vigeur
2965 3263 3355 3328 t'houden

1239 3469 1388 3524 van
1435 3448 1873 3512 contanten
1921 3430 2505 3493 gesecundeert
2552 3424 2651 3472 te
2697 3414 2942 3467 sijn,
2971 3407 3088 3456 is
3129 3401 3282 3450 een

1234 3585 1649 3650 stemmigh
1698 3572 1906 3629 goet
1955 3553 2368 3615 gevonden
2418 3546 2625 3597 ende
2675 3538 3347 3590 g'arresteert,

1233 3719 1391 3774 dat
1440 3708 1599 3762 men
1648 3697 1807 3752 int
1857 3687 2066 3740 meer
2118 3676 2483 3732 gemelte
2527 3669 2794 3720 schip
2843 3661 3002 3712 den
3051 3658 3265 3707 haen

1233 3835 1387 3887 een
1435 3813 2089 3879 cargasoentgen
2136 3801 2590 3856 bestaende
2639 3793 2841 3844 uijt
2891 3790 3042 3837 437
3089 3774 3392 3831 packen

1209 3966 1621 4029 diversche
1664 3937 2167 4008 sorteringhe
2210 3928 2348 3979 van
2392 3918 2758 3971 cleeden,
2802 3916 2894 3963 en
2940 3890 3396 3959 lijnwaeten

1210 4119 1394 4169 2022
1433 4108 1530 4162 lb
1574 4099 1895 4151 indigo,
1939 4089 2169 4144 13200
2212 4082 2351 4133 stx
2393 4068 2899 4126 rochevellen
2943 4063 3127 4112 2128
3165 4040 3307 4107 pca

1212 4237 1736 4307 caijspatams
1782 4227 2020 4281 stael
2066 4220 2258 4272 1006
2303 4218 2400 4265 lb
2447 4199 2921 4261 Buscruijdt
2966 4192 3064 4243 32
3108 4184 3253 4234 stx
3297 4185 3352 4238 1

1225 4358 1760 4432 martavanen,
1806 4352 2001 4401 ende
2047 4345 2194 4396 450
2240 4337 2387 4389 stx
2435 4326 2774 4380 slaven,
2819 4321 3015 4371 ende
3062 4317 3402 4366 slavint

2834 4497 3252 4563 t'samen
