3567 4801
2688 510 2858 564 905

352 544 903 644 Decembr.
970 535 1178 585 Ao.
1246 516 1522 577 1645

906 701 969 753 in
995 687 1263 744 haerlandt
1291 682 1469 731 hadden
1498 680 1587 727 wij
1616 680 1704 726 die
1733 678 1851 725 niet
1881 678 2028 724 eygen
2057 678 2294 725 middelen
2322 680 2469 726 tegen
2499 681 2616 728 haer
2646 682 2852 729 gewelst

913 795 1086 853 voord'
1115 788 1258 840 Mags.
1284 786 1314 832 t
1342 779 1656 831 beschermden
1684 775 1912 824 probeert
1940 775 2140 822 genough
2168 776 2283 822 onse
2311 775 2710 822 getrouwicheijt
2737 768 2910 820 tegens

908 900 958 949 d'
979 893 1097 943 Mags.
1119 891 1166 937 re
1187 886 1282 934 niet
1304 883 1351 930 en
1374 881 1514 927 hebben
1536 876 1722 925 gedenckt
1744 871 2000 920 d'proffyten
2022 869 2070 916 en
2093 867 2325 914 onderhoudt
2348 867 2418 912 die
2441 866 2511 912 dit
2533 865 2649 911 landt
2671 864 2742 911 soo
2765 864 2835 909 met

903 997 975 1048 s'r
994 985 1202 1040 Joncannen
1224 983 1293 1030 als
1314 980 1430 1028 aller
1451 975 1635 1024 menschen
1657 972 1862 1019 erneringe
1885 968 2136 1017 aenbrengen,
2158 967 2227 1013 soo
2250 965 2296 1012 en
2317 963 2455 1010 sullen
2477 962 2569 1008 geen
2591 959 2729 1006 andere
2749 954 2934 1002 plaetsen

914 1087 1194 1152 ontbreecken
1217 1081 1320 1131 onse
1344 1076 1496 1125 gelden
1519 1074 1571 1121 te
1596 1067 1823 1118 besteden,
1848 1066 1949 1111 ende
1974 1064 2126 1111 handel
2151 1064 2202 1110 te
2226 1061 2428 1108 drijven,
2452 1058 2554 1105 maer
2578 1057 2630 1103 om
2653 1052 2731 1100 dat
2753 1048 2831 1096 wij
2855 1045 2957 1092 hier

902 1211 975 1260 soo
994 1202 1116 1253 lange
1139 1199 1188 1246 in
1208 1193 1282 1242 des
1304 1188 1496 1237 maijs.ts
1515 1179 1662 1233 landen
1684 1169 1852 1223 geseten
1873 1165 2041 1213 hebben,
2062 1163 2159 1213 ende
2182 1161 2254 1207 ons
2277 1160 2349 1206 een
2370 1157 2539 1205 Chittij
2561 1155 2634 1203 soo
2656 1150 2753 1199 veel
2773 1142 2942 1194 quaedts

895 1311 1055 1368 soeckt
1077 1305 1133 1353 te
1156 1290 1367 1348 brauwen,
1391 1287 1471 1334 soo
1494 1283 1549 1330 en
1573 1275 1732 1326 sullen
1755 1269 1888 1318 alhoe
1913 1268 1992 1314 wel
2018 1267 2122 1313 hier
2147 1264 2253 1312 geen
2278 1261 2461 1308 Negotie
2486 1255 2670 1304 hebben,
2694 1251 2800 1299 dese
2824 1242 2983 1294 plaets

908 1428 963 1478 al
984 1413 1143 1470 soudet
1166 1403 1323 1457 haeren
1346 1398 1503 1447 dueken
1527 1396 1580 1443 om
1603 1392 1657 1439 de
1681 1388 1786 1436 Eere
1811 1385 1889 1432 Van
1912 1382 2018 1430 onse
2042 1378 2198 1426 Heeren
2222 1372 2430 1421 meesters
2454 1370 2558 1417 niet
2583 1366 2790 1415 verlaten

2865 1364 2943 1411 „

908 1537 1005 1589 maer
1024 1521 1261 1581 desenderen
1283 1517 1354 1565 tot
1375 1513 1448 1561 dat
1470 1512 1518 1558 8'
1540 1508 1658 1556 majs.
1678 1506 1705 1552 t
1727 1502 1798 1549 ons
1820 1496 1938 1545 sijne
1958 1491 2054 1539 liff
2076 1488 2125 1536 de
2145 1483 2381 1532 bethoondt,
2404 1481 2475 1527 soo
2497 1479 2545 1525 d'
2567 1476 2685 1524 mays.
2707 1475 2732 1520 t
2754 1471 2898 1519 presem

913 1658 983 1705 ons
1003 1651 1121 1701 goets
1140 1642 1258 1694 recht
1278 1632 1440 1686 belieft
1461 1619 1737 1675 t'oordeelen,
1760 1616 1852 1664 ende
1874 1613 1966 1661 onse
1988 1604 2172 1657 goederen
2193 1601 2241 1648 te
2262 1598 2355 1645 doen
2378 1591 2653 1643 restitueren,
2674 1588 2722 1634 de
2742 1581 2882 1631 landen
2904 1578 2951 1625 en

897 1766 1055 1825 handel
1079 1760 1182 1810 open
1205 1756 1258 1804 te
1281 1745 1461 1799 stellen
1484 1741 1537 1788 en
1561 1739 1639 1786 als
1661 1735 1766 1783 voor
1789 1728 1918 1778 desen
1942 1720 2121 1772 vrijdom
2145 1713 2401 1764 Verleenen,
2422 1709 2502 1759 soo
2526 1704 2679 1753 sullen
2704 1699 2832 1749 onsen
2856 1687 3011 1742 handel

909 1886 996 1939 tot
1018 1869 1242 1928 proffijt
1267 1863 1378 1913 vant
1404 1857 1570 1907 Eijcke
1596 1845 1953 1901 wederbeginnen
1979 1839 2145 1889 andere
2171 1829 2364 1882 saecken
2391 1826 2501 1874 alle
2527 1822 2611 1871 saa
2636 1813 2858 1866 mahamado

868 1994 973 2050 Rasa
993 1987 1048 2036 8'
1071 1979 1224 2031 mays:t
1246 1967 1500 2022 vertellen,
1523 1963 1626 2012 ende
1650 1958 1727 2007 soo
1751 1951 1928 2002 eenigen
1952 1946 2104 1995 dienst
2127 1940 2281 1991 Cunnen
2304 1936 2406 1984 doen
2430 1931 2558 1981 heeft
2580 1927 2633 1974 te
2657 1917 2892 1971 schrijven

697 2165 752 2214 An
768 2153 825 2205 6.
846 2148 875 2195 e
897 2143 950 2191 d.
974 2141 1001 2186 o
1023 2128 1176 2184 become
1199 2121 1327 2172 novos
1350 2115 1453 2165 uijt
1475 2106 1628 2158 delair
1651 2101 1729 2150 hoe
1752 2097 1829 2145 den
1853 2090 2030 2142 Coninck
2054 2084 2257 2134 oordeelt
2280 2081 2332 2128 d'
2357 2075 2583 2125 Nleijcken
2607 2061 2935 2120 gesamentlijck

913 2246 994 2298 tot
1015 2225 1277 2289 Inwillinge
1299 2220 1380 2268 der
1403 2216 1457 2264 C:
1482 2208 1740 2260 ontributie
1766 2206 1869 2253 niet
1894 2199 2050 2250 willen
2075 2192 2308 2244 verstaen,
2332 2187 2437 2236 uijt
2460 2177 2720 2230 oorsaeckke
2746 2175 2824 2223 sij

918 2357 1002 2410 van
1024 2348 1108 2401 der
1131 2335 1267 2390 mags.
1291 2334 1346 2382 ts
1371 2328 1532 2380 trouwe
1556 2319 1717 2372 gansch
1742 2301 2116 2363 difficueteren—

908 2481 1239 2550 d'eijcken
1274 2473 1384 2524 van
1419 2457 1748 2517 Ganjouwer
1781 2448 1930 2500 ende
1965 2436 2148 2490 madre
2182 2424 2403 2479 hebben
2438 2418 2548 2466 den
2581 2399 2839 2461 Coninck

899 2599 976 2650 van
998 2590 1221 2643 visiapour
1243 2576 1490 2634 geschreven
1511 2566 1661 2619 Indien
1683 2560 1759 2609 hun
1781 2555 1906 2604 wilde
1928 2544 2200 2598 adsisteren,
2223 2539 2322 2588 ende
2345 2525 2616 2583 mustafschan
2638 2522 2738 2569 naer
2760 2517 2919 2566 velour

894 2697 1106 2760 afsenden,
1126 2690 1222 2740 ende
1243 2683 1362 2734 sulcx
1382 2678 1431 2727 in
1452 2671 1570 2721 alles
1593 2669 1640 2716 op
1661 2664 1756 2712 haer
1777 2658 1895 2707 sijde
1918 2653 2058 2703 wteben
2081 2650 2152 2697 siy
2172 2644 2268 2693 soud
2289 2641 2337 2688 en
2358 2636 2430 2684 hem
2452 2633 2500 2680 in
2521 2624 2686 2676 plaetse
2705 2619 2778 2667 van
2799 2616 2848 2664 3o
2869 2612 2965 2660 lacq

897 2817 980 2872 die
1002 2810 1082 2859 den
1104 2793 1416 2855 Carnatischen
1439 2781 1622 2836 belooft
1645 2771 1776 2824 hadde
1800 2760 2059 2815 viergeven,
2084 2759 2136 2805 en
2160 2749 2316 2803 voord'
2340 2746 2394 2793 60
2418 2735 2677 2790 oliphanten
2699 2730 2754 2778 80
2777 2717 2959 2773 beloven

896 2926 976 2977 soo
997 2913 1127 2968 haest
1150 2909 1202 2956 't
1226 2902 1354 2953 leger
1377 2893 1531 2945 voor't
1554 2880 1809 2937 verbooschn
1832 2876 1910 2924 van
1934 2869 2087 2920 Velour
2111 2864 2188 2912 was
2211 2855 2391 2908 gecomen
2413 2853 2441 2899 b
2465 2848 2568 2896 lacq
2590 2842 2643 2891 te
2665 2831 2845 2886 tellen—

901 3031 1011 3083 ende
1034 3027 1090 3074 s'
1113 3018 1249 3072 rest,
1273 3012 1382 3063 naer
1406 2998 1620 3055 gedaenen
1645 2988 1859 3042 Golloogh
1884 2983 1992 3032 ende
2017 2973 2284 3026 overwunige
2309 2966 2416 3016 dese
2443 2954 2735 3011 presentatie
2759 2949 2872 2998 ende

895 3133 1104 3187 versoucq
1127 3128 1208 3176 van
1232 3120 1364 3171 hulpe
1388 3110 1546 3164 hebben
1570 3098 1833 3153 s'Neijcken
1858 3094 1963 3143 Chan
1988 3088 2094 3138 Chan
2118 3080 2250 3132 condt
2273 3071 2432 3123 gedaen
2455 3065 2536 3114 met
2560 3057 2770 3109 versoecq
2795 3052 2875 3102 hij

894 3241 1041 3293 wilde
1067 3235 1157 3285 hem
1185 3227 1389 3279 haesten
1416 3210 1738 3271 (alleeroocq
1764 3202 1970 3254 d'ordre
1997 3198 2086 3246 van
2114 3190 2289 3243 sijnen
2318 3173 2667 3235 Coninckquam)
2694 3166 2784 3217 met
2810 3160 2907 3209 des

900 3351 1089 3407 Conincx
1115 3343 1251 3394 vader
1275 3339 1332 3386 te
1356 3323 1655 3383 Conjungeren
1679 3317 1789 3366 ende
1813 3310 1950 3360 raedt
1975 3307 2031 3354 te
2057 3298 2219 3351 plegen
2244 3294 2327 3341 als
2351 3283 2542 3338 wanneer
2566 3279 2623 3328 d'
2648 3269 2812 3323 saecke
2833 3263 2865 3311 —

890 3456 1069 3514 goeden
1096 3436 1390 3499 voortganck
1418 3431 1565 3480 soude
1592 3424 1769 3475 nemen,
1796 3417 1915 3468 ende
1942 3412 2031 3461 hem
2058 3406 2177 3457 Chan
2206 3400 2323 3450 Chan
2350 3390 2498 3444 d'eer
2525 3373 2907 3434 toegereeckent

878 3561 1070 3623 werden
1100 3556 1164 3604 8'
1193 3542 1350 3598 mags.
1378 3540 1414 3587 t
1439 3536 1567 3588 dese
1597 3530 1754 3579 Novos
1783 3517 2096 3574 verstaende
2126 3508 2283 3560 werdt
2313 3502 2532 3552 teraede
2562 3499 2625 3546 sn
2653 3492 2812 3543 aller
2842 3487 2940 3537 il—

874 3670 981 3723 sich
1005 3666 1058 3714 op
1081 3662 1136 3710 te
1160 3654 1342 3706 maecken
1366 3648 1472 3698 ende
1497 3644 1653 3693 Jegens
1678 3638 1937 3688 d'Neijcken
1961 3635 2014 3682 te
2038 3630 2221 3680 trecken
2243 3623 2350 3675 omme
2375 3614 2583 3667 daermede
2609 3612 2712 3659 haer
2736 3607 2920 3657 desseyn

888 3784 944 3830 te
969 3773 1218 3827 breecken.
1244 3767 1355 3817 Ende
1381 3750 1738 3811 g'effectueert
1764 3743 1930 3794 sijnde
1956 3738 2067 3786 ende
2093 3734 2231 3783 aende
2256 3726 2423 3779 rensen
2447 3709 2725 3771 gecompeert

895 3885 1129 3940 leggende
1155 3876 1332 3929 Creegh
1359 3864 1565 3919 tidinge
1592 3858 1681 3907 der
1709 3851 1943 3903 seijcken
1972 3845 2147 3896 groote
2176 3834 2438 3890 sterckte,
2465 3821 2758 3879 mitsgaders
2785 3816 2963 3864 d'moor

879 4011 957 4060 ten
979 4000 1208 4055 voordeele
1231 3994 1309 4043 der
1331 3983 1560 4038 rleijcken
1583 3975 1786 4028 alreedts
1809 3968 2037 4019 genaedert
2062 3960 2264 4012 weaeren,
2286 3953 2390 4005 dies
2411 3947 2515 3996 ende
2537 3941 2641 3991 omme
2664 3930 2817 3985 andere

877 4107 1263 4174 Consideratien
1289 4097 1440 4150 trock
1467 4081 1855 4140 Wederhaestich
1883 4077 2002 4125 naer
2031 4072 2240 4122 becour,
2269 4057 2566 4116 alwaerdeur
2594 4052 2864 4101 schrijven

876 4233 963 4282 van
990 4228 1132 4276 synen
1160 4218 1473 4272 ambassadeur
1501 4213 1643 4262 byden
1671 4211 1785 4257 Veld
1813 4211 1842 4256 t
1869 4202 2097 4255 Hooftman
2123 4191 2494 4245 nurstaffschan
2522 4178 2839 4236 residerende
