3553 4917
2794 257 2988 305 648

903 402 1134 448 andere
1173 403 1482 454 Europise
1520 409 1790 458 stoffen
1829 412 1944 458 tot
1980 409 2446 459 Schenckagie,
2483 415 2639 466 daar
2676 421 2871 467 meede
2908 423 3030 472 den

905 497 1109 547 eijsch
1143 497 1279 542 naar
1312 496 1585 548 adverant
1618 502 1686 548 't
1719 501 1924 547 laaken
1957 501 2163 547 minder
2196 502 2468 551 sendende
2502 506 2773 553 vergroot
2807 501 3011 551 mochte

838 587 1066 642 werden,
1098 585 1326 632 gelijck
1358 586 1488 632 oock
1520 587 1585 633 de
1618 588 2007 634 voorjaarighe
2040 588 2267 634 petitie
2299 588 2398 636 soo
2429 592 2495 638 om
2527 593 2787 639 reedenen
2817 593 2917 639 dat
2947 592 3017 639 al

912 675 1244 725 eenichsints
1275 674 1456 720 deesen
1486 675 1637 722 jaare
1668 677 1970 724 gewilliger
1999 678 2121 723 zijn
2150 677 2363 723 geweest
2393 679 2484 725 als
2513 681 2574 728 om
2604 683 2695 729 dat
2725 683 2817 729 den
2846 683 3030 731 eijsch

909 770 1009 819 van
1038 763 1303 814 laakenen
1335 764 1533 811 gansch
1564 767 1761 813 cleijn
1793 766 2055 812 gemaeckt
2088 764 2284 811 hebbe,
2317 764 2547 816 alreede
2578 772 2873 821 eredere/.

571 1126 649 1172 De
686 1114 958 1171 winsten
994 1107 1074 1157 op
1112 1103 1617 1157 daergebrachte
1650 1105 2080 1158 Cargatoenen
2119 1107 2313 1153 deses
2350 1108 2546 1157 Jaars
2583 1113 2934 1160 gevallen,

909 1196 1096 1244 connen
1127 1196 1251 1242 voor
1282 1196 1376 1241 als
1407 1196 1532 1242 noch
1562 1198 1686 1245 niet
1717 1196 1935 1245 seecker
1965 1194 2214 1242 stellen,
2245 1197 2369 1244 doch
2400 1199 2494 1246 nae
2524 1201 2742 1248 ruijgen
2773 1200 3052 1248 overslach

912 1276 1264 1327 vertrouwen
1298 1277 1580 1330 ongeveer
1613 1286 1649 1332 ƒ
1683 1284 1929 1332 550000:
1963 1282 2034 1329 „:
2069 1280 2139 1326 „:
2174 1278 2385 1324 weesen
2419 1280 2561 1328 ende
2594 1284 2735 1329 niet
2770 1285 2875 1331 min
2910 1287 3051 1333 als—

912 1376 977 1422 60
1007 1370 1105 1420 p:r
1136 1369 1266 1419 c=to
1297 1370 1427 1418 door
1459 1368 1556 1415 den
1587 1367 1813 1414 anderen
1845 1366 2039 1412 sullen
2071 1366 2393 1413 bedraagen,
2425 1366 2554 1411 waar
2585 1365 2683 1411 toe
2715 1367 2779 1413 't
2811 1368 3037 1418 Compt=r

913 1455 1238 1505 toucquijn
1275 1456 1457 1504 ruijm
1491 1460 1528 1506 ƒ
1563 1460 1817 1507 350000:
1853 1460 1926 1505 „:
1961 1456 2034 1504 „:
2070 1455 2179 1501 sal
2215 1452 2722 1501 contribueeren,
2757 1458 2903 1507 daar
2938 1463 3089 1513 voor

908 1540 1008 1588 den
1041 1541 1371 1591 almogenden
1403 1545 1503 1591 ten
1536 1544 1833 1593 hoochsten
1866 1546 2131 1591 gedanckt
2163 1544 2296 1591 zij,
2328 1544 2428 1589 die
2461 1545 2626 1591 geeve
2659 1546 2726 1591 in
2758 1546 3057 1595 toecoomen

911 1625 1042 1672 noch
1075 1624 1271 1670 beeter
1304 1624 1501 1672 werden
1532 1628 1698 1675 mach,
1729 1630 1894 1677 desen
1926 1631 2025 1676 dan
2057 1630 2156 1677 tot
2188 1626 2451 1674 geleijde
2483 1627 2581 1672 der
2614 1627 2877 1676 scheepen
2909 1632 3042 1681 ende

860 1708 1336 1766 principaalijck
1369 1708 1471 1754 den
1504 1709 1910 1760 Europisschen
1942 1715 2079 1761 eijs
2112 1716 2247 1762 voor
2280 1716 2383 1762 dit
2416 1716 2653 1763 Compt:r
2686 1716 3058 1766 betreffende

894 1793 1244 1849 Jngesteldt,
1274 1792 1371 1838 als
1403 1792 1498 1838 mij
1530 1793 1879 1842 meestendeel
1911 1797 2007 1843 nae
2038 1799 2134 1846 den
2165 1801 2324 1849 prijs
2356 1804 2451 1850 der
2483 1804 2769 1850 vercochte
2800 1805 3065 1860 goederen

898 1871 1261 1933 gereguleert
1292 1869 1589 1917 hebbende,
1621 1872 1851 1921 gelijck
1883 1876 2014 1923 inde
2047 1878 2343 1931 bijgaende
2375 1887 2604 1933 memorie
2637 1888 2736 1935 van
2767 1890 3000 1944 vercoop

938 1952 1168 2002 (naeder
1200 1950 1266 1997 't
1298 1949 1691 1999 examineeren)
1723 1955 1920 2004 gesien
1952 1959 2050 2008 can
2083 1963 2312 2013 werden,
2344 1969 2475 2015 rest
2506 1968 2606 2014 dan
2638 1969 2770 2017 noch
2801 1972 2868 2018 't
2900 1972 3064 2020 geene

901 2035 1043 2085 uijt
1075 2033 1359 2080 taijovan
1394 2036 1499 2081 als
1533 2036 1745 2085 batt=a
1780 2040 1852 2087 te
1885 2043 2168 2094 vorderen
2201 2050 2418 2099 staet,
2446 2056 2483 2105 e

2496 2058 2565 2111 en
2593 2055 2691 2101 van
2722 2055 2851 2102 alle
2882 2058 3076 2110 welcke

940 2136 1187 2194 UEd=len
1219 2128 1394 2179 bijde
1428 2127 1638 2173 naeder
1671 2128 2055 2180 besendinghe
2089 2135 2194 2182 die
2228 2138 2299 2185 op
2332 2141 2473 2191 28:e
2505 2146 2680 2193 deses
2715 2146 2889 2191 staat
2922 2143 2993 2191 te

883 2215 1228 2270 geschieden
1260 2217 1572 2266 Speciaele
1606 2216 1848 2262 notitie
1882 2214 1952 2262 te
1985 2215 2227 2266 wachten
2260 2220 2504 2281 hebben,

535 2545 797 2613 Seecker
833 2534 1203 2589 querellen,
1240 2535 1388 2580 ende
1424 2535 1721 2583 questie,
1757 2538 1980 2586 ondert
2016 2542 2275 2590 scheeps
2311 2545 2497 2593 volck
2533 2549 2682 2599 hier
2717 2555 2830 2605 aen
2864 2560 3056 2611 landt

911 2624 975 2671 in
1004 2620 1422 2668 dronckenschap
1452 2624 1707 2671 ontstaen
1739 2626 1835 2672 als
1866 2627 2027 2676 eenen
2057 2632 2185 2679 seer
2217 2634 2473 2685 gequetst
2503 2642 2632 2690 ende
2663 2646 2759 2693 een
2790 2649 2951 2698 ander
2981 2653 3046 2700 om

910 2708 974 2755 't
1005 2708 1197 2755 leever
1228 2709 1483 2757 geraackt
1514 2713 1705 2759 sijnde
1736 2714 1896 2762 hebbe
1927 2717 2118 2766 alhier
2150 2721 2214 2768 na
2245 2724 2691 2778 geleegentheijt
2722 2733 2817 2779 van
2848 2732 2976 2778 tijt

909 2790 1245 2842 Jnformatie
1279 2795 1514 2841 diesaer
1547 2796 1750 2844 gaande
1782 2800 1917 2849 doen
1950 2805 2153 2856 neemen
2184 2812 2321 2863 ende
2352 2820 2421 2866 de
2453 2823 2790 2875 gequetsten
2823 2830 3025 2880 nefens

823 2888 886 2934 de
916 2882 1136 2932 stucken
1167 2881 1231 2927 na
1261 2883 1418 2928 toijo
1449 2883 1543 2929 van
1575 2884 1859 2936 gesonden,
1887 2893 2014 2942 also
2044 2897 2108 2945 om
2138 2901 2233 2949 die
2263 2905 2452 2956 saacke
2482 2911 2609 2959 hier
2639 2914 2766 2964 uijt
2795 2920 2860 2967 te
2889 2924 3084 2974 voeren

906 2976 1035 3026 tijt
1065 2972 1192 3020 ende
1223 2969 1667 3017 geleegentheijt
1698 2971 2015 3029 ontbreeckt
2045 2986 2172 3036 hier
2203 2992 2330 3041 over
2361 2997 2582 3047 straffe
2613 3002 2677 3049 te
2708 3005 2867 3056 doen,
2897 3013 3088 3061 hebben

905 3070 975 3117 de
1010 3063 1398 3117 Gouverneurs
1432 3062 1575 3108 haar
1610 3062 1856 3113 soecken
1892 3068 1998 3115 aen
2032 3071 2104 3118 te
2138 3074 2422 3128 trecken,
2455 3084 2598 3134 doch
2631 3090 2845 3145 weld:r
2877 3103 3054 3157 leijt

896 3160 1005 3209 met
1039 3157 1289 3204 reeden,
1324 3156 1431 3202 ons
1466 3156 1609 3202 daar
1643 3157 1823 3205 meede
1856 3161 2072 3212 laaten
2105 3169 2392 3225 gewerden

606 3461 775 3515 ansch
805 3453 1041 3504 teegens
1071 3454 1238 3501 hoope
1271 3451 1602 3502 verschijnt
1630 3447 1835 3496 alhier
1867 3449 2034 3498 19:en
2066 3454 2232 3500 deser
2264 3453 2331 3499 't
2364 3453 2563 3500 fluijt
2595 3452 2763 3501 schip
2795 3457 3093 3515 overschie

895 3535 998 3582 met
1031 3535 1134 3581 een
1167 3536 1472 3585 cargasoen
1505 3537 1812 3590 bedraagen
1844 3546 1881 3594 ƒ
1911 3553 2115 3599 27836:
2148 3549 2250 3597 15.
2284 3549 2352 3594 1.
2386 3549 2521 3596 waar
2555 3551 2657 3598 bij
2691 3553 2860 3604 onder
2893 3558 3098 3610 andere

900 3615 1177 3666 verneemen
1206 3615 1420 3661 d'ordre
1451 3616 1573 3662 ende
1603 3617 1788 3666 eijsch
1817 3621 1910 3667 van
1939 3623 2124 3669 cooper
2153 3625 2246 3671 die
2275 3626 2398 3671 niet
2428 3626 2613 3677 booven
2642 3634 2766 3683 250.
2794 3639 2827 3685 6
2856 3641 2927 3691 lb

900 3702 1067 3750 compt
1099 3701 1166 3746 te
1199 3700 1530 3746 bedraagen,
1563 3701 1695 3747 doch
1728 3702 1927 3750 nadien
1959 3705 2192 3753 alreede
2224 3708 2357 3755 over
2389 3711 2456 3757 de
2489 3713 2622 3762 3000
2654 3718 2754 3766 p=s
2786 3722 3084 3778 ontfangen

895 3786 1028 3833 noch
1060 3784 1455 3831 toesegginghe
1488 3783 1686 3829 hadden
1719 3784 1917 3834 gedaen
1949 3790 2048 3837 als
2080 3793 2312 3844 alreede
2343 3800 2443 3846 opt
2475 3802 2740 3856 eijlandt
2771 3812 3074 3873 gebracht,

894 3869 1073 3918 staat
1108 3867 1287 3914 ruijm
1322 3870 1465 3917 4000
1500 3870 1607 3918 p=s
1642 3869 1965 3919 versonden
1999 3875 2072 3922 te
2106 3879 2357 3932 werden,
2391 3889 2714 3944 bestaande
2747 3900 2821 3950 in
2854 3907 3033 3961 plaat

900 3961 1003 4007 als
1035 3955 1343 4005 staafkens
1377 3955 1649 4001 coopser,
1683 3956 1786 4003 met
1819 3958 1922 4006 wat
1955 3962 2263 4016 jnsichten
2296 3971 2400 4018 tot
2428 3972 2638 4024 jncoop
2670 3981 2774 4031 van
2805 3987 3085 4053 Soodani„

862 4046 979 4099 gen
1015 4036 1431 4090 quantiteijt
1469 4037 1923 4088 geprocedeert
1959 4044 2073 4093 zij
2110 4049 2299 4098 hebbe
2323 4034 2449 4097 bij
2484 4038 2749 4107 missive
2785 4064 2901 4117 aen
2935 4075 3013 4125 d:

901 4136 972 4185 E:
1001 4130 1109 4181 h:r
1142 4123 1454 4175 francoijs
1488 4121 1661 4169 Caron
1695 4121 1938 4173 breeder
1971 4130 2421 4184 g'extendeert,
2454 4140 2593 4188 daar
2627 4144 2731 4191 toe
2764 4146 2836 4195 om
2868 4152 3022 4206 her„

782 3311 965 3368 e

2546 4579 2873 4646 Caalen

2486 4565 2511 4611 „
