3567 4801
2725 548 2889 599 909

289 552 914 673 Decemb@
1000 540 1367 599 1645

771 792 907 851 Alle
937 780 1137 835 welcke
1168 778 1335 826 novos
1366 777 1434 823 d'
1467 777 1665 825 Maijs.
1692 772 1731 821 t
1762 770 2027 817 verstaen
2060 768 2291 815 hebben,
2324 764 2457 812 ende
2489 761 2892 809 Contiderenen

897 887 1123 943 wanneerd
1149 881 1321 932 mooren
1347 878 1405 924 d'
1432 872 1659 922 seijcken
1685 869 1743 915 t'
1771 868 1913 914 hulpe
1940 866 2167 913 trocken,
2194 863 2337 910 synen
2363 862 2534 909 staeds
2561 851 2845 907 perijckeli

903 1003 1023 1053 liep
1051 991 1321 1047 derhalven
1349 987 1440 1035 het
1469 982 1589 1030 geen
1617 976 1709 1027 tyt
1736 972 1827 1019 was
1856 969 1977 1016 stil
2006 967 2066 1013 te
2095 964 2305 1011 sitten,
2334 961 2484 1009 hadde
2512 958 2782 1007 oversulcx

900 1128 1151 1190 Somazela
1180 1118 1370 1171 wegena
1398 1110 1557 1161 synen
1587 1095 1932 1154 ambassadeur
1963 1094 2058 1140 met
2086 1085 2433 1137 geschencken
2462 1080 2558 1130 van
2587 1072 2840 1123 Juweelen

911 1251 1021 1300 naer
1045 1235 1348 1294 mustafschan
1373 1229 1485 1280 ende
1511 1221 1676 1272 sahasu
1702 1214 1813 1265 omme
1837 1209 1895 1257 op
1921 1204 2113 1252 Conincx
2139 1199 2277 1248 tijde
2303 1197 2359 1243 te
2384 1190 2578 1241 blijven
2603 1183 2960 1234 afgeveerdight

857 1427 995 1482 Des
1031 1405 1350 1467 Conincx
1394 1394 1663 1449 Almade
1703 1381 1929 1435 onder
1971 1370 2330 1425 daerveij
2373 1359 2778 1414 Tammeraje

2784 1355 2850 1409 -

908 1535 1023 1591 ende
1048 1529 1215 1579 andere
1241 1521 1462 1573 gewonnen
1485 1511 1681 1565 hebben,
1706 1501 1873 1554 settij
1898 1494 2065 1545 pottoe
2091 1492 2120 1538 T
2146 1484 2340 1536 maloure
2365 1476 2532 1528 hebben
2557 1469 2751 1519 belegen
2776 1462 2834 1512 de

926 1633 1183 1691 sterckte
1213 1617 1535 1676 tundiwanum
1565 1608 1695 1660 doch
1725 1606 1791 1652 d'
1820 1597 2047 1649 Reycken
2077 1587 2335 1641 maeckten
2365 1576 2623 1630 weijnich
2651 1564 2815 1620 wercx

919 1739 1073 1790 vande
1102 1727 1319 1783 maysts.
1348 1712 1656 1770 Henlatende
1685 1699 1993 1755 Verluijden
2022 1695 2115 1743 soo
2144 1690 2238 1739 den
2268 1670 2637 1734 Coninckselfs
2663 1666 2741 1713 te

892 1845 1039 1901 veldt
1067 1836 1185 1887 quam
1213 1831 1302 1879 bij
1329 1817 1506 1874 wilden
1533 1813 1594 1860 d'
1621 1803 1799 1856 Mooren
1825 1794 2032 1846 roepen,
2060 1790 2178 1838 ende
2207 1785 2324 1833 haer
2351 1775 2529 1830 tegens
2558 1769 2646 1818 hen
2673 1756 2938 1813 opmaecken

931 1992 1286 2064 Neijcken
1325 1979 1462 2032 Van
1505 1966 1726 2019 maere
1769 1961 1947 2011 ende
1991 1947 2390 2005 Tansjouer
2432 1934 2698 1989 hadden
2741 1925 2876 1979 40l

907 2104 1059 2156 mannen
1080 2096 1209 2149 onder
1233 2094 1333 2140 veel
1357 2088 1558 2138 wversten
1582 2086 1682 2132 naer
1706 2081 1881 2130 sinsier
1905 2077 2105 2125 gesonden
2129 2073 2230 2122 oocq
2254 2065 2404 2117 aenden
2427 2057 2554 2109 reyck
2578 2054 2653 2101 tot
2676 2046 2903 2098 onderhout

905 2213 982 2262 des
1002 2200 1230 2255 oorlooghs
1253 2196 1330 2243 van
1353 2191 1454 2240 sijn
1479 2187 1629 2236 eyjgen
1653 2184 1779 2231 Volcq
1803 2176 2078 2228 maendtlijck
2102 2173 2153 2220 80
2178 2172 2203 2217 O
2226 2164 2427 2217 pardauws
2451 2147 2801 2208 geconsenteert,

903 2311 1204 2372 dienvolgende
1229 2305 1379 2355 waeren
1402 2302 1454 2349 't
1477 2293 1778 2346 voorschreven
1801 2284 2102 2337 Crijghsvolcq
2125 2279 2202 2328 als
2226 2269 2550 2324 d'sensiersche
2572 2266 2625 2314 20
2650 2263 2726 2311 Oen
2747 2252 2925 2305 t'samen

910 2433 992 2483 60l
1017 2422 1180 2475 Mannen
1204 2413 1394 2465 Inveldt
1418 2407 1582 2456 tegens
1607 2404 1662 2451 d'
1687 2395 2011 2448 Coninckesche
2035 2385 2279 2439 getrocken
2304 2379 2413 2429 ende
2439 2373 2601 2423 Wierde
2627 2365 2843 2418 dagelicx

905 2541 998 2594 aen
1025 2523 1355 2585 wedersijden
1383 2518 1503 2567 hart
1532 2496 1980 2563 geschurmitseert

884 2704 1140 2761 d'Maijs.
1166 2693 1265 2745 den
1295 2680 1677 2738 sensierschen
1709 2673 1963 2725 oorloogh
1993 2667 2216 2718 naerder
2247 2658 2597 2712 bedenckende
2628 2655 2760 2703 ende

906 2795 1145 2848 oordelende
1167 2792 1265 2840 niet
1288 2787 1504 2837 dienstich
1527 2784 1600 2831 soo
1623 2781 1743 2828 verre
1766 2779 1839 2826 van
1862 2776 1982 2824 sijne
2005 2773 2150 2821 armade
2173 2772 2221 2818 af
2244 2769 2294 2816 te
2317 2764 2437 2813 wesen
2460 2760 2628 2808 d'wijle
2651 2757 2724 2804 die
2746 2754 2819 2801 van
2843 2748 2965 2799 geldt

901 2901 1151 2956 onvoorsien
1174 2896 1275 2945 ende
1299 2889 1499 2940 dagelicx
1522 2878 1847 2933 verminderende
1871 2876 1972 2922 Was,
1994 2867 2270 2919 resolveerde
2294 2865 2394 2911 uijt
2417 2861 2568 2911 Velour
2591 2860 2642 2905 te
2665 2856 2918 2905 vertrecken

905 3013 1013 3065 ende
1037 2997 1301 3057 nareijnepa
1325 2992 1431 3041 ende
1457 2985 1615 3036 andere
1639 2981 1798 3029 groote
1822 2977 1903 3026 Als
1928 2970 2269 3021 Amssalbadeurs
2294 2967 2453 3014 naerd'
2478 2963 2689 3011 Neijcken
2712 2959 2871 3009 (omsoo
2897 2955 3002 3004 best

908 3119 1069 3169 conden
1094 3108 1310 3162 Contract
1334 3104 1390 3151 te
1415 3097 1631 3149 maecken)
1657 3096 1712 3141 te
1737 3085 2060 3140 gebruijcken,
2085 3078 2274 3129 gelijck
2299 3075 2381 3122 dan
2407 3074 2462 3120 d'
2486 3069 2622 3117 Mags.
2648 3069 2676 3115 s
2700 3064 2756 3112 en
2782 3058 2920 3108 Arcae

973 3221 1084 3271 was
1118 3206 1414 3264 gecomen.

738 3415 958 3478 Minanna
981 3396 1174 3454 ondere
1203 3387 1330 3439 syne
1357 3378 1517 3430 raest
1546 3371 1735 3422 plegen
1765 3369 1828 3415 de
1859 3370 2047 3416 seyjde
2076 3359 2421 3413 desbesaecke
2451 3354 2577 3402 ende
2607 3347 2858 3399 troublen

904 3493 1125 3545 verkeeret
1148 3489 1344 3537 begonnen
1368 3487 1490 3534 hadde
1513 3482 1637 3532 alsoo
1660 3478 1758 3526 niet
1782 3475 1929 3522 machts
1953 3473 2124 3520 genough
2148 3470 2271 3517 hadde
2293 3466 2368 3514 die
2391 3461 2465 3510 ten
2489 3455 2636 3505 eijnde
2660 3453 2709 3499 te
2732 3449 2904 3497 brengen

894 3597 1102 3653 aengesien
1123 3594 1171 3641 d'
1192 3587 1332 3638 groote
1353 3580 1537 3631 oncosten
1559 3576 1744 3625 daerinne
1766 3573 2042 3621 voorgevallen
2064 3573 2179 3619 sulcx
2200 3571 2271 3618 dat
2293 3565 2431 3615 voor't
2452 3556 2706 3610 gegasteerde
2727 3550 2821 3600 niet

887 3712 967 3764 als
989 3694 1268 3755 vyandtschap
1291 3683 1469 3738 gekocht
1492 3677 1620 3727 hadde
1644 3675 1746 3722 ende
1770 3671 1922 3719 eenige
1946 3667 2073 3715 dagen
2098 3665 2174 3711 ter
2199 3659 2425 3709 oorsaecke
2449 3655 2551 3704 syjn
2575 3638 2804 3699 ghrootste

880 3811 1016 3863 vrouw
1041 3798 1286 3855 gestorven
1311 3793 1394 3841 Was
1419 3783 1637 3836 bedroeft
1662 3777 1853 3827 geweest
1878 3773 2070 3822 sijnde,
2095 3771 2177 3819 Was
2202 3763 2448 3815 eyndelyck
2472 3757 2636 3806 voord'
2662 3751 2799 3801 mags.
2823 3747 2879 3794 le

885 3910 1166 3966 verschenen,
1189 3899 1395 3954 seggende
1418 3895 1471 3942 d'
1495 3887 1675 3939 saecken
1699 3884 1777 3931 Van
1801 3875 2083 3929 Palliacatta
2107 3873 2209 3919 seer
2235 3870 2388 3918 swaers
2412 3863 2566 3914 vaeren
2589 3860 2643 3908 en
2666 3857 2719 3904 en
2743 3848 2872 3902 conde

893 4023 975 4071 die
1001 4018 1111 4067 niet
1136 4006 1408 4062 uytvoeren,
1432 4002 1543 4050 oocq
1566 3997 1651 4046 was
1678 3990 1948 4042 Babalachan
1974 3987 2056 4034 aen
2083 3980 2246 4031 stadts
2271 3975 2408 4024 syde,
2433 3971 2543 4019 ende
2568 3957 2868 4015 Verhunderde

892 4135 945 4182 d'
968 4125 1124 4178 Nodige
1148 4116 1354 4168 behoefte
1379 4114 1456 4161 int
1481 4109 1610 4158 leger
1633 4104 1738 4152 niet
1763 4102 1815 4148 en
1839 4097 2020 4147 mochten
2044 4092 2199 4141 Werden
2224 4087 2455 4136 gebraght,
2479 4083 2583 4130 ende
2608 4082 2685 4127 dat
2711 4082 2788 4128 soo
2813 4080 2967 4127 sijnde

889 4235 972 4288 hoe
995 4223 1180 4278 condel'
1205 4217 1440 4268 overhandt
1465 4215 1648 4261 Crijgen
1673 4213 1779 4259 ofte
1804 4208 2013 4258 bestaen,
2038 4204 2196 4252 daerop
2222 4203 2274 4249 d'
2298 4197 2482 4247 Coninck
2508 4192 2769 4243 andtwoorde

2621 4277 2791 4333 wat

156 713 215 767 en
