3567 4801
2699 542 2859 592 863

866 723 1249 772 Experatie
1291 722 1546 769 sijnen
1589 720 1844 769 jonste
1885 718 2226 765 verbandt
2268 720 2523 767 d'novo
2565 717 2736 765 Voor
2777 709 2990 761 drijs

848 852 1179 920 achter
1231 842 1396 893 een
1448 832 1883 887 volgende
1935 831 2263 878 jaeren
2317 826 2864 877 aengenomen

857 990 1049 1046 ende
1094 983 1189 1032 d'
1231 965 1707 1026 qualiteijt
1750 967 1894 1014 van
1938 960 2458 1010 Luijtenandt
2505 957 2980 1008 mitsgaders

860 1122 999 1173 een
1043 1104 1505 1166 belooningh
1549 1097 1688 1148 van
1732 1089 2148 1140 vijfftich
2190 1085 2515 1136 guldens
2560 1083 2699 1131 ter
2742 1075 2977 1127 maent

854 1253 1422 1314 toegevought,
1469 1251 1564 1297 d'
1609 1235 2226 1295 verbeteringhe
2273 1229 2463 1280 ende
2510 1228 2605 1275 't
2651 1227 2937 1276 nieuwe

853 1411 1225 1481 verbandt
1270 1405 1456 1454 dato
1502 1404 1642 1450 22.
1687 1401 1734 1447 e
1780 1398 2013 1445 deser
2057 1391 2197 1439 als
2240 1383 2567 1435 wanneer
2614 1381 2753 1428 wij
2795 1381 2984 1428 daer

819 1577 1002 1633 toe
1061 1565 1364 1620 ordre
1422 1544 1847 1606 Becomen
1900 1538 2389 1591 hebbende
2447 1534 2933 1583 aenvanck

845 1698 1480 1775 nemende

816 2016 1335 2070 Rodolphus
1391 2016 1907 2069 Coenradus
1957 2011 2136 2061 int
2193 2005 2480 2055 landt
2536 2000 2943 2049 gecomen

815 2167 972 2217 met
1023 2164 1127 2209 d'
1179 2159 1490 2210 Galjas
1540 2155 1698 2204 van
1749 2146 2008 2196 hoorn
2054 2136 2267 2190 voor
2318 2122 2683 2180 soldaet
2733 2123 2788 2170 a
2836 2129 2941 2176 ƒ9

864 2269 1507 2344 jegenwoordich
1554 2260 1998 2313 sergiandt
2046 2259 2195 2305 met
2243 2260 2342 2306 26
2391 2250 2735 2304 guldens
2782 2246 2934 2295 ter

868 2412 1270 2468 maendt,
1327 2399 1783 2456 hebbende
1839 2386 2067 2438 sich
2122 2365 2638 2429 deurgaens
2692 2367 2865 2416 wel

963 2533 1731 2606 Gecomporteerdt
1781 2521 2003 2575 ende
2055 2513 2274 2564 goet
2328 2504 2987 2558 Contentement

847 2689 948 2738 in
994 2672 1298 2732 sijnen
1347 2659 1650 2715 dienst
1699 2656 1849 2706 aen
1897 2643 2100 2700 sijn
2148 2634 2501 2686 meerder
2550 2634 2902 2682 gegeven

875 2814 1071 2862 ende
1106 2790 1561 2857 aengesien
1610 2768 2248 2832 Jegenwoordich
2295 2764 2395 2810 d'
2443 2746 2934 2809 qualiteijt

861 2939 1003 2988 van
1049 2921 1476 2982 vaendrich
1521 2920 1852 2969 vacandt
1896 2915 2041 2965 js,
2083 2905 2277 2959 ende
2322 2897 2466 2949 met
2511 2892 2655 2941 een
2701 2886 2939 2936 ander

821 3077 1189 3138 Bequaem
1240 3060 1610 3120 persoon
1661 3041 2293 3104 gesuppleerdt
2345 3030 2661 3085 dient,
2713 3027 2980 3075 werdt

855 3230 1015 3287 der
1066 3211 1380 3273 halven
1430 3202 1641 3254 mits
1690 3193 1953 3246 desen
1988 3178 2423 3237 gemelten
2473 3162 2943 3219 rodolphus

846 3352 1263 3420 coenradus
1306 3340 1447 3393 tot
1483 3325 1909 3383 vaendrich
1955 3320 2417 3371 absoluijdt
2463 3316 3018 3366 gepromoveert

861 3494 1059 3545 ende
1106 3480 1254 3538 Bij
1302 3464 1795 3526 halveringe
1843 3456 1991 3507 van
2040 3451 2286 3501 gagie
2334 3449 2482 3496 een
2531 3444 3025 3495 tractament

865 3631 1019 3684 van
1068 3607 1734 3674 drijendartich
1782 3592 2143 3651 guldens
2193 3588 2348 3636 ter
2395 3578 2705 3631 maendt
2755 3575 2911 3624 toe

1002 3732 1475 3797 Geleijt

912 4034 1363 4088 Abraham
1426 4016 2199 4079 Cristiaensen
2262 4012 2456 4060 van
2520 4011 2906 4060 wesell

851 4066 872 4113 ƒ

853 4179 996 4228 int
1041 4174 1280 4222 landt
1325 4163 1659 4219 gecomen
1706 4161 1849 4207 met
1887 4155 2181 4208 tschip
2227 4151 2417 4201 oudt
2465 4130 2940 4195 enckhuijsz

815 4340 920 4394 Ao
966 4319 1174 4380 1618
1221 4308 1326 4361 in
1375 4290 1885 4351 qualiteijt
1935 4286 2089 4334 van
2135 4277 2498 4331 soldaet
2545 4282 2906 4334 tsedert

2340 4470 2832 4519 gevordert

2277 3886 2326 3935 -
