3567 4801
2713 531 2892 600 929

679 599 1032 669 January
1079 593 1180 641 Ao
1228 587 1428 639 1646

914 784 998 832 Van
1024 779 1249 827 partiaby
1276 780 1360 826 syn
1387 780 1778 829 Commandementen
1805 783 1946 830 aende
1972 784 2364 836 Nederlandtsche
2391 792 2726 839 oostindische
2753 787 3004 838 Compagnie

937 882 1011 933 den
1032 876 1174 926 vrijen
1197 874 1292 921 ende
1315 871 1621 919 onbecommerden
1644 872 1784 918 handel
1807 872 1855 918 in
1878 872 1973 919 sijn
1995 875 2114 920 rijck
2136 876 2278 923 sonder
2300 879 2442 928 eenige
2465 883 2605 930 tollen
2629 885 2724 931 ofte
2746 885 2965 934 raderijen

937 975 1018 1022 aen
1042 968 1230 1019 Iemandt
1256 966 1310 1013 te
1335 964 1496 1010 moeten
1523 964 1735 1009 betaelen
1760 963 1869 1009 voor
1894 964 1975 1011 den
2001 966 2082 1013 tit
2105 967 2187 1014 van
2213 967 2320 1015 twee
2346 970 2506 1016 saeren
2532 970 2745 1016 Vergunst
2772 970 2933 1018 hadde,

940 1068 1047 1116 Item
1072 1066 1152 1112 dat
1177 1064 1257 1110 met
1283 1063 1336 1108 d'
1361 1059 1521 1108 eerste
1547 1059 1863 1107 gelegentheyt
1890 1062 1969 1108 een
1995 1062 2180 1108 gesandt
2206 1062 2285 1107 met
2311 1061 2364 1107 d'
2389 1060 2655 1106 Compagnies
2680 1057 2812 1106 schip
2837 1047 2998 1101 wegens

930 1171 1032 1219 sijn
1055 1166 1209 1215 maijs.
1234 1166 1260 1211 t
1283 1164 1386 1211 naer
1412 1162 1589 1209 Batavia
1615 1160 1767 1207 stondt
1792 1160 1843 1205 te
1868 1160 2122 1207 vertrecken
2147 1161 2300 1207 ommed'
2325 1161 2579 1207 geschillen
2603 1155 2757 1206 aldaer
2781 1153 2848 1199 te

924 1269 1185 1326 vereffenen
1209 1266 1314 1313 ende
1339 1265 1443 1311 eene
1469 1265 1599 1311 onser
1624 1265 1702 1310 als
1728 1265 1909 1310 gesanet
1934 1264 2014 1310 aen
2038 1267 2142 1314 sijn
2167 1267 2298 1313 mags:
2322 1266 2427 1312 naer
2452 1261 2608 1310 parsia
2634 1260 2685 1305 te
2711 1252 2970 1305 versoecken

935 1376 1052 1424 Omme
1080 1370 1343 1420 alsulcken
1372 1369 1605 1416 Contract
1634 1368 1722 1415 met
1750 1367 1838 1413 den
1866 1366 2071 1411 anderen
2099 1365 2159 1411 te
2187 1366 2393 1412 treffen
2420 1367 2508 1413 als
2535 1354 2829 1411 wedersijts

917 1478 1149 1536 redelijck
1174 1476 1276 1523 ende
1299 1471 1479 1520 billick
1503 1469 1581 1515 sal
1605 1465 1860 1513 g'oordeelt
1884 1463 2039 1510 werden

873 1637 940 1689 In
970 1629 1158 1681 parsia
1187 1626 1375 1674 waeren
1405 1622 1594 1671 groote
1623 1617 1843 1666 swisten
1873 1613 1998 1663 ende
2028 1608 2309 1658 beroerten
2340 1603 2528 1653 ondere
2558 1598 2777 1647 grooten

919 1722 1282 1785 uijtberstende,
1307 1720 1513 1768 werdende
1539 1719 1642 1765 oocq
1667 1717 1745 1765 des
1769 1712 1950 1761 Conincx
1975 1709 2156 1757 respect
2182 1708 2285 1754 door
2310 1704 2465 1752 eenige
2489 1695 2722 1749 derselver
2745 1688 2954 1739 benomen,

925 1832 1055 1884 onder
1078 1826 1258 1876 anderen
1282 1822 1360 1870 soo
1384 1819 1538 1867 Wieret
1563 1817 1666 1863 door
1691 1817 1767 1862 den
1792 1813 1971 1862 grooten
1996 1810 2201 1857 Hertooch
2224 1807 2429 1854 gingangh
2455 1802 2608 1852 sijnde
2632 1790 2914 1847 veldtoverst

923 1935 1013 1984 van
1042 1932 1101 1978 d'
1128 1924 1336 1977 Conincx
1364 1918 1630 1967 gandtsche
1658 1918 1835 1964 armade
1864 1919 1953 1965 met
1981 1916 2246 1965 voorweten
2274 1915 2334 1961 en
2362 1912 2481 1958 last
2509 1908 2657 1956 vande
2684 1898 2863 1953 mays=t

910 2041 1018 2094 seer
1043 2035 1333 2085 grouwelijck
1359 2030 1569 2079 vermoort
1596 2029 1675 2075 den
1700 2026 1911 2073 vertrouw
1936 2025 2016 2071 der
2042 2024 2121 2069 des
2147 2019 2279 2068 Rijcx
2304 2014 2515 2063 leggende
2540 2011 2620 2058 hem
2646 2007 2726 2055 ten
2749 1995 2884 2051 laste

928 2136 1349 2198 Continueelgroote
1373 2133 1558 2180 twisten
1583 2131 1688 2178 ende
1714 2131 1767 2176 't
1791 2127 1924 2176 rijck
1949 2125 2028 2171 aen
2054 2121 2185 2170 veele
2211 2117 2421 2166 oorlogen
2445 2108 2813 2162 voortgebraght,
2839 2106 2893 2152 en

928 2248 1225 2306 opgerockent
1252 2245 1414 2292 hadde,
1440 2243 1549 2290 dese
1576 2238 1793 2288 tragedie
1818 2236 1901 2282 eus
1927 2233 2279 2282 verregebraght
2304 2225 2496 2277 eijnde,
2519 2218 2657 2267 heden
2683 2215 2765 2262 ten
2791 2212 2928 2260 hove,

925 2364 1113 2415 Comende
1138 2359 1220 2407 bij
1246 2356 1327 2403 den
1352 2350 1542 2400 Coninck
1567 2347 1729 2394 seijde
1755 2343 1971 2391 gemelten
1997 2342 2239 2388 ginganghs
2265 2335 2400 2386 heden
2425 2332 2480 2379 &s
2506 2328 2587 2376 den
2612 2314 2962 2372 Vredebreecker

919 2474 1032 2526 ende
1057 2469 1143 2518 den
1169 2463 1366 2513 soecker
1391 2461 1477 2508 van
1505 2460 1561 2506 't
1589 2457 1868 2505 parsiaense
1896 2455 2063 2501 bederf
2089 2451 2175 2500 ten
2202 2439 2537 2495 behoudenisse
2563 2435 2649 2483 van
2675 2427 2844 2479 Croone
2870 2424 2955 2471 ter

913 2575 1249 2633 Nedergeleght,
1274 2576 1403 2622 sijne
1427 2572 1582 2620 magjs.
1607 2570 1634 2616 t
1657 2568 1736 2614 doe
1761 2565 1839 2612 met
1863 2562 1941 2609 mij
1966 2561 2095 2607 wiens
2120 2558 2249 2606 slave
2272 2550 2454 2603 ickben,
2478 2544 2582 2593 sijn
2606 2540 2684 2588 wel
2708 2533 2943 2584 gevallen,

906 2693 993 2748 hem
1018 2685 1234 2737 volcomen
1260 2681 1530 2729 vergenough
1556 2680 1610 2725 't
1636 2676 1799 2725 vinden
1824 2670 2041 2722 vernidts
2067 2670 2121 2715 't
2147 2667 2283 2714 rijck
2309 2665 2363 2711 en
2388 2662 2444 2709 S'
2469 2655 2659 2707 Conincx
2684 2650 2767 2699 Hof
2791 2646 2874 2693 Van
2899 2643 2985 2690 een

909 2796 1146 2856 sodanigen
1171 2790 1354 2840 vijandt
1380 2790 1458 2836 die
1483 2788 1588 2836 sijn
1613 2785 1771 2833 maijs.
1795 2786 1848 2832 ts
1874 2781 2134 2831 onderdanen
2159 2778 2264 2825 haer
2289 2775 2420 2822 goedt
2445 2771 2550 2819 ende
2575 2769 2733 2816 bloedt
2757 2759 2993 2813 uytgepuet

910 2912 1090 2964 heeft,
1118 2905 1328 2957 verlost
1355 2902 1417 2949 Is
1443 2896 1535 2944 den
1565 2894 1892 2940 Coninckdese
1922 2893 2071 2939 maere
2100 2888 2309 2937 gehoort
2334 2880 2517 2932 hebben
2545 2874 2695 2924 seyde
2723 2869 2814 2917 uwe
2842 2865 2994 2913 handt

903 3034 963 3083 sy
986 3015 1388 3076 verheerlijckt,
1414 3010 1530 3060 ende
1558 3006 1672 3055 ghij
1699 3004 1814 3050 hebt
1841 2999 1956 3048 heer
1984 2994 2240 3044 welgedaen
2268 2993 2297 3039 &
2323 2988 2439 3038 dese
2466 2985 2610 3033 novos
2636 2978 2780 3029 Inden
2808 2974 2955 3025 arham

919 3131 1203 3194 Comendebaer
1226 3129 1279 3176 de
1304 3125 1458 3173 groote
1483 3118 1841 3170 verslagentheyt
1865 3114 1994 3162 onder
2019 3113 2070 3158 d'
2096 3109 2275 3159 vrouwen
2299 3107 2428 3153 sulcx
2451 3105 2504 3151 d'
2529 3102 2709 3150 Conincx
2734 3098 3015 3147 grootmoeder

909 3255 991 3305 die
1016 3246 1230 3299 daerover
1255 3242 1362 3290 niet
1388 3240 1469 3286 wel
1494 3237 1708 3284 tevreden
1732 3237 1761 3283 W
1787 3235 1867 3281 as,
1892 3232 2026 3279 sondt
2052 3231 2132 3276 een
2158 3224 2345 3275 haerder
2370 3220 2531 3269 Capade
2556 3216 2637 3264 aen
2662 3205 2875 3261 Hertoogh

898 3361 1177 3418 .ganigangh
1204 3358 1288 3406 ome
1313 3354 1372 3402 te
1398 3345 1678 3398 onderstaen
1706 3344 1789 3390 ter
1816 3342 2013 3389 welcken
2040 3338 2180 3388 sijne
2207 3335 2291 3381 dit
2317 3326 2597 3381 geschiedt,
2624 3325 2681 3370 en
2707 3322 2792 3370 den

897 3479 1211 3543 Vertrouwder
1239 3474 1325 3523 den
1350 3467 1494 3518 rijcx
1520 3459 1693 3512 Miersa
1720 3458 1891 3504 Tachij
1919 3456 2004 3503 soo
2032 3449 2344 3500 samnerlijck
2370 3446 2429 3494 om
2457 3445 2514 3491 't
2542 3440 2684 3489 leven
2711 3436 2941 3485 gebraght

897 3594 1011 3643 was,
1038 3587 1210 3638 daerop
1238 3583 1324 3631 tot
1351 3578 1608 3628 andswoort
1636 3575 1807 3622 diende
1836 3574 1893 3620 s'
1921 3570 2121 3619 Conincx
2148 3562 2434 3614 onderdanen
2461 3560 2519 3605 en
2546 3554 2690 3604 allen
2716 3549 2865 3599 wegen

912 3708 968 3755 t'
995 3697 1388 3754 ondergebraght,
1415 3694 1528 3742 ende
1556 3690 1669 3738 meer
1696 3688 1781 3734 uyt
1808 3686 1865 3732 d'
1891 3683 2033 3730 staet
2061 3680 2145 3728 als
2172 3676 2397 3724 behoorde
2423 3668 2677 3719 getrocken
2703 3654 2846 3711 hadde

912 3819 996 3867 dat
1021 3819 1078 3866 om
1104 3816 1188 3863 die
1214 3813 1270 3860 en
1297 3810 1407 3857 meer
1434 3806 1600 3855 andere
1627 3803 1792 3850 saecke
1818 3801 1957 3848 sulcx
1982 3797 2231 3846 geschiedt
2259 3794 2372 3842 was,

827 3979 925 4032 Dit
956 3958 1271 4021 overlijden
1302 3953 1397 4001 van
1427 3949 1523 3997 den
1552 3942 1901 3994 vertrouwder
1932 3941 2028 3987 des
2056 3940 2216 3988 rijcx
2247 3937 2437 3985 mirsia
2469 3934 2658 3982 tachij
2687 3929 2847 3980 heeft

908 4072 1022 4126 door
1048 4068 1104 4116 d'
1129 4057 1376 4111 ganetsche
1403 4052 1540 4101 stadt
1567 4051 1649 4097 een
1676 4050 1813 4096 grote
1839 4046 2004 4095 vreugh
2031 4045 2086 4091 de
2112 4039 2332 4089 verweckt
2357 4038 2495 4085 sulcx
2522 4037 2604 4083 den
2631 4036 2833 4083 tevoren

899 4168 1137 4225 gewesene
1165 4159 1401 4211 Vertrouw
1430 4157 1519 4203 der
1547 4153 1637 4201 der
1664 4150 1813 4196 rijcx
1842 4146 2078 4194 genaekdt
2107 4142 2490 4192 Galifansultan
2518 4138 2666 4187 synde
2696 4138 2784 4183 Van

170 1406 234 1452 ta
