3703 4828
1372 977 1519 1026 Dese
1554 979 1951 1032 voorstaende
1985 988 2058 1036 is
2093 991 2274 1041 Copia
2308 997 2417 1045 van
2452 1001 2669 1051 d'onse
2704 1007 2884 1054 aende
2919 1010 2992 1058 E:
3027 1014 3135 1063 H„r
3171 1017 3496 1066 gouvern=r

1406 1098 1679 1153 Arenold
1715 1100 2059 1149 Heussens,
2096 1102 2402 1153 waerinne
2439 1106 2592 1155 naer
2630 1110 2783 1158 onse
2821 1114 3278 1167 indispositie
3316 1117 3508 1168 heeft

1370 1214 1573 1260 willen
1605 1216 1907 1264 gedoogen,
1940 1219 2309 1269 g'adviseert
2342 1224 2544 1270 hebbe,
2576 1225 2811 1272 'tgeene
2844 1227 2945 1274 tot
2978 1230 3113 1278 dato
3145 1233 3514 1282 voorgevalle

1403 1328 1549 1377 ende
1585 1325 1948 1373 gepasseert
1984 1324 2093 1373 is,
2128 1328 2384 1378 evenwel
2417 1333 2564 1380 niet
2600 1336 2927 1384 soodanich
2961 1338 3072 1385 als
3107 1339 3217 1385 wel
3252 1341 3507 1393 wensten

1400 1438 1671 1494 machtich
1704 1435 1872 1482 sijn,
1905 1434 2039 1480 ende
2071 1434 2239 1480 alsoo
2273 1435 2374 1482 wij
2406 1438 2541 1484 niet
2574 1439 2808 1485 anders,
2842 1440 2943 1487 aen
2975 1442 3009 1488 u
3043 1443 3077 1489 E
3109 1445 3245 1495 voor
3277 1451 3511 1499 present

1412 1537 1489 1586 te
1525 1542 1864 1594 schrijven
1901 1548 2163 1595 noodich
2201 1548 2464 1597 vinden,
2501 1552 2765 1601 gelieve
2800 1558 2839 1604 u
2876 1559 2914 1605 E
2951 1560 3139 1607 vande
3176 1562 3364 1607 selve
3401 1561 3481 1608 te

1399 1648 1653 1695 dienen,
1690 1648 1872 1694 alsoo
1907 1649 2053 1695 onse
2089 1649 2454 1699 swackheijt
2489 1656 2636 1702 niet
2671 1659 2925 1707 toelaet
2961 1662 2998 1707 u
3034 1662 3072 1708 E
3106 1664 3362 1712 missive
3397 1666 3509 1712 bij

1398 1766 1586 1813 schip
1623 1763 1963 1812 Amsterdam
2000 1763 2302 1814 becomen,
2339 1770 2454 1816 dat
2489 1774 2604 1820 den
2640 1777 2829 1824 23=en
2866 1776 3093 1823 Martio
3128 1777 3280 1823 hier
3318 1778 3395 1826 (:
3429 1780 3507 1828 de

1410 1883 1577 1929 heere
1609 1884 1709 1929 sij
1742 1883 1875 1929 daer
1907 1884 2107 1929 vooren
2140 1884 2538 1933 hoochlijcken
2571 1887 2870 1935 gepresen)
2903 1891 3002 1937 sal
3034 1891 3103 1937 vo
3134 1892 3501 1940 arriveerde,

1407 1998 1481 2043 te
1517 1994 1960 2043 beantwoorde,
1997 1994 2219 2039 nochte
2255 1995 2403 2041 mede
2438 1996 2478 2044 u
2513 2000 2588 2047 E:
2623 2002 3067 2054 particuliere
3103 2010 3251 2057 ende
3283 2010 3399 2058 den

1399 2110 1730 2158 sircheijl
1766 2110 2135 2158 raeckende,
2171 2113 2282 2159 dat
2318 2114 2428 2159 met
2465 2114 2576 2161 der
2612 2117 3052 2165 goddelijcker
3089 2114 3310 2165 hulpe,
3345 2109 3493 2157 ende

1394 2222 1553 2272 godt
1591 2223 1980 2271 almachtich
2018 2224 2135 2271 ons
2171 2225 2601 2273 gesontheijt
2640 2227 3106 2273 verleenende,
3144 2224 3261 2272 bij
3300 2223 3495 2269 amst.

1405 2333 1550 2385 ende
1585 2331 1870 2378 schiedam
1905 2327 2083 2375 staet
2118 2326 2191 2372 te
2226 2327 2617 2376 geschieden,
2653 2330 2795 2376 waer
2830 2331 2973 2380 mede
3008 2335 3044 2381 u
3079 2336 3116 2382 E
3150 2339 3222 2385 d'
3257 2341 3507 2388 fruijte

1369 2441 1547 2493 wijn,
1582 2438 1902 2486 rooswater
1936 2438 2079 2487 ende
2114 2442 2433 2489 fluweelen
2468 2444 2575 2489 die
2610 2444 2752 2490 hebt
2787 2445 3072 2494 gelieven
3106 2450 3177 2496 te
3213 2451 3497 2503 vorderen

1401 2558 1481 2606 te
1520 2554 1916 2603 verwachten
1955 2554 2114 2600 hebt
2153 2553 2470 2601 derwegen
2509 2556 2668 2604 dese
2707 2559 3142 2610 affbreecke,
3182 2564 3340 2610 ende
3379 2561 3499 2609 als

1393 2673 1666 2723 gesecht
1705 2673 1783 2718 de
1822 2671 2368 2718 beantwoordinge
2407 2672 2525 2719 uwe
2563 2674 2642 2721 E:
2676 2676 2953 2723 missive
2992 2677 3110 2724 tot
3148 2677 3499 2726 gemeltens

1389 2790 1643 2839 schepen
1679 2785 1970 2835 vertrecq
2006 2785 2151 2832 ende
2188 2787 2334 2835 onse
2368 2790 2588 2836 beeter
2623 2792 2987 2841 dispositie
3022 2794 3460 2844 genootsaeckt

1382 2902 1532 2951 zijn
1567 2899 1718 2947 uijt
1753 2897 1829 2944 te
1865 2895 2163 2943 stellen,
2199 2898 2496 2945 waermede
2533 2900 2645 2948 als
2681 2904 2979 2953 breecke,
3014 2908 3386 2957 bevelende:
3423 2910 3498 2957 uE

1401 3014 1550 3060 inde
1587 3014 1886 3061 genadige
1923 3014 2371 3064 bescherminge
2408 3019 2520 3065 des
2557 3021 3079 3075 alderhoochsten
3116 3030 3228 3076 die
3265 3030 3377 3076 uwe
3414 3026 3490 3076 E:

3048 3166 3130 3213 No

830 3181 928 3229 In
969 3183 1118 3228 ons
1163 3179 1647 3228 nederlants
1694 3182 1986 3236 Comptr

3214 3167 3246 3213 vo

2087 3228 2411 3282 Eersame
2457 3227 2735 3274 wijse,
2781 3228 3058 3276 voors:
3104 3229 3243 3275 en:
3288 3227 3474 3274 seer

857 3298 1140 3357 Gamron
1187 3296 1422 3346 desen
1466 3302 1655 3349 4en.
1701 3296 1936 3347 April

2110 3330 2553 3376 bescheijdene
2589 3330 2700 3377 s=r
2736 3329 2996 3378 gelieve
3030 3332 3107 3379 te
3142 3335 3364 3382 sparen
3400 3336 3479 3383 in

922 3411 1042 3461 A=o
1081 3408 1279 3456 1646:
1318 3411 1516 3457 Htilo
1555 3410 1718 3461 novo

2094 3426 2496 3477 langhdurige
2532 3426 2934 3473 gesontheijt
2969 3427 3080 3473 ter
3117 3424 3484 3475 zalicheijt

2092 3521 2424 3573 blyvende
2465 3521 2589 3568 wij
2629 3523 2966 3573 vorders,

2154 3715 2245 3761 VE
2287 3696 2868 3762 Dienstwillige
2911 3690 3046 3740 V=t
3085 3686 3179 3734 en
3224 3675 3491 3732 dienae

2569 3839 2740 3894 Was
2794 3819 3355 3884 geteeckent

3049 3876 3085 3922 No

2045 3973 2470 4031 Wolbrant
2520 3955 3000 4016 Geleijnsz
3051 3952 3158 3998 de
3209 3941 3476 3996 Jongh

1965 686 2026 740 E
2072 667 2505 722 achtbare
2558 678 2773 723 heer
2826 679 2933 727 en
2986 682 3255 729 vrunt
3308 682 3469 729 s=r

2127 770 2271 827 Sr.
2315 784 2597 831 Pieter
2643 785 2879 834 sime,
