3573 4958
2845 309 3042 359 736

517 340 761 435 Julio
804 323 950 379 ao.
994 315 1191 365 1646

937 485 1078 532 was,
1113 482 1184 529 om
1218 481 1324 527 ons
1360 481 1502 529 mede
1535 483 1606 530 te
1641 483 1888 530 betalen
1923 483 2207 533 hebbende
2239 490 2594 556 dierhalven
2626 513 3014 575 d'opkenders

921 601 1076 652 hare
1114 604 1383 650 Cnappen
1421 605 1692 653 onkomen
1728 609 1845 655 uyt
1882 611 2036 658 hare
2074 612 2498 674 bedieningen
2535 631 2844 689 gestoten
2880 646 3042 698 ende

921 731 1102 783 andre
1137 729 1280 776 daer
1315 730 1672 784 ingestelt,
1706 740 1778 786 de
1812 739 2027 785 welcke
2062 740 2205 787 over
2239 742 2384 792 alde
2417 749 2561 798 syde
2595 753 2703 802 uyt
2737 757 2811 806 de
2844 763 3059 826 huysen

915 850 1073 897 halen
1104 849 1231 896 ende
1262 849 1483 897 binnent
1514 851 1861 903 hoffbrengen
1891 855 1955 903 de
1986 858 2082 906 den
2112 862 2302 912 sonder
2332 866 2428 914 aen
2459 870 2585 918 sien
2616 873 2713 924 van
2742 880 3035 937 persoonen

922 974 1063 1021 waer
1097 972 1239 1019 maer
1273 973 1520 1024 dencken
1554 980 1661 1027 dat
1695 982 1907 1030 eenige
1941 985 2012 1031 is
2046 986 2258 1033 willen
2292 988 2400 1039 hop
2433 995 2644 1042 endoor
2679 996 2786 1042 die
2820 998 3031 1050 middel

918 1094 1149 1147 haest
1191 1098 1656 1147 leverantie
1698 1102 2024 1150 bekomen
2069 1106 2346 1159 sullen

670 1230 802 1277 adyj
835 1228 934 1275 11.
967 1228 1000 1273 d
1032 1228 1067 1274 o
1097 1227 1231 1275 liet
1264 1226 1363 1272 den
1394 1225 1627 1273 Coningh
1659 1229 1791 1275 door
1824 1230 2154 1279 ongadinghs
2185 1229 2485 1277 schrijver
2517 1230 2682 1277 weten
2715 1230 2847 1280 sijn
2879 1234 3091 1283 schult

902 1340 1004 1388 dit
1037 1343 1172 1390 Jaer
1205 1343 1340 1390 door
1374 1342 1441 1388 de
1475 1342 1811 1388 sobreteelt
1844 1342 1980 1390 niet
2013 1345 2183 1392 conde
2214 1349 2282 1395 in
2314 1347 2450 1394 tyde
2482 1347 2720 1396 voldoen
2753 1352 3024 1400 willende

920 1453 1297 1500 dierhalven
1335 1453 1448 1499 ons
1486 1453 1600 1499 den
1636 1453 1901 1499 Solpher
1938 1453 2127 1502 weder
2164 1456 2467 1509 omsenden
2502 1463 2655 1510 ofte
2692 1463 2806 1508 die
2843 1463 2995 1513 maer

917 1579 1159 1627 tegen4
1198 1583 1279 1629 P.
1319 1584 1440 1631 HP.
1478 1582 1520 1628 r
1560 1570 1881 1627 gelyckse
1921 1570 2123 1616 vande
2162 1571 2484 1620 Chinesen
2524 1576 2806 1627 gekocht
2843 1582 3048 1632 heeft

912 1695 1169 1746 betalen
1204 1702 1351 1749 waer
1387 1703 1461 1750 op
1497 1703 1607 1751 ten
1643 1701 1972 1749 antwoorde
2008 1693 2448 1745 dienenlieten
2483 1694 2557 1742 de
2592 1696 2741 1743 may.
2776 1699 2853 1748 t.
2884 1707 3038 1761 sijn

917 1826 1244 1872 beliefte
1284 1825 1489 1874 hadde
1528 1820 1610 1867 te
1650 1816 1854 1864 doen,
1895 1816 2017 1862 het
2058 1815 2221 1861 ware
2261 1812 2424 1859 niet
2465 1811 2628 1857 onse
2668 1812 2833 1860 maer
2872 1815 2995 1863 ons

902 1950 1059 1997 m=rs
1096 1942 1406 1997 goederen
1444 1939 1561 1987 die
1598 1933 1909 1983 hierdoor
1947 1930 2334 1978 intoekomen
2372 1927 2837 1975 'tnaeghmaken
2876 1927 3070 1974 soude

912 2069 1290 2123 andermael
1330 2062 1751 2114 diergelijk
1792 2055 2171 2106 Coopmans.
2211 2056 2337 2102 toe
2379 2056 2463 2102 te
2505 2055 2799 2106 brengen
2840 2061 2967 2107 met

915 2195 1124 2250 welcq
1165 2185 1456 2239 rapport
1492 2178 1622 2229 den
1663 2174 2370 2233 Schrijververtrocq

596 2339 756 2401 adyj
793 2339 908 2385 12.
943 2334 984 2381 e
1018 2327 1136 2377 d:o
1172 2317 1403 2372 souden
1439 2311 1631 2361 onsen
1669 2310 1860 2357 Tolcq
1898 2310 1974 2357 te
2011 2308 2165 2354 hove
2203 2308 2355 2354 omme
2393 2307 2737 2353 ongadingh
2774 2308 2889 2354 aen
2927 2306 3003 2353 te

917 2449 1098 2499 manen
1133 2448 1205 2494 de
1239 2445 1385 2493 syde
1419 2439 1706 2489 gelevert
1742 2439 1957 2486 mochte
1992 2441 2208 2488 worden
2241 2439 2531 2488 dewelcke
2565 2442 2745 2491 sijde
2780 2446 3042 2498 vermits

912 2562 1401 2617 'tregenachtigh
1435 2557 1786 2607 wederheden
1820 2555 1961 2602 niet
1996 2554 2346 2600 geschieden
2380 2552 2556 2600 conde
2590 2553 2732 2602 maer
2765 2558 3013 2610 wachten

925 2690 1141 2736 moests
1177 2691 1285 2736 tot
1320 2682 1572 2735 morgen;
1606 2679 1715 2727 soo
1750 2676 1930 2722 gingh
1964 2674 2288 2722 denselven
2323 2673 2468 2721 oocq
2503 2672 2898 2720 tendienende
2933 2672 3041 2718 nae

936 2817 1013 2863 's
1049 2810 1311 2864 Princen
1349 2808 1499 2854 hoff
1535 2795 1835 2851 daermede
1870 2790 2060 2840 sulck
2098 2790 2173 2835 de
2210 2790 2473 2837 scheijt
2509 2792 2735 2838 creegh
2770 2793 3038 2850 invough

901 2929 1231 2976 desendagh
1267 2928 1523 2976 vermits
1557 2923 1633 2972 't
1669 2917 1853 2968 natte
1888 2911 2072 2961 weder
2108 2909 2512 2957 vruchteloos
2547 2913 2916 2969 passeerden
2949 2927 3026 2974 /.

608 3069 714 3117 ady
748 3065 853 3113 13.
884 3062 958 3109 d.
992 3062 1028 3107 o
1060 3059 1098 3106 S
1132 3055 1376 3102 morgens
1411 3053 1551 3099 nogh
1583 3042 2074 3100 alregenachtigh
2108 3038 2248 3086 ende
2282 3035 2597 3083 muylweder
2631 3033 3053 3087 echtersonden

868 3168 984 3218 des
1021 3164 1214 3213 Tolcq
1251 3161 1559 3211 teneynde
1597 3160 1789 3207 voors
1827 3162 1866 3208 .
1902 3161 2096 3209 weder
2134 3160 2211 3206 te
2249 3157 2403 3204 hove
2441 3156 2825 3203 alwaervoor
2862 3157 2980 3204 den

919 3277 1202 3339 Coningh
1241 3269 1643 3324 geroepenen
1683 3268 1964 3315 gehoort
2002 3266 2246 3314 wierde
2285 3264 2407 3310 die
2445 3265 2971 3322 hemmondelingh

904 3403 1015 3449 ten
1052 3401 1384 3448 antwoorde
1417 3393 1680 3446 dienden
1715 3390 1827 3438 dat
1863 3387 2012 3435 syne
2049 3381 2234 3432 sijde
2270 3379 2418 3426 nogh
2455 3379 2566 3425 met
2602 3379 2677 3425 al
2714 3380 3051 3435 ingekomen

909 3526 1034 3574 was
1074 3515 1443 3572 begerende
1482 3508 1770 3558 deselve
1810 3506 2342 3553 oocqmeteerder
2383 3506 2465 3552 te
2505 3506 2793 3556 leveren
2832 3513 2996 3564 waer

914 3659 988 3704 op
1023 3652 1136 3704 den
1172 3643 1357 3694 Tolcq
1393 3641 1616 3689 seggen
1649 3633 1763 3683 dat
1799 3632 1985 3678 wyder
2021 3631 2170 3678 over
2206 3631 2318 3677 met
2354 3632 2466 3678 wel
2502 3633 2725 3679 sonden
2760 3635 3058 3687 geconten

882 3771 1236 3826 tenteert
1274 3761 1626 3815 wesendoor
1664 3757 1900 3804 diende
1937 3756 2211 3805 Schepen
2248 3751 2367 3799 met
2406 3748 2641 3795 langer
2679 3749 2954 3800 wachten

915 3893 1130 3940 conden
1165 3892 1308 3939 daer
1344 3891 1416 3938 op
1450 3888 1523 3937 de
1554 3881 1701 3930 mai.
1736 3882 1773 3927 t
1808 3883 2273 3931 repliceerden,
2307 3881 2415 3927 als
2451 3881 2523 3927 nu
2558 3883 2665 3928 syn
2701 3880 2987 3929 oprechte

2480 4068 2991 4124 meeninge
