3553 4917
2747 305 2911 363 657

1233 392 1632 443 Erentfeste
1672 393 1872 439 wijse
1910 393 2351 444 voorsienige
2390 400 2589 448 heere

771 623 848 672 De
884 619 1299 668 Cargasoenen
1336 621 1488 668 voor
1524 624 1638 670 dit
1674 617 1939 668 Compt=r
1976 615 2128 661 zijn
2164 617 2277 663 ons
2315 618 2465 664 alle
2501 618 2617 665 van
2653 621 2917 670 Batavia

861 726 998 776 over
1031 723 1334 772 Taijouan,
1367 728 1469 775 als
1501 727 1904 777 directelijck
1937 726 2038 772 van
2072 726 2206 772 daer
2239 727 2542 777 herwaerts
2575 732 2877 787 gedespes¬

872 826 1096 872 cheert,
1127 828 1255 877 door
1286 832 1542 884 behouden
1573 840 1796 890 vaeren,
1828 843 2338 892 niettegenstaende
2369 842 2434 887 al
2465 842 2816 894 eenichsints

865 926 1008 974 laet
1043 926 1151 974 int
1185 930 1506 986 saijsoen,
1540 942 1647 990 met
1682 945 1754 991 de
1789 946 2073 994 fluijten
2109 949 2287 996 gulde
2322 949 2500 996 Gans,
2534 948 2679 994 Salm

865 1040 1391 1092 Hillegaersbergh,
1423 1047 1456 1092 t
1488 1047 1653 1095 Jacht
1685 1049 1751 1095 de
1783 1049 1982 1095 Zeerob
2014 1049 2145 1095 ende
2178 1048 2244 1094 't
2276 1046 2473 1094 fluijt
2506 1049 2670 1095 schip
2703 1050 2933 1101 Meerman

864 1139 932 1186 in
964 1142 1299 1193 qualiteijt
1333 1148 1466 1196 maer
1500 1151 1634 1199 niet
1667 1153 1935 1199 volcomen
1968 1152 2035 1197 in
2069 1152 2404 1200 quanteijt,
2436 1155 2872 1211 insonderheijt

858 1236 967 1283 van
1003 1239 1075 1284 't
1111 1239 1294 1289 Jacht
1329 1244 1403 1293 de
1436 1248 1656 1298 zeerob
1691 1253 1800 1299 wel
1836 1253 2162 1301 geworden,
2199 1256 2345 1305 daer
2379 1261 2634 1313 neffens
2669 1268 2925 1324 becomen

860 1344 919 1390 v.
947 1346 976 1391 E
1004 1345 1266 1393 aengename
1295 1348 1528 1396 missiven
1557 1351 1673 1396 dato
1702 1350 1818 1396 16:'
1847 1350 1992 1396 Julij
2021 1351 2138 1399 10„e
2166 1354 2428 1404 Augustij,
2456 1360 2602 1410 20=en
2630 1365 2748 1413 ende
2775 1368 2834 1416 23
2863 1371 2952 1418 d=o

860 1442 990 1488 waer
1022 1442 1120 1488 bij
1152 1443 1606 1501 principaelijck
1637 1453 1897 1502 vernemen
1930 1452 2028 1498 den
2059 1452 2190 1498 seer
2221 1453 2482 1507 slechten
2513 1463 2643 1511 ende
2675 1466 2902 1518 gelijck

864 1542 903 1590 v
931 1546 969 1594 E
1004 1546 1179 1592 seght
1212 1548 1318 1596 bij
1352 1552 1457 1602 nae
1490 1558 1700 1608 geenen
1734 1562 1978 1608 toevoer
2012 1559 2118 1606 van
2152 1553 2467 1604 Chinesche
2500 1555 2957 1627 Coopmanschap=

864 1644 1006 1693 pen;
1041 1643 1360 1697 niettemin
1394 1653 1536 1704 door
1570 1660 1641 1707 de
1676 1662 1959 1708 Chinesen
1991 1662 2171 1709 Japan
2205 1662 2417 1709 groote
2452 1662 2807 1710 capitaelen

868 1749 1274 1803 toegebracht,
1307 1759 1442 1804 waer
1475 1760 1610 1807 uijt
1644 1761 1846 1807 volght
1879 1762 2048 1808 desen
2081 1762 2250 1808 Jaere
2283 1763 2486 1810 voorde
2519 1763 2722 1809 Comp=e
2755 1762 2890 1808 niet

864 1856 1066 1903 alleen
1098 1857 1298 1904 cleijn
1332 1859 1599 1909 Capitael
1632 1864 1832 1911 alhier
1865 1864 2233 1910 vergaedert,
2266 1865 2399 1911 maer
2432 1866 2567 1911 oock
2599 1866 2734 1913 noch
2766 1869 2966 1917 sobere

858 1957 1085 2006 winsten
1116 1961 1245 2008 vrij
1277 1963 1537 2013 slechter
1568 1968 1665 2014 als
1697 1969 1763 2014 t'
1794 1970 2053 2017 verleden
2084 1971 2214 2017 Jaer
2245 1970 2311 2015 op
2343 1971 2505 2018 veele
2537 1974 2797 2025 goederen

868 2060 1192 2112 behaelen,
1227 2068 1441 2119 twelck
1477 2074 1548 2121 d'
1583 2075 1728 2121 Ed=e
1762 2077 1869 2123 H=r
1905 2078 2120 2128 raeden
2154 2084 2262 2131 van
2297 2087 2476 2133 India
2511 2089 2583 2135 in
2618 2090 2870 2139 Batavia

874 2161 980 2208 als
1015 2161 1122 2209 vE:
1153 2164 1436 2216 schijnen
1471 2171 1998 2226 geconjectureert
2032 2182 2104 2229 te
2137 2185 2384 2235 hebben,
2418 2192 2524 2239 wes
2558 2195 2664 2240 met
2698 2194 2874 2243 goede

874 2255 1169 2307 insichten
1199 2263 1266 2310 om
1297 2266 1364 2313 't
1395 2269 1657 2324 Capitael
1688 2281 1820 2330 voor
1851 2286 2015 2336 Japan
2046 2292 2113 2339 te
2144 2294 2504 2346 vergrooten,
2535 2301 2601 2349 de
2633 2304 2962 2360 persiaense

853 2360 1024 2409 zijde
1056 2365 1193 2413 uijt
1226 2368 1465 2418 Batavia
1497 2375 1634 2426 ende
1666 2383 1938 2439 Taijouan
1971 2394 2277 2446 herwaerts
2310 2402 2582 2451 gesonden
2616 2406 2751 2451 zij,
2784 2406 2890 2457 die

868 2466 1175 2514 Contrarie
1207 2470 1378 2519 aller
1411 2475 1580 2525 H=ren
1614 2479 1783 2526 goede
1817 2481 2089 2535 meeninge
2122 2491 2258 2540 niet
2291 2495 2495 2545 alleen
2528 2500 2732 2547 minder
2765 2503 2945 2553 prijs

857 2565 1094 2616 valeert
1128 2571 1229 2617 als
1263 2572 1466 2622 daerse
1499 2577 1568 2624 t'
1600 2581 1871 2633 verleden
1904 2589 2040 2637 Jaer
2073 2592 2142 2639 op
2174 2596 2478 2642 versonden
2512 2597 2614 2642 is,
2647 2598 2782 2644 maer
2816 2598 2951 2644 oock

856 2671 1007 2719 vrij
1044 2675 1307 2724 meerder
1344 2679 1721 2730 onderwicht
1757 2686 1833 2732 op
1870 2687 2209 2738 bevinden,
2245 2694 2622 2740 ontstaende
2659 2692 2809 2740 dese

863 2776 1144 2826 daelinge
1179 2781 1319 2827 opde
1355 2782 1530 2829 zijde
1565 2784 1706 2831 niet
1741 2787 1951 2836 anders
1986 2791 2092 2838 dan
2127 2793 2267 2839 door
2303 2794 2689 2839 continuatie
2724 2792 2831 2839 der

874 2887 1167 2936 Chinesen
1203 2891 1461 2938 grooten
1496 2893 1790 2939 toevoer,
1826 2894 1937 2941 van
1973 2895 2230 2942 Haccheo
2266 2895 2340 2941 en
2376 2895 2486 2942 bij
2523 2893 2779 2942 gelegen
2814 2891 2965 2944 con=

869 2986 1135 3045 treijen
1172 3001 1475 3050 ongeveer
1512 2999 1703 3049 vijff
1739 2995 2043 3046 hondert,
2080 3001 2232 3047 ende
2270 3002 2383 3048 van
2421 3003 2686 3049 Nanquin
2723 3003 2913 3050 seven

872 3107 1132 3154 hondert
1168 3106 1281 3153 p=l
1318 3105 1541 3152 eenljk
1578 3107 1763 3154 rouwe
1801 3109 1986 3155 zijde
2023 3105 2209 3154 desen
2246 3101 2395 3150 Jare
2432 3097 2581 3145 hier
2616 3094 2692 3140 in
2729 3092 2953 3140 Nange=

874 3215 1089 3264 sacqui
1124 3214 1231 3260 ter
1266 3214 1480 3260 merckt
1515 3214 1835 3261 gebracht,
1870 3215 2012 3261 waer
2048 3213 2155 3260 bij
2190 3211 2261 3257 U.
2293 3208 2332 3256 E
2366 3200 2580 3251 connen
2615 3196 2868 3246 afmeten

870 3315 1010 3363 niet
1043 3319 1250 3367 alleen
1285 3321 1423 3367 door
1457 3318 1837 3366 opstoppinge
1871 3315 2009 3363 ofte
2043 3312 2389 3360 sluijtinge
2423 3311 2527 3357 van
2561 3311 2734 3357 wegen
2768 3310 2999 3356 nochte

878 3424 1013 3470 oock
1045 3425 1179 3471 door
1212 3426 1645 3473 bedurvenheijt
1679 3428 1812 3473 ofte
1844 3423 2245 3473 verwoestinge
2277 3422 2378 3467 van
2410 3419 2612 3467 landen
2645 3420 2878 3467 gelijck
2911 3422 2980 3470 de

874 3526 1148 3579 Chinesen
1181 3535 1251 3582 v.
1284 3537 1352 3582 E.
1387 3537 1729 3585 berichten,
1762 3539 2036 3586 toecomt,
2070 3535 2344 3584 Taijouan
2378 3534 2515 3579 geen
2549 3533 2720 3579 ander
2753 3533 2995 3583 toevoer

870 3636 1092 3685 gedaen
1129 3640 1316 3690 wert;
1349 3645 1501 3692 maer
1536 3646 1686 3692 veel
1723 3645 1834 3691 eer
1871 3644 1945 3690 de
1982 3638 2575 3690 quaetwillicheijt
2612 3637 2686 3682 en
2723 3636 2947 3683 eijgen

863 3743 1497 3793 proffijt=soeckinge
1531 3748 1638 3794 van
1672 3750 1884 3799 Icquan
1918 3755 2059 3802 ende
2093 3757 2269 3804 zijne
2304 3752 2692 3804 Adherenten,
2724 3750 2831 3798 als
2866 3747 3007 3794 oock

867 3845 1030 3894 selfs
1061 3846 1159 3891 die
1191 3846 1288 3893 van
1321 3846 1580 3892 Nanquin.
1612 3846 1677 3892 't
1709 3846 1774 3891 is
1806 3847 1935 3894 oock
1968 3849 2033 3894 te
2065 3850 2324 3898 gelooven
2356 3853 2453 3899 dat
2484 3852 2680 3898 sonder
2712 3852 2777 3897 de
2809 3852 3006 3905 boven„

836 3943 1142 4000 verhaelde
1176 3943 1649 3996 inconvenienten
1682 3950 1750 3995 de
1783 3949 2155 3995 quantiteijt
2188 3947 2357 3994 zijde
2390 3942 2627 3991 grooter
2660 3940 2830 3987 soude
2863 3940 3000 3990 sijn

2443 4066 2914 4117 geweest
