3573 4958
516 351 723 409 Julio
760 341 887 392 ao.
927 336 1093 385 1646

967 456 1300 517 naweijnigh
1333 456 1731 505 stillwijgens
1764 460 1830 506 op
1863 460 2029 507 keecq
2062 462 2195 510 ende
2227 465 2395 518 seyde
2426 474 2526 522 dat
2559 478 2658 525 met
2690 479 2827 525 syne
2856 483 3037 546 Raden

906 584 1177 643 hedenover
1206 582 1297 628 die
1326 580 1475 628 saeck
1505 583 1745 634 consilie
1774 591 2014 638 gehouden
2042 594 2163 642 ende
2191 598 2431 651 besloten
2460 607 2550 654 had
2579 609 2670 654 ons
2698 611 2819 663 nogh
2847 620 2908 666 15
2936 622 3057 674 dagh

951 714 1021 762 op
1052 709 1123 758 te
1156 706 1362 753 houden
1395 706 1568 756 edogh
1601 712 1874 762 begeerde
1909 717 2045 764 onse
2079 719 2285 771 schade
2318 726 2489 773 niet:
2523 727 2662 775 maer
2694 732 2867 782 moste
2899 738 3003 785 ten

946 829 1168 881 minste
1203 825 1352 873 nogh
1386 829 1425 876 5
1460 832 1645 883 dagen
1678 839 1827 885 nade
1862 840 2047 889 sijde
2081 844 2230 890 ende
2264 846 2376 894 met
2411 850 2485 896 de
2520 849 3039 909 Schepenwachten

937 955 1011 1002 op
1046 951 1157 999 dat
1193 950 1266 995 de
1301 946 1632 997 Choinesen
1665 953 1814 1000 daer
1848 956 1959 1006 wel
1994 962 2177 1011 wiste
2213 967 2286 1012 om
2322 967 2505 1013 tleet
2541 969 2652 1016 dat
2686 973 2796 1024 ons
2832 980 3052 1039 vande„

898 1076 1103 1124 „selve
1134 1067 1476 1120 gedaenwas.
1509 1069 1714 1121 dapper
1746 1077 1815 1123 op
1848 1079 2086 1132 gebeten
2118 1089 2289 1138 waren
2322 1093 2764 1147 ondertusschen
2796 1103 3036 1154 mochten

936 1196 1237 1248 boeghnaken
1265 1193 1386 1240 ende
1415 1191 1506 1237 van
1536 1191 1627 1239 ons
1655 1195 1836 1244 bevryt
1864 1200 2076 1251 blijven
2104 1208 2226 1257 daer
2254 1214 2345 1262 van
2373 1219 2436 1267 wy
2463 1224 2554 1270 hem
2583 1226 2764 1278 echter
2792 1234 3097 1292 belooffden

917 1314 1136 1362 deselve
1166 1316 1260 1362 vry
1290 1316 1541 1362 tehouden
1571 1317 1665 1362 soo
1695 1317 1883 1367 souden
1914 1322 1976 1367 sy
2007 1322 2133 1372 oocq
2162 1328 2225 1375 de
2256 1331 2444 1383 kockbo
2473 1339 2598 1386 ende
2629 1341 2693 1389 wy
2722 1346 2787 1394 de
2815 1352 3066 1414 argnaron

927 1423 1064 1470 uijt
1099 1425 1270 1471 lopen
1304 1426 1443 1472 waer
1476 1428 1546 1474 op
1579 1430 1923 1478 antwoorden
1957 1433 2096 1483 alle
2128 1439 2199 1488 de
2231 1444 2541 1500 Revieren,
2575 1456 2782 1514 hebben
2814 1471 2956 1522 haer

933 1546 1340 1597 uijtcompst
1380 1549 1462 1596 in
1501 1546 1667 1594 eene
1705 1551 1828 1599 zee
1866 1554 2112 1602 sonder
2152 1557 2275 1607 een
2314 1563 2559 1612 eenigh
2598 1568 2967 1629 woordmeer
3001 1580 3092 1633 te

928 1661 1296 1713 gebruijken
1330 1665 1586 1713 staende
1622 1669 2024 1724 d'ogenweder
2060 1680 2135 1727 op
2169 1684 2206 1729 t
2242 1684 2390 1737 Spel
2424 1694 2572 1741 ende
2607 1697 2901 1755 endorste
2935 1711 3047 1761 den

926 1789 1135 1842 Capado
1169 1784 1484 1833 ongadingh
1518 1786 1658 1832 oocq
1692 1786 1832 1832 miet
1866 1788 2112 1841 meerder
2145 1798 2460 1859 denselven
2493 1816 2879 1880 aenspreken,
2910 1838 3096 1896 sulcx

927 1911 1340 1960 ongetroost
1378 1908 1996 1958 mostenheengaen,
2037 1913 2162 1961 als
2202 1918 2531 1974 cunnende
2571 1930 2738 1983 niet
2776 1941 3027 2000 anders

926 2038 1001 2085 uy
1037 2040 1373 2088 trechten,
1409 2036 1522 2085 dan
1558 2035 1670 2081 dat
1708 2035 1782 2081 d.
1819 2035 1856 2080 o
1893 2032 2229 2082 Ongadingh
2266 2038 2825 2102 Recommandeerden
2860 2059 3010 2110 onse

923 2163 1145 2210 salren
1182 2154 1516 2207 tenbesten
1552 2153 1627 2199 te
1663 2151 2071 2199 bevoirderen
2107 2154 2219 2200 met
2256 2155 2591 2210 allegatie
2626 2167 2738 2216 dat
2774 2172 3043 2232 tenware

915 2279 980 2325 de
1010 2277 1142 2324 may.
1170 2280 1205 2326 t
1235 2278 1333 2326 ons
1364 2276 1622 2325 liventie
1654 2275 1782 2321 gaff
1814 2273 1911 2319 off
1941 2271 2072 2317 niet
2103 2273 2457 2327 echtermoste
2489 2282 2555 2330 en
2585 2287 2779 2341 souden
2810 2297 3091 2360 denrgaen

892 2405 1007 2458 tsy
1043 2403 1156 2449 dan
1193 2403 1305 2450 dat
1342 2404 1417 2450 de
1454 2403 1603 2449 syde
1640 2402 1938 2449 gelevert
1976 2404 2088 2450 off
2125 2406 2275 2454 niet
2311 2409 2610 2461 gelevert
2646 2417 2871 2472 wierdt
2907 2428 3020 2477 wat

767 2531 1082 2596 gevolgh
1126 2528 1348 2577 sulcx
1392 2521 1748 2573 dannemen
1791 2522 2014 2572 soude
2057 2528 2325 2583 stonde
2368 2539 2812 2596 cortnadels
2855 2552 3036 2604 door

907 2658 1107 2705 onsen
1138 2648 1622 2706 Hollandschen
1662 2647 1901 2696 Prince
1939 2647 2060 2694 van
2099 2650 2378 2703 Batavia
2417 2659 2497 2706 te
2536 2661 2855 2717 vernemen
2893 2673 3093 2729 onses

903 2778 1264 2833 gevoelens
1303 2776 1502 2823 soude
1542 2776 1661 2822 met
1700 2775 1859 2821 veel
1898 2777 2097 2824 minne
2136 2778 2295 2826 maer
2334 2781 2454 2827 int
2492 2783 2691 2834 ontra
2730 2789 3092 2850 welcunnen

883 2903 1256 2950 vijandschap
1289 2903 1460 2950 baren
1493 2903 1765 2951 waermede
1798 2906 2104 2958 affschent
2138 2913 2307 2959 namen
2341 2913 2478 2963 ende
2510 2919 2612 2966 tot
2646 2921 2749 2969 den
2782 2925 3019 2975 Japand.
3053 2930 3087 2975 r

889 3032 1274 3084 Rrisemond.
1311 3036 1351 3082 s
1388 3034 1735 3082 aengingen
1773 3034 1929 3084 door
1966 3040 2121 3089 wien
2158 3046 2274 3094 ons
2312 3049 2429 3100 den
2462 3054 2696 3103 Capado
2735 3056 3008 3113 Ongaton

890 3153 965 3199 de
1001 3154 1075 3200 de
1110 3155 1332 3207 roepen
1363 3157 1514 3208 ende
1549 3156 1917 3208 lietseggen
1952 3164 2136 3211 vande
2172 3167 2320 3215 sake
2355 3172 2538 3219 wiste
2575 3174 2943 3232 mitsgaders
2974 3185 3015 3234 —

877 3283 1046 3336 Raet
1086 3283 1291 3329 wilde
1331 3281 1535 3329 geven
1576 3281 1822 3330 hoeder
1859 3284 2271 3333 inhandelen
2312 3288 2558 3334 souden
2597 3289 2885 3342 twelcke
2924 3299 3052 3347 met

896 3400 1338 3451 danckbaerh.
1377 3407 1418 3453 t
1457 3409 1938 3460 accepteerden
1973 3410 2338 3460 stellende
2378 3415 2499 3461 met
2538 3417 2900 3473 eygenhand
2938 3430 3022 3478 en

893 3528 1017 3575 een
1057 3531 1344 3577 Request
1381 3529 1548 3578 voor
1589 3532 1712 3579 ons
1752 3535 1875 3584 in,
1914 3537 2080 3584 omme
2120 3539 2243 3587 den
2281 3543 2570 3597 Coningh
2609 3553 2692 3600 op
2731 3556 2981 3611 morgen

901 3666 1066 3714 over
1105 3668 1187 3714 te
1227 3669 1551 3716 leveren,
1590 3668 1915 3715 waerdoor
1955 3670 2199 3719 meende
2237 3674 2523 3722 bewogen
2561 3676 2765 3723 soude
2805 3678 3049 3731 werden

878 3797 952 3845 te
988 3795 1205 3841 conden
1241 3795 1349 3840 tot
1385 3794 1748 3842 leverantie
1782 3798 1892 3844 der
1926 3801 2072 3849 zyde
2106 3804 2252 3851 ende
2287 3804 2577 3853 licentie
2611 3809 2721 3857 van
2756 3813 3052 3867 vertrecq

881 3933 1086 3981 onder
1126 3934 1329 3981 wylen
1369 3931 1532 3979 comp
1572 3930 1654 3975 't
1695 3929 1898 3975 volcq
1938 3930 2061 3979 van
2100 3934 2385 3982 beneden
2426 3937 2548 3985 met
2588 3940 3046 3992 schenckagie

2697 4097 2897 4148 aen

10 711 32 757 b

2863 294 3049 350 138
