3642 4883
938 550 1301 603 Decembr.
1341 563 1476 614 Ao.
1515 567 1699 620 1645

1342 710 1586 758 verstondt
1613 713 1777 760 hoeden
1803 715 1993 760 Coninck
2020 715 2102 760 Van
2129 716 2374 764 Visiapour
2400 719 2482 766 der
2508 721 2726 770 Neijcken
2753 725 2997 774 schrijven
3024 729 3078 774 en
3106 726 3405 775 aenbiedinge

1354 813 1494 861 hadde
1521 813 1829 860 aengenomen,
1855 813 2080 860 seggende
2108 813 2164 859 d'
2191 813 2304 859 Mais
2331 813 2359 859 r
2387 814 2471 860 van
2498 814 2751 863 Carnatica
2778 818 2864 864 met
2890 820 3086 866 'tgeldt
3111 817 3256 867 Vande

1350 914 1585 967 tleijcken
1610 912 1740 959 heeft
1766 911 1844 957 den
1870 909 2259 956 golvondaetschen
2284 911 2544 960 Verereven,
2568 915 2673 961 ende
2698 916 2750 961 Is
2776 916 2984 963 daerdoor
3009 918 3087 964 soo
3112 918 3376 969 Hoveerdigh

1356 1013 1581 1068 geworden
1607 1012 1691 1057 dat
1718 1011 1829 1057 niet
1856 1008 1967 1055 eens
1994 1005 2160 1052 denckt
2188 1005 2271 1050 ons
2298 1005 2409 1051 sijn
2436 1006 2740 1053 achterwesen
2768 1008 2823 1053 te
2850 1008 3072 1055 voldoen,
3099 1011 3154 1056 't
3181 1009 3265 1056 lb:
3292 1009 3377 1056 dan

1361 1111 1485 1158 beter
1510 1110 1584 1156 mij
1609 1110 1659 1156 In
1683 1111 1783 1156 dese
1807 1106 2130 1156 gelegentheijt
2155 1105 2204 1151 d'
2229 1104 2428 1150 Neijcken
2452 1104 2750 1150 adsisteren:)
2775 1102 2998 1149 Ingevolge
3023 1102 3097 1147 gaf
3122 1100 3246 1147 ordre
3271 1098 3346 1145 aen

1359 1216 1682 1269 Musthafschan
1708 1214 1789 1260 hem
1815 1212 1897 1259 met
1922 1210 1977 1257 d'
2003 1207 2218 1254 Neijcken
2245 1207 2487 1252 sevougen,
2513 1207 2675 1252 alwaer
2701 1206 2863 1252 groote
2889 1206 3157 1253 proffijten
3184 1203 3320 1251 Conde

1359 1322 1579 1371 erlangen.
1603 1321 1628 1366 /
1651 1317 1726 1365 soo
1748 1315 1823 1361 was
1847 1315 1896 1360 d.
1921 1315 1945 1360 e
1967 1309 2263 1360 musthofschan
2287 1309 2385 1355 oock
2409 1309 2605 1355 alreedts
2629 1310 2679 1355 in
2702 1310 2922 1356 aentocht,
2947 1310 3044 1356 ende
3069 1310 3142 1355 tot
3165 1304 3439 1355 Bockapatang

1350 1432 1544 1486 gecomen
1570 1431 1625 1477 in
1652 1426 1870 1476 meeninge
1897 1420 2061 1470 syjnde
2087 1418 2198 1464 dese
2224 1419 2388 1465 soecke
2414 1419 2497 1465 soo
2522 1417 2578 1464 te
2605 1416 2851 1463 beleggen,
2876 1414 2960 1461 dat
2986 1414 3069 1460 den
3094 1409 3286 1458 Coninck

1352 1541 1691 1608 Coninckblyft,
1716 1541 1819 1587 ende
1844 1539 1896 1585 d'
1921 1539 2128 1585 kleycken
2152 1540 2205 1587 's
2227 1541 2358 1588 haere
2384 1541 2564 1586 houden,
2587 1533 2923 1584 ondertusschen
2948 1527 3179 1578 Wedereyts
3204 1522 3359 1571 groote

1333 1663 1527 1721 schatten
1548 1660 1599 1707 te
1621 1654 1814 1704 becomen,
1837 1653 1933 1700 doch
1957 1652 2029 1698 wie
2052 1652 2148 1698 sijn
2172 1652 2411 1698 voorslagh,
2434 1650 2555 1697 soude
2579 1650 2794 1696 verwerpen
2818 1650 2866 1696 op
2888 1649 2961 1696 die
2985 1649 3033 1694 te
3055 1648 3224 1694 vallen,
3247 1645 3404 1692 hebben

1345 1783 1424 1833 tot
1448 1777 1551 1827 dien
1575 1772 1729 1821 eijnde
1753 1770 1830 1816 den
1854 1767 2033 1815 Coninck
2059 1767 2312 1812 gescheeven
2338 1767 2389 1813 d'
2414 1767 2542 1813 Mais.
2566 1768 2592 1814 t
2614 1764 2744 1814 wilde
2769 1761 2896 1809 Comen
2921 1756 3100 1806 buijten
3123 1750 3278 1800 Velouw

1355 1895 1445 1944 tot
1472 1890 1591 1938 aent
1618 1884 1766 1935 Bosch
1794 1882 1970 1928 alwaer
1998 1880 2087 1926 hem
2115 1877 2379 1925 ontmoeten
2407 1875 2554 1924 soude
2581 1872 2642 1919 om
2670 1871 2875 1918 tesamen
2904 1870 2963 1916 te
2991 1867 3255 1914 handelen,

1233 2057 1321 2106 Den
1346 2047 1547 2102 Coninck
1574 2043 1717 2091 werdt
1745 2042 1858 2088 door
1886 2041 2000 2086 sijn
2028 2038 2339 2086 ambassadeur
2367 2037 2452 2083 bij
2481 2035 2566 2082 der
2593 2032 2764 2080 maijs.
2792 2032 2820 2077 s
2849 2032 3019 2079 vander
3046 2029 3308 2078 resideren

1323 2156 1680 2208 aengeschreven
1707 2155 1790 2201 hoe
1817 2153 1900 2199 dat
1926 2152 2037 2198 Chan
2064 2150 2174 2196 Chan
2201 2144 2422 2194 doorlast
2445 2140 2586 2190 sijns
2613 2140 2806 2186 Conincx
2833 2140 2916 2186 als
2943 2136 3245 2185 mustafschan

1329 2266 1547 2321 alreedts
1574 2266 1655 2311 bij
1681 2262 1870 2310 simlaje
1896 2258 1977 2305 des
2003 2255 2192 2302 Conincx
2218 2254 2354 2300 vader
2380 2254 2462 2301 Was
2488 2256 2569 2301 met
2594 2253 2730 2301 sijne
2757 2252 2918 2298 armade
2945 2247 3215 2297 aengecomen

1323 2385 1406 2435 den
1433 2379 1595 2429 selven
1622 2371 1865 2424 voorsijne
1891 2369 2054 2416 gastus
2080 2367 2189 2414 5000
2216 2366 2405 2412 pagoden
2432 2363 2621 2411 gegeven
2647 2361 2756 2408 oocq
2781 2356 2972 2406 eenigen
2999 2353 3188 2401 paerden
3214 2349 3269 2396 en

1326 2492 1541 2548 Juweelen
1567 2487 1780 2537 vereert,
1805 2485 1912 2532 stem
1938 2483 2044 2529 voor
2071 2482 2203 2528 sijne
2230 2480 2415 2527 Vrouwen
2442 2479 2521 2525 Int
2548 2479 2680 2524 landt
2706 2478 2786 2523 van
2812 2477 2892 2522 met
2919 2475 3078 2522 rewaer
3103 2471 3184 2519 een
3209 2461 3423 2515 sterckte

1328 2614 1585 2665 Ingegeven,
1609 2609 1713 2658 ende
1737 2607 1815 2654 was
1840 2603 2097 2652 voornemens
2122 2602 2225 2648 naer
2249 2601 2302 2648 d'
2326 2598 2456 2645 Eijde
2481 2597 2558 2643 van
2583 2595 2712 2642 tripe
2736 2592 2815 2640 tij
2839 2588 2994 2637 verder
3020 2587 3071 2633 in
3096 2581 3328 2632 Carnatica
3347 2575 3404 2625 te

1339 2730 1529 2780 vallen,
1555 2724 1719 2775 echter
1745 2718 1963 2769 schreeff
1990 2715 2099 2762 Chan
2126 2713 2235 2760 Chan
2262 2713 2317 2759 d'
2342 2710 2506 2759 Maijs.
2533 2708 2615 2755 hij
2641 2706 2750 2752 niet
2777 2703 2832 2750 by
2857 2701 2942 2747 des
2967 2701 3158 2749 Conincx
3183 2699 3323 2747 Vader

1331 2844 1515 2902 gecomen
1540 2842 1618 2888 was
1644 2842 1696 2887 om
1720 2840 1773 2886 d'
1797 2836 1927 2885 mags.
1952 2835 1979 2881 t
2004 2834 2082 2880 van
2107 2830 2211 2879 sijn
2235 2826 2392 2874 Croone
2416 2823 2469 2870 te
2493 2818 2726 2868 beroopen,
2751 2817 2804 2863 en
2829 2817 2907 2862 den
2932 2815 3062 2862 Vader
3087 2813 3242 2860 daerin
3265 2808 3320 2856 te

1354 2956 1569 3004 stellen,
1595 2958 1702 3003 maer
1728 2953 1943 3003 eenlijck
1969 2951 2023 2996 om
2049 2949 2104 2995 vr
2128 2943 2425 2993 differenten
2449 2936 2665 2986 tusschen
2691 2932 2852 2980 beiden
2877 2931 2933 2977 te
2957 2926 3146 2977 stillen
3172 2925 3226 2971 en
3253 2918 3388 2971 Vrede

1337 3082 1396 3131 te
1422 3075 1647 3126 maecken,
1675 3074 1732 3120 en
1759 3074 1816 3119 of
1843 3069 1983 3118 weld'
2010 3066 2152 3114 mags.
2179 3067 2207 3113 t
2233 3061 2459 3110 weijnich
2486 3062 2626 3107 wercx
2652 3057 2739 3107 van
2766 3055 2850 3101 hem
2877 3044 3074 3098 maeckte
3101 3041 3214 3088 (als
3240 3031 3410 3085 hebben

1319 3193 1461 3246 sijne
1487 3187 1820 3239 Ambassadeurs
1847 3185 1931 3232 wel
1958 3183 2042 3229 aen
2069 3177 2374 3227 mustafschan
2402 3177 2485 3222 met
2513 3173 2818 3222 schenckagie
2844 3171 2901 3218 en
2928 3169 3039 3216 niet
3067 3167 3150 3214 aen
3177 3164 3289 3211 hem)
3315 3158 3400 3208 soo

1336 3311 1417 3358 was
1442 3304 1604 3353 echter
1629 3300 1711 3348 ten
1736 3296 1925 3344 beveele
1951 3295 2058 3343 syns
2085 3295 2273 3342 Conincx
2297 3293 2540 3342 veerdigh,
2565 3291 2646 3337 oen
2673 3289 2834 3336 eijnde
2860 3287 2941 3334 der
2967 3283 3235 3333 geschillen
3260 3280 3315 3327 te

1229 3418 1507 3490 helpen
1551 3407 1877 3462 Maecken

1279 3554 1484 3614 maijs.
1515 3551 1618 3598 HE:
1651 3548 1787 3598 mede
1818 3535 2258 3591 aengeschreven
2292 3531 2494 3581 hoeden
2528 3527 2764 3576 Coninck
2795 3524 2898 3572 van
2932 3522 3204 3570 Solconda

1305 3650 1571 3704 Jnnesiende
1596 3649 1677 3695 den
1703 3645 1941 3695 presenten
1968 3643 2153 3690 swacken
2180 3639 2339 3688 standt
2365 3637 2445 3684 van
2471 3634 2736 3682 Carnatica,
2762 3633 2868 3680 ende
2894 3631 2974 3677 dat
3001 3630 3054 3676 d'
3080 3626 3398 3676 Visiapoursch

1296 3763 1361 3812 In
1390 3754 1637 3806 aentocht
1667 3750 1883 3799 Waeren,
1912 3747 2220 3795 voornemens
2251 3747 2344 3793 Was
2373 3747 2651 3793 oudegiere
2680 3743 2835 3791 weder
2865 3741 2927 3788 te
2957 3738 3296 3787 bemachtigen

1291 3866 1526 3925 hebbende
1554 3864 1643 3911 tot
1668 3860 1788 3908 dien
1817 3858 1963 3905 eynde
1992 3857 2168 3903 eenich
2196 3855 2343 3901 volcq
2370 3854 2459 3901 tot
2488 3852 2751 3898 wienconde
2779 3847 3165 3897 gecommandeert

3187 3845 3236 3897 -

1239 4016 1388 4068 Alle
1420 4013 1640 4061 welcke
1672 4011 1928 4059 tydinge
1964 4009 2072 4056 den
2107 4006 2540 4054 Carnatischen
2571 4005 2829 4054 Coninck
2864 4003 3009 4050 niet
3044 3996 3334 4047 weijnich

1299 4117 1582 4171 ontstelden
1609 4115 1751 4162 heeft
1778 4112 2033 4159 derhalven
2060 4111 2145 4157 den
2173 4111 2484 4160 Ambatsadeur
2511 4113 2597 4159 der
2624 4112 2850 4160 Neijcken
2877 4111 3187 4161 aengeseght,
3215 4116 3272 4163 en

1292 4225 1437 4280 selfs
1462 4216 1775 4270 geschreven,
1803 4216 1887 4261 sij
1915 4216 2084 4261 wilden
2112 4216 2226 4263 door
2252 4219 2562 4271 moetwillige
2590 4226 2815 4272 ramschap
2843 4224 2955 4271 niet
2984 4222 3152 4269 alseen
3180 4222 3267 4268 hem
