3451 4937
639 272 802 327 Maij
840 267 963 316 alo
1002 264 1166 311 1646

1147 487 1252 536 der
1284 490 1557 539 Chinesen
1591 490 1660 536 op
1694 490 2035 542 denmiddagh
2069 494 2274 543 noghte
2308 493 2683 542 hovevoorden
2717 495 2990 542 Coningh,
3024 494 3229 541 welcke

1150 605 1407 653 niemandt
1438 606 1632 652 anders
1663 605 1792 652 voor
1824 605 1921 650 hem
1953 606 2082 652 liet
2112 604 2627 652 verschynendand:s
2659 606 2692 652 2
2723 608 3014 657 oppersten
3044 614 3143 662 der

1108 727 1368 783 Joncquen
1398 717 1689 770 beneffens
1720 716 1849 762 hare
1881 716 2266 762 schenckagie,
2298 714 2395 760 die
2427 714 2492 760 in
2523 715 2619 761 een
2652 716 2813 762 biste
2844 718 3102 772 besloten
3133 728 3230 775 was

1160 841 1393 892 werdende
1420 835 1566 885 haren
1594 830 1826 879 verderen
1854 829 2000 876 sleep
2028 831 2231 879 duytent
2259 834 2636 881 hoffgehouden,
2663 836 2780 882 ende
2808 838 2896 885 soo
2923 841 3278 891 watpasselijk

1147 955 1239 1002 wel
1269 949 1635 999 getracteert,
1665 946 1849 994 vandes
1879 946 2063 994 Jongen
2093 950 2338 998 Coninghs
2367 953 2581 999 Capado,
2612 954 2703 999 die
2734 954 2857 1001 daer
2886 958 2949 1005 op
2977 961 3009 1007 t
3038 963 3194 1014 slagh

1156 1070 1321 1119 quam,
1352 1065 1581 1114 slaende
1613 1063 1744 1110 ende
1776 1061 2102 1109 scheurende
2134 1065 2264 1114 alle
2297 1069 2428 1118 hare
2459 1073 2785 1120 palankins,
2817 1074 3078 1124 vaendels
3109 1080 3243 1134 ende

1153 1193 1498 1243 quitasollen
1528 1190 1876 1238 aenstucken,
1906 1191 2064 1238 omdat
2095 1194 2221 1242 haer
2252 1197 2346 1242 soo
2377 1197 2661 1248 vernieten
2691 1202 2881 1252 hadden
2911 1207 3195 1260 gethoondt

1150 1322 1237 1368 met
1265 1322 1468 1368 deselve
1496 1323 1582 1369 soo
1611 1323 1957 1370 pompenselijk
1985 1325 2073 1371 int
2101 1326 2246 1373 hooff
2273 1328 2331 1374 te
2360 1328 2534 1376 comen,
2561 1330 2677 1376 ende
2706 1331 2909 1382 wierden
2935 1339 3110 1387 aldaer
3137 1344 3253 1391 van„

1151 1449 1460 1499 desselffs.
1489 1452 1736 1498 Soldaten
1766 1453 1858 1498 vry
1889 1452 2134 1498 schemper
2165 1452 2227 1497 en
2257 1451 2441 1498 elijck
2472 1453 2873 1509 toegesproken,
2901 1465 3025 1511 Iten
3055 1467 3270 1514 lominge

1155 1590 1257 1637 met
1290 1587 1765 1635 slagengegroet.
1798 1588 2238 1634 ondertusschen
2271 1588 2509 1635 wierden
2542 1591 2746 1637 voors:
2779 1592 2916 1639 twee
2948 1595 3253 1650 Oppersten

1149 1719 1340 1769 binnen
1372 1719 1436 1765 by
1467 1720 1563 1766 den
1593 1718 1816 1767 Coningh
1846 1715 2069 1762 wesende
2100 1717 2260 1763 corte
2290 1719 2576 1767 Expeditie
2607 1722 2861 1772 gegeven,
2892 1727 3021 1775 ende
3051 1731 3217 1780 ijder

1100 1850 1410 1897 vereeringe
1440 1849 1533 1894 van
1564 1849 1626 1894 10
1656 1848 1720 1894 d:
1750 1849 1968 1897 silver,
1997 1851 2307 1898 Itemgalast
2338 1852 2400 1898 in
2430 1853 2709 1899 apprentie
2740 1854 2988 1905 tesetten
3018 1860 3112 1906 ter
3142 1860 3268 1907 tijt

1118 1979 1218 2025 den
1252 1976 1620 2024 ambassedeur
1653 1976 1720 2022 te
1753 1975 2055 2021 hovecomen
2088 1976 2290 2024 soude,
2322 1980 2490 2028 wiens
2523 1983 2858 2032 lakenhoren
2890 1987 3025 2034 ende
3058 1989 3259 2038 wyders

1147 2103 1293 2149 alles
1321 2099 1673 2148 affhandelen,
1701 2099 1818 2146 ende
1847 2101 1906 2146 te
1935 2101 2111 2147 rechte
2139 2102 2315 2150 helpen
2343 2106 2549 2156 sonder,
2577 2112 2754 2162 sonder
2781 2118 2899 2166 ijts
2927 2122 3104 2171 anders
3131 2128 3219 2174 van

1147 2224 1350 2272 Emporte
1377 2223 1466 2271 met
1494 2221 1581 2267 hun
1609 2219 1901 2266 tespreken,
1928 2222 2016 2269 hoe
2044 2225 2305 2275 denselven
2334 2230 2393 2277 op
2420 2233 2565 2282 sijne
2594 2237 2971 2291 verschijninge
2999 2246 3057 2292 te
3086 2247 3263 2293 troove

1130 2343 1384 2390 varensal
1416 2342 1448 2388 /
1478 2341 1607 2388 word
1638 2342 2020 2390 gesustineert
2051 2345 2243 2393 sleght
2273 2349 2559 2399 genoechte
2591 2354 2751 2403 wesen
2782 2359 3005 2408 sullen,
3036 2359 3259 2410 gemerct

1137 2465 1274 2512 voor
1307 2464 1444 2511 sijn
1478 2462 1717 2509 compste
1751 2463 1854 2508 den
1888 2462 2230 2510 Princeniet
2263 2466 2673 2519 willenkennen
2706 2474 2946 2524 hebben:
2980 2478 3117 2528 maer

1135 2590 1408 2642 desselffs
1437 2591 1888 2637 gecommitteerde,
1918 2591 2008 2637 die
2038 2591 2398 2642 verscheijden
2427 2598 2577 2646 malen
2607 2601 2727 2647 haer
2757 2602 2907 2649 hadde
2937 2604 3272 2656 toegesonden

1119 2711 1371 2759 t'elckens
1399 2713 1624 2759 metslaen
1651 2714 1764 2759 ende
1791 2714 1988 2761 spytige
2016 2716 2213 2763 woorden
2240 2718 2352 2763 seer
2380 2718 2577 2767 qualijk
2605 2718 2914 2767 getracteert

1723 2925 2004 2983 Tinio
2056 2918 2280 2967 anno
2335 2920 2558 2979 1646

1411 3030 1506 3088 2

818 3152 958 3209 Ndij
989 3167 1096 3215 P„r
1126 3174 1230 3221 d:o
1262 3163 1641 3219 warenbesigh
1675 3164 1779 3210 met
1812 3166 2053 3214 partije
2086 3168 2327 3214 stoffen
2361 3168 2499 3216 ende
2533 3171 2740 3222 sitouw
2772 3178 2876 3229 aff
2909 3183 2980 3228 te
3013 3185 3254 3239 Schepen

1046 3274 1164 3324 in
1217 3281 1393 3329 den
1447 3280 1742 3330 heer.

921 3404 1043 3452 adij
1070 3407 1160 3453 2„e
1189 3403 1280 3452 d:o
1307 3400 1487 3446 schoon
1517 3401 1845 3448 Sonneschijn
1874 3404 2054 3452 weder,
2082 3407 2172 3453 het
2201 3408 2292 3455 den
2320 3411 2649 3461 Coninghalle
2677 3416 2946 3468 desselffs
2975 3422 3218 3478 galeijen

1131 3519 1198 3565 te
1231 3519 1398 3566 water
1432 3519 1666 3566 brengen
1698 3521 1966 3568 teneynde
1999 3523 2100 3569 die
2133 3524 2434 3577 beneffens
2466 3532 2601 3579 syne
2633 3535 2968 3587 Eliphanten
3000 3542 3245 3599 paerden

1101 3645 1222 3695 ende
1250 3643 1370 3689 alle
1398 3645 1634 3692 Chrijghs
1662 3645 2075 3692 gereetschappen
2105 3645 2194 3691 den
2222 3646 2458 3698 Chinesen
2487 3654 2812 3702 ambassadeur
2840 3658 2930 3704 die
2958 3660 3048 3708 ten
3076 3664 3224 3711 toone

1114 3756 1174 3804 te
1202 3756 1434 3803 stellen:
1462 3759 1577 3806 omme
1606 3761 1664 3806 te
1692 3761 1923 3808 vernemen
1952 3761 2039 3807 off
2067 3760 2183 3806 sigh
2211 3759 2327 3805 nogh
2355 3761 2644 3810 evengroots
2672 3765 2788 3812 ende
2816 3767 3048 3818 arrogant
3076 3773 3253 3824 soude,

1114 3872 1336 3923 thonen,
1366 3875 1460 3921 als
1490 3876 1709 3922 wanneer
1740 3877 2052 3925 consuleren
2083 3880 2271 3926 wilden
2301 3882 2395 3929 wat
2426 3884 2520 3930 met
2550 3886 2645 3933 hem
2675 3888 2737 3933 te
2768 3888 2895 3935 doen
2924 3891 3081 3942 meent
3111 3898 3177 3944 te

2870 4018 3118 4075 hebben

1277 3071 1393 3119 mo
