3505 4801
2712 471 2899 523 1015

888 529 1175 578 geweest,
1211 530 1534 578 aenwelcke
1569 534 1640 580 de
1676 535 1964 583 portuges
1998 539 2178 587 inden
2212 542 2392 588 begin
2428 543 2644 592 17000:
2678 544 3037 595 serasijnen

912 632 1136 680 hebben
1173 634 1398 684 moeten
1434 641 1806 693 largeeren,
1843 648 1918 695 om
1955 650 2067 696 dat
2104 649 2253 695 twee
2291 649 2589 696 Conincks
2626 651 2887 697 schepen
2924 651 3040 700 van

905 736 1192 784 souratta
1227 736 1371 783 toll
1406 739 1765 787 vrygegeven
1800 743 2051 791 hebben,
2086 745 2373 792 geseijde
2409 743 2588 790 pacht
2624 744 2697 790 js
2731 745 2839 791 van
2873 739 3019 788 Jaer

913 833 1018 879 tot
1053 833 1192 879 Jaer
1226 834 1365 882 door
1399 838 1539 885 onse
1572 841 1919 887 besettinge
1954 842 2093 888 voor
2127 843 2233 892 goa
2266 848 2475 898 (:waer
2508 854 2648 900 door
2681 851 2960 900 d'mooren

907 936 1336 986 eerststerck
1374 940 1491 989 ter
1529 944 1646 990 zee
1684 945 2150 995 geequipeert,
2188 951 2343 998 ende
2381 953 2575 999 haere
2614 950 2933 999 goederen

908 1042 1016 1090 van
1051 1041 1230 1088 Hier,
1265 1044 1586 1095 Brootcha,
1621 1050 1728 1096 end
1763 1052 2048 1100 Cambaija
2084 1055 2226 1101 naer
2262 1055 2654 1103 verscheyjde
2688 1053 3045 1101 quartieren

892 1155 1104 1205 sonder
1139 1156 1279 1202 dien
1314 1156 1419 1202 aen
1454 1156 1523 1201 te
1557 1155 1803 1201 loopen,
1838 1156 2082 1202 gevoert
2117 1157 2396 1203 hebben:)
2431 1158 2851 1204 gediminueert
2885 1158 3027 1206 ende

911 1259 1289 1307 eijndelijck
1324 1262 1427 1307 bij
1460 1261 1599 1307 naer
1633 1260 1737 1306 tot
1771 1261 1908 1307 niet
1942 1262 2218 1309 geloopen
2252 1264 2355 1309 soo
2388 1262 2493 1309 dat
2527 1262 2666 1308 zijn
2699 1258 3044 1309 Excelentie

896 1366 1008 1413 den
1044 1367 1192 1414 thol
1228 1370 1486 1417 present
1523 1372 1634 1419 aen
1670 1372 1818 1418 sich
1854 1372 2150 1419 gehouden
2186 1374 2407 1421 heeft,
2443 1375 2591 1420 ende
2624 1368 2886 1420 begeert
2922 1366 3033 1413 dat

891 1477 963 1523 de
999 1477 1213 1522 Mooren
1248 1478 1320 1526 de
1355 1481 1676 1530 ordinaris
1712 1480 2211 1530 gerechticheijt
2246 1479 2353 1525 van
2388 1478 2460 1523 6:
2496 1478 2603 1525 p„r
2638 1478 2781 1525 c=to
2814 1471 3031 1522 voort„

865 1591 1016 1645 „aen
1052 1590 1347 1636 betaelen
1383 1590 1533 1636 ofte
1567 1592 1715 1639 geen
1752 1591 1974 1637 passen
2010 1592 2378 1638 obtineeren
2415 1592 2636 1639 sullen
2672 1593 2820 1639 waer
2856 1594 2967 1640 bij

902 1707 1446 1757 continueerende
1483 1712 1678 1759 staet
1716 1711 2105 1759 geschapen,
2144 1709 2260 1756 dat
2298 1707 2454 1753 alle
2492 1707 2571 1753 de
2609 1709 2920 1756 Moorsche

893 1818 1134 1864 schepen
1168 1818 1340 1865 (:die
1374 1821 1512 1867 voor
1544 1823 1683 1873 dese
1716 1828 1888 1877 stadt
1921 1833 2162 1881 omtrent
2196 1836 2299 1882 20:
2333 1836 2436 1883 soo
2469 1834 2641 1880 groot
2672 1830 2779 1879 als
2811 1822 3020 1875 cleijn

892 1917 1028 1967 sijn
1061 1922 1129 1967 :)
1163 1922 1231 1967 in
1264 1922 1434 1971 corte
1465 1925 1671 1972 Jaeren
1705 1927 1841 1973 gans
1873 1929 2111 1978 vergaen
2144 1932 2349 1978 sullen
2381 1935 2517 1982 ende
2551 1935 2822 1982 voortaen
2856 1935 2964 1985 een

893 2035 1106 2086 goeden
1141 2032 1426 2079 stuijver
1462 2032 1604 2078 voor
1639 2033 1747 2078 ons
1781 2035 1924 2082 ende
1959 2036 2315 2084 d'Engelsz:
2349 2035 2456 2082 met
2492 2033 2706 2080 vracht
2741 2033 3028 2081 goederen

851 2146 930 2192 te
968 2146 1202 2194 laeden
1240 2146 1357 2191 zal
1395 2145 1629 2190 connen
1668 2145 1978 2190 verdient
2017 2145 2328 2195 werden/.

739 2306 856 2354 Soo
894 2306 1087 2353 haest
1121 2307 1394 2355 d'agras
1433 2310 1702 2359 cassila
1740 2315 1818 2361 in
1854 2315 2086 2361 Reneer
2124 2315 2547 2362 gearriveert
2585 2316 2662 2361 is
2701 2316 3014 2368 geweest,

889 2416 1084 2466 hebbe
1121 2416 1200 2463 de
1237 2419 1353 2465 409
1392 2420 1623 2466 packen
1662 2421 1855 2466 agras
1892 2422 2125 2471 Indigo
2162 2426 2240 2473 de
2278 2429 2509 2474 welcke
2548 2428 2779 2475 nevens
2817 2421 2972 2472 dese

876 2521 1028 2569 gaen
1066 2522 1407 2569 overwegen
1444 2523 1673 2570 laten,
1707 2522 1861 2571 ende
1898 2522 2201 2570 bevonden
2238 2524 2468 2571 bruto.
2502 2528 2541 2578 .
2578 2531 2655 2578 lb
2692 2529 2920 2576 87105:

964 2627 1109 2674 voor
1145 2629 1326 2676 tarra
1363 2631 1399 2676 a
1435 2631 1508 2676 11
1544 2631 1653 2677 lb:
1689 2632 1798 2680 p=r
1834 2635 1980 2684 pack
2015 2639 2197 2686 comt.
2232 2637 2269 2683 .
2305 2638 2341 2683 .
2377 2637 2414 2683 .
2450 2636 2487 2681 .
2522 2637 2559 2683 .
2594 2638 2633 2684 .
2667 2639 2704 2685 „
2739 2633 2925 2683 4499:

1954 2757 2149 2809 Rest
2195 2766 2438 2815 netto
2485 2769 2583 2816 lb
2631 2769 2927 2821 82606:

898 2875 1045 2921 ende
1080 2875 1339 2926 behoort
1374 2882 1632 2932 volgens
1668 2887 1925 2938 factura
1961 2893 2035 2940 te
2071 2895 2255 2941 zijne
2291 2897 2439 2943 6700
2470 2895 2551 2944 lb

887 2983 993 3030 soo
1027 2986 1132 3033 dat
1166 2989 1517 3041 gelacceert
1551 2996 1622 3043 is
1655 3000 1691 3047 4
1725 3001 1866 3048 23/2
1900 3002 2006 3049 p=r
2039 3001 2180 3048 c=to
2215 2997 2390 3046 ofte.
2425 2997 2461 3042 .
2495 2998 2530 3044 .
2564 2999 2603 3045 .
2633 3004 2704 3051 lb
2739 3006 2917 3053 4102:

2062 3157 2349 3207 Somma
2406 3159 2521 3205 lb
2577 3161 2921 3208 86708:

811 3295 1215 3344 verhoopende
1251 3300 1361 3346 int
1396 3302 1763 3352 nederlandt
1799 3308 1946 3356 daer
1982 3311 2055 3358 op
2090 3312 2239 3361 geen
2274 3316 2532 3365 meerder
2567 3321 2786 3368 ond„r„
2823 3323 3006 3369 wicht

865 3406 963 3452 sal
995 3407 1257 3457 gevonden
1289 3412 1518 3463 werden,
1550 3419 1648 3465 dat
1680 3420 1778 3466 ons
1811 3421 1878 3467 't
1908 3424 2137 3470 sijnder
2169 3424 2300 3470 tijt
2333 3425 2399 3471 te
2431 3426 2692 3476 vernemen
2724 3431 2927 3478 staet,

756 3579 981 3626 Indigo
1017 3581 1317 3630 sirchees
1353 3586 1615 3635 becomen
1652 3591 1690 3637 u
1726 3592 1913 3641 Ed=ts
1951 3596 2063 3642 met
2100 3596 2213 3645 dit
2249 3601 2436 3649 schip
2473 3603 2661 3649 geene
2697 3605 2772 3650 om
2809 3604 2999 3656 reden

884 3695 961 3741 in
1000 3696 1194 3743 mijne
1232 3698 1503 3746 laetste
1542 3701 1969 3752 aengewesen,
2005 3708 2199 3754 edoch
2238 3708 2316 3754 in
2354 3709 2510 3757 onse
2547 3713 2742 3760 goede
2780 3709 2974 3760 hoope

871 3804 994 3855 tot
1033 3811 1355 3862 alfslagh
1396 3817 1678 3864 vandien
1718 3819 1880 3864 sijn
1919 3819 2081 3865 niet
2120 3819 2564 3867 gefrusteert
2604 3820 2967 3868 geworden,

872 3921 1335 3971 aengemerckt
1377 3926 1503 3972 den
1545 3927 2049 3975 oppercoopman
2091 3930 2302 3978 Jacob
2343 3933 2470 3980 van
2511 3936 3015 3987 kittensteijn

874 4034 979 4081 bij
1012 4035 1082 4081 de
1115 4037 1288 4084 sijne
1321 4039 1425 4085 van
1458 4041 1631 4087 23=en
1665 4043 1905 4089 passado
1939 4042 2043 4088 aen
2077 4043 2214 4089 mijn
2248 4044 2558 4095 schrijft,
2592 4050 2696 4096 dat
2729 4052 2867 4099 106:
2900 4054 3005 4101 man

864 4156 1087 4204 schoon
1124 4156 1271 4202 goet
1308 4157 1420 4203 tot
1456 4159 1529 4205 19
1566 4160 1640 4206 /8
1677 4160 1861 4206 rop=a
1898 4161 1972 4206 de
2009 4161 2119 4207 man
2156 4162 2673 4212 gecontracteert
2709 4167 2937 4215 hadde,

866 4273 1392 4322 sustineerende
1431 4275 1513 4321 de
1549 4275 1714 4322 rest
1754 4276 1876 4323 van
1915 4279 1956 4324 u
1996 4278 2198 4325 Ed=ls
2238 4278 2440 4324 eysch
2480 4278 2723 4326 vanden
2763 4282 3005 4333 besten

2631 4413 2899 4464 Indigo

0 739 231 787 gaedt,

169 632 237 679 le
