3403 5135
940 285 1202 335 alomme,
1239 283 1389 329 ende
1424 281 1575 328 mits
1612 276 1762 326 dien
1798 273 1948 320 niet
1985 272 2284 320 raetsaem
2321 275 2434 321 was
2468 275 2732 323 meerder
2768 278 3067 325 onlusten
3104 278 3179 325 te

926 374 1175 429 gelijck
1208 364 1493 418 overhoop
1528 363 1599 408 te
1634 358 1847 408 halen,
1881 354 2200 402 vertrouwe
2236 355 2377 401 UEd:
2413 356 2484 403 't
2519 358 2731 404 vlenen
2767 358 2873 403 van
2906 357 3192 407 geseijde

906 467 1015 520 was
1048 461 1156 510 soo
1188 447 1474 505 qualijck
1507 442 1650 491 niet
1683 436 2004 486 gevallen,
2038 435 2180 481 maer
2215 434 2286 480 't
2321 434 2428 479 een
2463 434 2675 480 tegens
2710 435 2781 481 't
2816 436 2993 484 ander
3028 439 3281 494 gestelt

935 539 1127 588 nader
1163 536 1242 583 in
1279 516 1737 580 Consideratie
1775 513 2005 560 nemen,
2042 510 2196 558 ende
2233 509 2348 557 ons
2386 511 2463 557 pr
2499 511 2884 561 aenstaende
2920 514 3265 566 opsolute=

942 618 1122 668 ordre
1157 606 1480 661 hoedanich
1513 602 1588 650 in
1619 593 2054 646 diergelijcke
2090 593 2450 641 voorvallen
2484 596 2628 642 meer
2664 597 2736 642 te
2771 597 3096 645 handelen,
3131 601 3279 654 sult

935 698 1234 749 gelieven
1269 693 1385 743 aen
1421 689 1496 736 te
1534 678 1871 734 schrijven

915 811 1075 865 Omme
1113 808 1270 855 UEd:
1309 807 1426 853 dan
1464 805 1581 851 soo
1620 803 1931 850 spoedich
1970 803 2087 849 als
2126 803 2321 850 doenl
2360 803 2476 850 van
2515 805 2671 852 dese
2710 803 2905 851 mijne
2943 803 3259 865 advijsen

937 891 1044 939 als
1078 892 1150 938 't
1184 889 1326 936 gene
1361 888 1574 935 alhier
1607 889 1820 937 gereet
1854 888 2031 934 (waer
2065 887 2172 933 nae
2207 887 2348 933 UEd:
2384 888 2844 935 ontwijffelijk
2877 892 2984 938 int
3017 893 3268 947 uijters

938 965 1251 1013 verlangen
1286 965 1563 1011 blijven)
1598 966 1667 1011 te
1702 966 1945 1011 dienen,
1979 966 2118 1011 sijn
2152 966 2223 1013 te
2256 968 2395 1015 rade
2430 970 2707 1017 gewerden
2742 972 2812 1018 't
2846 974 3019 1019 Jacht
3054 974 3159 1021 lis
3192 977 3264 1025 op

921 1049 1137 1095 19=en
1180 1048 1483 1095 stantij
1525 1048 1655 1094 van
1698 1047 1957 1093 Carcal
1998 1045 2172 1092 ende
2216 1046 2691 1095 trimelevaes
2733 1051 2863 1098 met
2906 1052 3036 1098 78½
3078 1052 3253 1100 pack

939 1128 1165 1175 Cleden
1201 1127 1352 1173 ende
1390 1126 1465 1172 81
1502 1127 1653 1172 st=r
1690 1125 1916 1171 slaven
1953 1126 2066 1171 als
2104 1126 2442 1173 slavinnen
2479 1128 2705 1174 alhier
2742 1128 3268 1176 geretourmneert

933 1203 1055 1250 tot
1093 1199 1255 1247 dien
1294 1198 1536 1244 eijnde
1576 1199 1977 1248 adroucture
2013 1202 2138 1249 uE:
2177 1202 2298 1248 toe
2337 1203 2418 1249 te
2458 1204 2819 1254 schicken,
2859 1208 3060 1256 staen
3099 1211 3263 1260 uEd:

927 1282 1093 1330 daer
1134 1281 1299 1326 mede
1340 1280 1463 1326 toe
1504 1278 1587 1324 te
1627 1278 1835 1325 comen
1874 1280 1958 1326 In
1996 1280 2122 1327 295
2159 1280 2410 1328 packen
2450 1281 2740 1330 diverse
2780 1286 3233 1335 sorteringen

929 1359 1043 1406 soo
1079 1356 1570 1404 geschilderde,
1608 1357 1796 1403 witte
1834 1357 1946 1402 als
1984 1357 2210 1403 andere
2245 1356 2550 1406 doucken,
2586 1362 2812 1409 13121:
2849 1363 2926 1409 lb
2961 1363 3265 1410 bengaels

923 1433 1179 1490 poeijer
1214 1430 1609 1478 suijckeren.
1644 1433 1825 1481 5464.
1857 1433 1968 1482 lb.
2003 1430 2218 1476 wasch.
2254 1429 2398 1475 4200
2433 1430 2470 1476 p
2505 1432 2900 1479 rockevellen
2935 1435 3151 1481 15914:
3186 1435 3259 1482 lb

933 1519 1292 1571 boscruijt,
1328 1516 1436 1564 16:
1471 1513 1544 1560 p'
1578 1509 1973 1557 martevanen,
2009 1512 2081 1557 81
2115 1510 2225 1557 stx
2260 1509 2475 1555 slaven
2511 1509 2655 1555 ende
2690 1510 3050 1561 slavinnen,
3084 1516 3264 1562 mits:

931 1603 1049 1651 12½
1087 1598 1282 1648 sware
1320 1596 1554 1643 lasten
1593 1593 1943 1640 Groffsout
1981 1593 2098 1638 een
2137 1592 2603 1640 cargasoentge
2642 1593 2760 1640 van
2797 1595 2837 1640 ƒ
2875 1595 3265 1644 134556/-11

932 1678 1118 1730 nader
1152 1672 1521 1723 blijckende
1556 1673 1703 1719 uijt
1739 1673 2068 1719 d'facture
2105 1674 2252 1721 daer
2288 1677 2398 1722 van
2434 1678 2728 1729 bijdesen
2761 1684 3092 1732 gevoucht,
3128 1685 3276 1731 waer

930 1760 1041 1809 toe
1077 1757 1187 1804 mij
1223 1754 1444 1801 voorts
1479 1752 1737 1798 gedrage
1772 1751 1993 1798 gaende
2029 1751 2212 1797 onder
2249 1752 2689 1805 voorschreven
2725 1761 2944 1810 Cleden
2981 1765 3091 1811 10:
3128 1765 3275 1811 pac„

931 1833 1046 1880 ken
1084 1829 1392 1879 drongams
1430 1828 1661 1874 Gingam
1699 1829 1814 1874 tot
1853 1828 1968 1874 een
2006 1827 2275 1875 preuve,
2314 1830 2468 1877 ende
2506 1833 2814 1885 Cledinge
2851 1842 3005 1889 voor
3043 1843 3275 1891 sold=t

931 1905 1327 1957 dienstich,
1366 1902 1643 1949 meerder
1682 1903 1801 1948 van
1840 1904 1958 1952 die
1997 1906 2392 1953 sorteringe
2431 1908 2549 1954 p=r
2589 1909 2984 1961 aenstaende
3023 1915 3260 1963 nodich

933 1976 1285 2029 hebbende,
1324 1975 1559 2021 sullen
1597 1977 1753 2023 UEd:
1792 1977 2144 2025 Jaerlijcx
2182 1981 2300 2028 van
2338 1984 2534 2035 goede
2570 1991 3001 2041 quantiteijt
3040 1993 3274 2040 cunner

935 2050 1324 2103 versorgen,
1362 2049 1479 2094 den
1518 2049 1868 2098 oppersten
1906 2053 2179 2103 pijloot
2217 2059 2334 2106 wil
2372 2062 2683 2112 genoemde
2720 2068 2916 2119 sisch
2954 2074 3071 2119 met
3109 2073 3265 2119 sijn

934 2136 1299 2186 ingeladen
1340 2135 1827 2181 voorspoedich
1865 2135 2030 2182 ende
2066 2136 2396 2185 behouden
2435 2141 2557 2186 bij
2598 2141 2639 2187 u
2679 2143 2803 2192 Ed:
2841 2149 3248 2198 geleijden,

938 2223 1060 2269 als
1099 2217 1387 2268 wanneer
1427 2216 1592 2261 uEd:
1632 2216 1755 2262 van
1795 2216 2000 2263 goede
2040 2217 2489 2267 Quantiteijt
2530 2221 3020 2271 geschilderde
3061 2226 3269 2275 doeke

932 2301 1012 2349 in
1050 2294 1368 2346 voorraet
1407 2294 1644 2341 sullen
1684 2296 1881 2343 sijn,
1920 2298 2119 2345 welck
2158 2299 2277 2347 ten
2316 2303 2712 2349 principale
2751 2304 3107 2350 ontstaet,
3146 2304 3266 2350 dat

936 2379 1105 2429 vele
1146 2377 1526 2424 derselver
1568 2377 1694 2423 van
1736 2377 2115 2426 voorleden
2156 2381 2368 2429 Jaers
2408 2386 2745 2433 Contract
2787 2384 3250 2432 resterende—

935 2458 1091 2506 ende
1129 2456 1479 2504 geruijmen
1518 2456 1674 2503 tijt
1711 2458 1906 2505 onder
1945 2460 2178 2508 handen
2216 2464 2410 2510 vande
2449 2465 2837 2514 schilders,
2876 2467 2993 2514 die
3031 2460 3265 2511 doorde

933 2532 1489 2580 becommeringh
1535 2534 1674 2580 van
1720 2533 2136 2580 Chinnanna
2182 2535 2459 2581 achter
2505 2535 2876 2583 gehouden
2919 2534 3248 2584 geweest

926 2603 1122 2653 sijn,
1161 2602 1278 2648 soo
1317 2602 1434 2648 dat
1473 2603 1552 2648 nu
1590 2604 1746 2650 voor
1785 2604 1980 2650 eerst
2019 2602 2175 2649 daer
2214 2602 2332 2648 van
2371 2603 2722 2650 weijnich,
2760 2605 2878 2651 ten
2917 2606 3191 2653 aensien

924 2685 1315 2734 d'oorlogen
1354 2686 1509 2732 ende
1548 2686 2133 2732 g'Embruljeerden
2171 2686 2367 2731 staet
2406 2686 2601 2733 deser
2639 2687 2912 2733 landen,
2948 2686 3029 2733 In
3067 2685 3264 2731 allen

919 2765 1259 2819 gevallen
1300 2767 1425 2813 tot
1467 2768 1886 2814 t'opmaeken
1928 2768 2054 2814 van
2096 2764 2431 2813 d'opnieu
2473 2761 3102 2809 gecontracteerde
3143 2761 3270 2809 Cle

935 2855 975 2901 5
1010 2852 1053 2899 a
1090 2850 1131 2897 6
1169 2847 1442 2894 maenden
1481 2846 1598 2892 van
1637 2845 1832 2890 noden
1871 2845 2065 2892 sijn,
2104 2846 2182 2892 te
2221 2842 2533 2892 vwachten
2569 2841 2844 2889 hebben,
2883 2844 3039 2890 waer
3077 2844 3156 2889 op
3193 2841 3274 2888 ui

930 2934 1098 2983 inde
1139 2928 1349 2978 vente
1389 2925 1558 2973 omme
1600 2924 1809 2970 alles
1850 2923 1977 2969 met
2016 2923 2312 2969 meerder
2353 2921 2772 2968 advantagie
2814 2921 2940 2967 en:
2982 2920 3275 2967 voordee

925 3015 1000 3061 te
1036 3006 1519 3059 beneficieren,
1552 3001 1853 3051 gelieven
1889 3002 2186 3049 verdacht
2223 3003 2297 3048 te
2333 3000 2519 3048 sijn;
2554 2999 2630 3045 In
2667 2997 3001 3044 Masulipat
3037 2993 3225 3041 sijn—

931 3086 1266 3141 apresent
1308 3083 1391 3129 in
1432 3078 1767 3128 voorraet
1808 3074 2101 3122 omtrent
2143 3074 2268 3121 550
2309 3076 2560 3124 packen
2602 3073 2978 3122 diversche
3019 3069 3270 3118 cleden

933 3171 1088 3221 ende
1124 3160 1471 3214 lijwaten,
1509 3156 1624 3203 die
1661 3154 1739 3200 pr
1776 3152 1969 3198 nader
2007 3152 2506 3199 gelegentheijt
2543 3149 2659 3196 van
2696 3147 2966 3194 scheeps
3003 3146 3272 3192 ruijmte

930 3245 1149 3299 staen
1192 3244 1279 3289 te
1319 3236 1625 3289 volgen,
1667 3234 1797 3280 den
1840 3230 2230 3279 Almogende
2270 3229 2446 3277 geve
2489 3222 2965 3274 d'verwachte
3007 3215 3268 3267 fluijt

931 3323 1231 3377 schepen
1273 3315 1528 3367 d'wolf
1570 3312 1741 3359 ende
1781 3310 2122 3356 Maeslant
2164 3304 2632 3354 (d'oorsaeke
2670 3301 2801 3349 van
2843 3293 3141 3345 wercker
3182 3286 3269 3336 so

927 3403 1125 3457 lange
1163 3391 1515 3447 terdance,
1554 3386 1789 3435 Immers
1828 3384 2141 3431 waeromme
2179 3382 2258 3429 't
2297 3376 2610 3427 gelichte
2649 3370 2806 3421 uijt
2844 3367 2923 3413 't
2961 3358 3276 3411 tijouans

926 3478 1329 3530 Cargasoen,
1368 3475 1530 3521 daer
1570 3469 1772 3519 onder
1812 3457 2175 3513 d'partije
2214 3454 2376 3501 Gout
2415 3452 2537 3499 tot
2576 3444 2860 3496 merckel
2899 3435 3262 3488 verachte„

918 3549 1122 3599 ringh
1161 3544 1284 3593 van
1324 3541 1406 3588 d'
1446 3539 1529 3585 E.
1569 3540 1813 3586 Comp:e
1853 3535 2057 3585 comen
2097 3534 2179 3579 te
2219 3532 2505 3578 missen,
2544 3528 2708 3576 ende
2746 3521 2952 3572 welck
2990 3517 3074 3565 in
3114 3510 3279 3561 alle

920 3624 1199 3676 gevalle
1237 3622 1319 3669 in
1355 3618 1678 3667 plaets=e
1717 3613 1917 3662 van't
1956 3610 2196 3657 silver
2236 3610 2436 3655 Inden
2474 3607 2634 3656 haen
2673 3604 2794 3652 wel
2833 3596 3033 3647 hadde
3072 3590 3276 3640 mogen

931 3695 1352 3752 verblijven,
1390 3694 1505 3740 ons
1542 3691 1696 3738 niet
1733 3688 2078 3735 spoediger
2116 3688 2194 3734 pr
2231 3689 2499 3735 d'wolff
2537 3679 2920 3734 nageschict
2958 3674 3073 3722 Is,
3109 3668 3264 3718 niet

929 3778 1046 3830 can
1080 3766 1462 3822 bedencken)
1499 3767 1574 3813 In
1612 3767 1839 3813 corten
1876 3764 2369 3811 verscheijnen,
2406 3762 2558 3809 ende
2595 3760 2747 3808 uEd:
2784 3756 2898 3804 van
2934 3752 3012 3800 't
3049 3746 3276 3795 verder

924 3845 1160 3896 nodige
1200 3838 1789 3890 d'retoursdienen
1828 3837 2064 3885 mogen,
2102 3841 2221 3887 als
2258 3839 2534 3888 wanneer
2574 3823 3163 3884 oocksg'eijschte
3201 3820 3287 3867 va

907 3932 1165 3982 Jappan
1208 3930 1337 3977 soo
1378 3928 1466 3975 na
1507 3919 1851 3971 doenljk,
1893 3915 2151 3963 exepto
2193 3914 2280 3959 't
2323 3911 2709 3959 nieuslach
2750 3908 2880 3954 van
2923 3901 3279 3953 sarassen

911 4012 1032 4058 die
1071 4012 1233 4058 voor
1273 4005 1676 4056 aenstaende
1715 4000 1877 4049 niet
1916 3996 2158 4044 sullen
2196 3993 2440 4041 cunnen
2480 3989 2802 4038 vaerdich
2842 3988 3044 4034 sijn,
3079 3983 3286 4034 gesup

913 4086 1162 4139 pleert
1200 4079 1411 4130 wert,
1448 4076 1576 4123 d'2
1617 4071 1866 4120 packen
1906 4070 2032 4116 die
2073 4070 2156 4116 nu
2196 4071 2363 4117 mede
2404 4071 2611 4117 gaen,
2652 4067 2818 4116 sijn
2859 4062 3025 4111 voor
3065 4057 3275 4106 desen

920 4154 1386 4216 aenbesteet,
1426 4149 1596 4198 ende
1638 4144 2145 4194 genootsaeckt
2187 4143 2524 4191 geweest,
2566 4145 2735 4191 omme
2777 4140 2988 4189 ijder
3029 4125 3286 4184 Conten

918 4234 1192 4288 tement
1234 4227 1328 4277 te
1373 4222 1647 4272 geven,
1691 4220 1829 4267 aen
1875 4219 1966 4264 te
2001 4215 2285 4264 nemen-

808 4313 1159 4363 Alhoewel
1198 4302 1681 4357 d'overlangh
1723 4299 2203 4347 voorgenomen
2246 4294 2682 4344 besendinge
2724 4290 2899 4338 naer
2942 4269 3291 4333 d'maldia

921 4386 1074 4433 vast
1112 4380 1380 4432 gestelt
1417 4373 1572 4423 ende
1609 4371 1763 4417 daer
1800 4371 1916 4417 toe
1954 4371 2031 4417 't
2069 4369 2337 4417 gecofte
2375 4364 2566 4413 Jacht
2604 4362 2719 4409 van
2757 4335 3294 4406 letchiemaneijc

906 4464 1021 4511 (nu
1058 4459 1175 4508 van
1212 4454 1405 4503 alles
1442 4448 1711 4498 behoorl
1750 4446 2057 4493 versien)
2094 4438 2594 4490 geprojecteert
2631 4431 2900 4482 hadden,
2934 4425 3054 4475 soo
3090 4411 3283 4469 heeft

920 4535 1153 4590 echter
1190 4527 1462 4578 d'selve
1499 4522 1771 4572 alweder
1808 4520 1964 4567 (wel
2001 4518 2119 4565 tot
2157 4517 2273 4563 ons
2312 4511 2699 4563 leetwesen)
2737 4503 2892 4554 geen
2929 4477 3316 4547 voortgangh

922 4612 1170 4667 cunnen
1210 4610 1457 4656 nemen,
1498 4607 1744 4655 sijnde
1784 4604 2193 4653 voorsaeckt
2233 4601 2398 4649 maer
2438 4592 2766 4645 weijnich
2802 4579 3053 4636 regen,
3092 4568 3257 4620 ende

2990 4652 3208 4710 geen

692 4310 780 4362 E
