3642 4828
966 509 1244 571 meert
1298 501 1519 551 1646

1331 707 1441 757 sijn
1467 702 1712 751 tersaecke
1739 702 1793 747 d'
1821 701 1984 747 leeene
2011 702 2201 749 negotie
2228 704 2283 750 in
2309 705 2499 752 maccouw
2527 707 2608 754 Is,
2634 706 2798 753 menich
2825 705 2880 751 te
2906 705 3042 753 huijs
3069 708 3287 759 gesinnen
3314 715 3400 765 Van

1331 815 1440 867 daer
1465 807 1731 859 vertrocken
1757 805 1889 851 sulcx
1914 803 1968 849 't
1994 802 2207 849 getalder
2232 805 2445 852 menschen
2470 808 2523 853 op
2548 806 2868 854 voorschreven
2893 807 3079 853 schepen
3105 806 3347 855 Verdeeldt

1330 918 1421 968 wel
1450 916 1597 962 aende
1625 914 1773 960 kanst
1802 914 1890 959 Van
1918 910 2066 958 3000.
2095 908 2272 954 Coppen
2298 906 2565 954 geschadst
2593 905 2740 952 werdt
2769 904 2828 950 In
2857 900 3063 949 gevalle
3092 900 3151 945 d'
3180 898 3356 945 saecke

1325 1019 1485 1070 daerin
1509 1015 1590 1063 die
1616 1013 1828 1059 desolate
1854 1011 2013 1057 termen
2039 1011 2145 1056 noch
2171 1010 2277 1056 maer
2304 1009 2383 1055 een
2408 1007 2515 1053 saer
2541 1007 2621 1052 off
2646 1005 2753 1052 twee
2778 1001 3070 1050 Continueren
3095 996 3288 1046 blijven

1325 1121 1503 1181 stondt
1530 1112 1733 1165 Maccouw
1761 1111 1848 1157 soo
1875 1108 1963 1155 der
1991 1107 2135 1153 uanum
2163 1101 2538 1152 afgesproocken
2567 1099 2739 1146 Werdt,
2768 1099 2826 1145 in
2852 1097 2969 1145 sich
2997 1093 3171 1142 selven
3199 1091 3462 1139 teenemael

1325 1232 1379 1282 te
1400 1220 1605 1275 vergaen,
1628 1216 1705 1264 dat
1730 1214 1806 1260 die
1829 1211 1906 1259 tyt
1931 1209 2082 1255 leeren
2107 1209 2208 1256 sal,

1317 1358 1429 1410 den
1464 1353 1574 1401 20.
1610 1353 1683 1399 en
1718 1347 2010 1398 Januarij
2045 1346 2263 1394 waeren
2298 1343 2373 1391 d'
2408 1336 2772 1388 afgesanten
2807 1332 2957 1383 uijt
2982 1333 3170 1387 shoor
3201 1329 3279 1378 In

1325 1462 1533 1517 Malacca
1560 1450 1918 1506 wedergekeert
1947 1445 2274 1495 relaterende
2302 1444 2422 1490 doet
2449 1444 2570 1491 seer
2598 1441 2689 1489 wel
2718 1440 2837 1486 sijn
2866 1433 3134 1484 bejegendt
3162 1430 3285 1477 ende

1339 1570 1395 1615 d'
1419 1564 1614 1613 grooten
1640 1561 1723 1608 soo
1749 1557 1833 1606 hij
1860 1555 1943 1601 van
1969 1551 2080 1599 veer
2106 1547 2218 1595 uijt
2245 1546 2355 1591 Haer
2381 1542 2519 1590 heden
2545 1536 2712 1587 hadden
2737 1535 2904 1580 Cunnen
2930 1530 3206 1579 bemercquen
3232 1527 3317 1574 tot
3339 1526 3371 1574 —

1335 1662 1716 1723 Accommodatie
1747 1661 1843 1707 der
1873 1651 2222 1705 manicaberse
2252 1640 2633 1694 oneenicheden
2663 1633 2950 1684 welsouden
2980 1627 3297 1679 Inclineren
3327 1624 3360 1670 —

1195 1833 1262 1883 ƒ„
1289 1825 1387 1875 19„
1415 1817 1513 1868 20„
1543 1812 1608 1861 en
1636 1809 1702 1855 21
1732 1807 1765 1854 d
1795 1806 1828 1851 o
1859 1805 1986 1851 niet
2016 1804 2427 1851 remarcquabeer
2459 1806 2869 1852 Voorgevallen—

1144 2006 1213 2062 An
1240 1999 1306 2049 22
1334 1991 1429 2042 d.o
1458 1980 1740 2035 vertrecke
1770 1979 1864 2025 van
1895 1977 2019 2024 hier
2050 1977 2082 2023 p
2112 1976 2144 2022 r
2174 1975 2361 2022 Thonij
2391 1974 2486 2020 den
2515 1970 2889 2020 ondercoopman
2920 1968 3045 2015 Arem
3075 1967 3169 2013 Van
3200 1965 3293 2012 Tol

1346 2091 1472 2139 naer
1502 2088 1566 2134 s.
1595 2084 1660 2132 t.
1689 2079 1848 2128 Thome
1878 2076 1973 2123 met
2004 2073 2130 2121 1000
2161 2069 2381 2118 pagoden
2410 2066 2507 2114 800
2537 2067 2631 2113 r=a
2662 2067 2726 2113 en
2756 2066 2789 2112 3
2819 2063 3008 2111 Cassen
3038 2058 3228 2106 silver
3258 2051 3385 2101 omme

1334 2198 1395 2248 te
1422 2187 1657 2241 vernemen
1683 2182 1801 2230 dese
1829 2177 2092 2226 penningen
2120 2175 2295 2221 aldaer
2323 2174 2382 2219 in
2411 2172 2557 2219 goede
2585 2167 2876 2218 sorteringe
2903 2164 2992 2212 van
3020 2162 3079 2208 ge
3108 2161 3284 2208 Cleden

1359 2294 1596 2353 (gelijck
1625 2287 2009 2337 gepressumeert
2037 2285 2216 2332 werdt)
2244 2280 2422 2329 sullen
2452 2277 2629 2325 Cunnen
2658 2272 2895 2321 besteedt
2923 2264 3102 2317 werden

1229 2495 1289 2549 N:
1310 2486 1369 2536 8.
1393 2483 1422 2529 o
1446 2472 1744 2526 Verschyjndt
1771 2470 1932 2517 alhier
1959 2470 2013 2516 te
2039 2471 2228 2517 erchede
2254 2472 2335 2519 van
2362 2473 2550 2519 Batavia
2577 2473 2685 2518 over
2711 2473 2900 2519 Malacca
2926 2474 3115 2520 tfluijt
3142 2474 3278 2523 schip

1345 2567 1619 2620 Maeslandt
1648 2567 1770 2613 daer
1799 2566 1890 2612 met
1920 2567 2102 2613 become
2131 2569 2343 2616 missive
2373 2571 2524 2618 vande
2554 2573 2645 2618 Ed:
2675 2571 2856 2618 Heeren
2886 2568 3037 2615 raden
3066 2565 3158 2613 Van
3187 2560 3371 2608 India—

1340 2661 1574 2709 gedateert
1599 2660 1626 2706 6
1652 2659 1860 2705 december
1886 2660 2172 2706 midtsgaders
2197 2661 2276 2707 een
2302 2662 2354 2707 d.
2380 2662 2406 2707 o
2432 2662 2587 2709 Vanden
2613 2664 2666 2710 E.
2691 2661 2952 2710 Presidendt
2976 2657 3133 2705 Arnold
3158 2654 3237 2702 ds'
3263 2653 3445 2699 Vlaming

1335 2769 1422 2821 van
1448 2763 1726 2813 oudtshoorn
1753 2763 1864 2808 uijt
1892 2761 2085 2808 malacca
2112 2760 2196 2806 bij
2223 2757 2390 2805 welcke
2417 2758 2638 2804 missiven
2666 2757 2804 2803 onder
2831 2754 3026 2802 anderen
3051 2751 3274 2800 vernemen
3300 2750 3329 2796 —

1331 2863 1657 2919 eerstelijck
1686 2861 1775 2908 bij
1804 2860 1893 2905 die
1923 2860 2011 2905 van
2041 2860 2160 2907 haer
2188 2862 2278 2909 Ed.
2305 2860 2336 2906 s
2366 2860 2455 2905 tot
2483 2858 2602 2904 Bat.
2632 2857 2661 2903 a
2690 2855 2869 2902 hoedat
2895 2853 2986 2901 van
3016 2851 3134 2898 dees
3162 2843 3313 2895 Custe

1335 2972 1524 3022 aldaaer
1550 2971 1631 3017 ter
1657 2969 1792 3016 rhede
1819 2968 1900 3014 god
1926 2966 2008 3012 lof
2034 2960 2304 3010 successive
2330 2961 2546 3008 behouden
2572 2961 2869 3009 aengelanght
2895 2957 3084 3006 waeren,
3109 2947 3408 3001 namentlijck

1341 3086 1427 3134 19'
1452 3077 1678 3129 augustus
1705 3075 1762 3120 't
1789 3071 1931 3120 schip
1958 3069 2014 3114 N:
2041 3064 2294 3113 rotterdam
2322 3065 2378 3111 17
2405 3063 2658 3111 september
2686 3060 2770 3108 d.'
2798 3058 2966 3105 fluijt
2994 3057 3247 3103 Maeslandt
3274 3059 3302 3104 —

1348 3188 1615 3245 Voornomt,
1644 3181 1822 3232 hebben
1850 3181 1909 3227 en
1938 3180 1969 3225 2
1997 3177 2204 3226 maenden
2233 3176 2292 3221 en
2319 3174 2351 3221 9
2380 3171 2528 3218 dagen
2557 3171 2616 3216 d'
2646 3168 2881 3216 voijagie
2910 3166 2999 3213 Van
3028 3165 3147 3210 daer
3176 3165 3444 3216 Herwaerts

1329 3302 1445 3351 ende
1470 3296 1615 3345 weder
1641 3288 1871 3339 derwaerd
1899 3286 1957 3333 ts
1984 3284 2185 3330 gedaen,
2212 3283 2270 3328 25
2297 3280 2498 3328 october
2526 3280 2583 3325 't
2612 3280 2754 3325 Jacht
2783 3280 3068 3326 sanetvoort
3096 3281 3125 3326 9
3153 3281 3406 3326 November

1329 3416 1384 3461 't
1410 3406 1548 3460 Jacht
1574 3404 1630 3450 d'
1655 3396 1930 3448 waterhoudt
1958 3396 2012 3441 12
2040 3396 2095 3441 d.
2121 3395 2149 3440 o
2176 3393 2341 3439 tschip
2368 3393 2423 3438 d'
2449 3392 2587 3438 Vrede
2614 3392 2724 3438 over
2751 3393 3080 3441 Masulipatam,
3106 3396 3161 3442 en
3188 3395 3244 3441 29
3270 3392 3326 3439 d.
3350 3389 3380 3436 o

1326 3518 1396 3572 't
1425 3509 1620 3560 fluijt
1652 3505 1814 3555 schip
1845 3503 2134 3552 Castricum
2167 3502 2263 3549 van
2295 3500 2617 3547 Bengaelen,
2648 3499 2779 3548 Item
2808 3503 2906 3549 dat
2938 3502 3131 3549 gemelt
3161 3502 3196 3549 —

1322 3623 1729 3675 fluijtschip
1763 3612 2099 3664 maeslandt
2135 3610 2246 3657 van
2282 3606 2542 3654 Batavia
2579 3602 2839 3651 beladen
2875 3600 3060 3646 Compt
3096 3598 3209 3645 met

1324 3732 1430 3786 een
1462 3724 1769 3776 Carjacoed
1802 3722 2074 3770 monteren
2105 3724 2142 3771 ƒ
2175 3720 2549 3771 224730„9„5„
2582 3716 2888 3767 bestaende
2920 3713 3023 3760 ten
3057 3700 3430 3757 principaele

1398 3934 1540 3986 5000
1573 3931 1644 3978 lb
1677 3920 1958 3975 grroffel
1992 3914 2237 3964 nagelen

1375 4014 1582 4072 84485
1617 4004 1703 4054 lb
1743 4000 1947 4049 noten
1987 3994 2396 4044 Musschaten
2436 3992 2518 4038 en
2558 3991 2803 4043 Rompen
2844 3998 2886 4044 —

1382 4100 1570 4152 17937
1605 4085 1791 4140 Catti
1828 4085 2238 4132 Sandelhoudt

1375 4178 1629 4229 25410
1679 4175 1831 4220 lb.
1881 4169 2138 4221 Coper

1375 4258 1691 4326 25080
1751 4250 1880 4298 lb
1940 4244 2257 4301 Loodt

3053 4442 3124 4488 67
3157 4436 3270 4486 str

1329 3833 1590 3890 uijt
1652 3829 1720 3878 —
