3560 4937
821 274 1014 339 July
1058 263 1204 315 ao.
1252 253 1445 308 1646

1181 446 1458 497 weijnigh
1491 449 1766 497 sittonob
1800 452 1870 500 in
1901 452 2213 500 hillegers
2247 450 2419 497 bergh
2453 446 3004 494 embarcqueerden,;
3037 446 3318 503 'savonds

1130 588 1299 641 wast
1340 584 1506 632 seer
1547 575 2046 628 ongestuymigh
2087 574 2295 622 weder
2335 572 2461 620 met
2502 571 2959 618 noordelijke
3000 571 3251 622 winden

893 726 1038 775 ady:
1072 723 1146 771 2.
1180 719 1290 766 d:o
1325 715 1506 763 weder
1541 713 1614 759 om
1649 712 2045 760 schoonweder
2081 714 2297 761 sonden
2333 712 2442 759 des
2477 709 2729 756 morgens
2765 709 2874 755 den
2907 705 3090 752 Tolcq
3124 708 3305 754 naden

1174 835 1395 891 Capado
1430 831 1794 879 Ongadingh,
1829 833 1974 880 door
2008 834 2264 882 welcken
2300 835 2409 882 hem
2445 832 2844 881 versoekende
2880 831 3025 877 den,
3057 827 3170 877 dat
3206 823 3316 872 ons

1169 965 1309 1015 dogh
1342 962 1550 1011 metten
1584 961 1757 1007 eerte
1790 959 1962 1008 aende
1996 959 2134 1007 syde
2168 960 2374 1008 helpen
2409 959 2616 1006 wilde,
2649 962 2821 1008 alsoo
2851 959 2924 1008 't
2958 959 3131 1004 schip
3163 956 3303 1002 niet

1205 1096 1406 1143 langer
1440 1096 1541 1142 als
1572 1095 1710 1145 nogh
1742 1100 1809 1147 10
1842 1099 1876 1144 â
1909 1098 1977 1144 11
2011 1097 2178 1142 dagen
2211 1096 2380 1142 conde
2414 1097 2716 1148 tarderen,
2749 1103 2817 1148 en
2849 1102 3019 1147 waren
3051 1102 3119 1148 al
3152 1100 3253 1147 van

1144 1235 1413 1287 meeninge
1444 1236 1681 1288 geweest
1713 1239 1947 1286 'tselve
1981 1239 2048 1284 op
2081 1240 2182 1286 den
2214 1241 2316 1288 5:'
2348 1240 2516 1289 deser
2548 1239 2616 1285 te
2649 1237 2817 1283 laten
2849 1236 3186 1286 affdrijven
3218 1242 3319 1290 soo

1183 1389 1255 1435 is
1290 1387 1505 1434 May„ts
1538 1386 1683 1433 syde
1718 1386 1969 1432 bekomen
2003 1388 2254 1437 hadden,
2287 1387 2397 1436 dat
2432 1386 2504 1431 nu
2539 1383 2790 1430 vermits
2824 1380 2968 1427 daer
3003 1380 3075 1425 na
3109 1378 3325 1425 buyten

1206 1517 1588 1570 Expectatie
1626 1523 1893 1570 wachten
1930 1522 2159 1568 mogten
2197 1522 2313 1569 soo
2349 1525 2502 1571 veel
2539 1525 2845 1571 telanger
2881 1524 3340 1578 genootsaeckt

1188 1658 1401 1708 bleven
1436 1663 1507 1708 op
1542 1663 1613 1708 te
1647 1659 1896 1707 houden,
1930 1657 2072 1704 niet
2107 1655 2319 1702 sonder
2354 1652 2743 1701 beduchtinge
2779 1653 2885 1699 van
2918 1653 3062 1701 syne
3096 1657 3274 1707 keyse

1199 1793 1266 1840 op
1297 1789 1466 1838 Japan
1498 1790 1565 1835 te
1598 1785 1899 1834 gewinnen,
1931 1783 2165 1833 dewijle
2198 1782 2465 1829 Taijouan
2498 1783 2731 1829 aendoen
2764 1784 2899 1836 sal,
2928 1791 3234 1849 denselven

1193 1925 1339 1974 sond
1373 1924 1482 1970 ons
1517 1923 1626 1969 ten
1661 1920 1985 1968 antwoorde
2021 1920 2093 1965 te
2129 1918 2273 1965 hove
2309 1918 2453 1963 nogh
2489 1918 2669 1964 boven
2704 1920 2813 1967 20:
2848 1923 2885 1970 a
2919 1926 3029 1975 30:
3063 1932 3279 1982 packen

1190 2050 1329 2100 syde
1362 2046 1500 2093 niet
1533 2043 1877 2090 opgebracht
1911 2043 2119 2091 waren:
2151 2046 2290 2092 maer
2322 2047 2461 2094 wild
2494 2049 2529 2095 e
2563 2048 2771 2099 morgen
2803 2056 3079 2106 verochen
3112 2061 3321 2115 vroegh

1188 2183 1392 2229 selffs
1425 2181 1729 2228 inpersoon
1761 2180 1865 2226 den
1898 2178 2135 2226 Coningh
2167 2179 2303 2225 daer
2336 2180 2472 2227 over
2505 2182 2844 2232 aenspreken
2876 2189 3012 2236 ende
3045 2192 3315 2242 bescheyt

1118 2313 1234 2364 dat
1270 2312 1383 2359 van
1420 2310 1757 2357 denselven
1795 2312 1983 2360 drygh
2019 2315 2057 2361 t
2094 2313 2282 2360 laten
2319 2315 2508 2365 weten
2541 2319 2732 2367 onder
2768 2319 3031 2371 anderen
3068 2327 3180 2377 hat
3218 2331 3334 2380 tot

1190 2440 1462 2493 gemelte
1500 2443 1887 2491 ongadingh,
1924 2444 2041 2492 den
2079 2442 2274 2493 Tolcq
2310 2450 2504 2502 vande
2542 2458 2853 2507 Chinesen
2889 2464 3278 2519 ambassed=r

1113 2570 1219 2616 die
1254 2571 1466 2620 Jegens
1500 2573 1676 2620 onsen
1711 2573 1889 2620 Tolcq
1922 2576 2134 2625 seijde
2168 2579 2345 2630 spets
2377 2581 2592 2630 wijse,
2625 2582 2732 2630 dat
2767 2582 2979 2630 wylijk
3013 2586 3154 2633 niet
3189 2588 3332 2637 meer

1186 2691 1330 2743 voor
1363 2698 1472 2744 der
1507 2695 1793 2745 Chinesen
1828 2694 2079 2742 negotie
2113 2697 2400 2744 haeffden
2436 2697 2687 2749 beducht
2720 2705 2794 2751 te
2828 2708 3043 2759 wesen,
3077 2711 3295 2761 hadden

1193 2811 1301 2864 met
1335 2819 1477 2866 syde
1512 2819 1583 2865 te
1618 2819 1831 2864 Coopen
1865 2818 2185 2866 algedaen,
2220 2820 2609 2870 Jnvougenons
2645 2825 2786 2872 niet
2821 2827 2965 2877 meer
2998 2833 3142 2885 inde
3175 2841 3318 2894 wege

1191 2938 1576 2985 wesensouden
1611 2939 1716 2985 end
1751 2939 1962 2985 moeten
1997 2939 2067 2984 wy
2102 2939 2243 2986 oocq
2277 2942 2418 2990 niet
2452 2946 2663 2998 groots
2697 2954 2839 3005 sijn
2871 2962 3328 3012 ofteranqnemen

1006 3066 1208 3118 7want
1249 3064 1452 3111 Jquan
1492 3063 1816 3109 machtigh
1857 3064 2141 3111 genoegh
2180 3067 2303 3117 was
2342 3072 2425 3119 de
2464 3075 2709 3125 Comp:e
2748 3082 3317 3149 defrequentatie

1200 3183 1277 3230 op
1314 3182 1430 3228 dit
1468 3181 1622 3227 Ryck
1659 3183 1735 3229 te
1773 3183 2079 3233 beletten
2116 3188 2231 3234 met
2269 3188 2422 3238 syne
2460 3194 2766 3242 Joncquen
2803 3197 2956 3246 ende
2994 3202 3301 3257 branders

1150 3298 1260 3346 die
1295 3300 1441 3348 daer
1476 3303 1549 3349 op
1583 3303 1767 3350 wilde
1802 3306 1985 3355 laten
2018 3309 2274 3359 Cruysen
2307 3305 2454 3357 ende
2491 3304 2599 3350 was
2634 3304 2781 3354 dese
2816 3305 3070 3354 Coningh
3106 3309 3252 3355 oocq

1130 3420 1406 3466 alsoden
1446 3420 1722 3468 broeder
1760 3423 1880 3470 van
1919 3426 2156 3478 Jquan,
2192 3430 2511 3482 Invougen
2549 3430 2866 3479 deselven
2904 3431 3064 3478 maer
3100 3433 3220 3480 een

1179 3538 1490 3590 brieffken
1525 3537 1766 3587 aendese
1800 3542 1938 3591 maij
1971 3545 2041 3590 t.
2075 3546 2453 3600 schrijvende
2487 3555 2591 3604 ons
2625 3559 2832 3605 tlandt
2865 3560 3003 3605 ende
3037 3559 3141 3607 den
3175 3560 3348 3607 hand:

1186 3657 1394 3707 sonder
1428 3663 1670 3711 twyffel
1703 3663 1946 3712 ontseyt
1979 3669 2152 3714 soude
2186 3670 2428 3719 werden,
2460 3672 2599 3719 waer
2634 3673 2703 3720 op
2737 3675 2910 3721 onsen
2944 3677 3118 3726 Iolog
3150 3683 3323 3729 hadde

1191 3781 1491 3840 g'antw:,
1517 3792 1598 3845 de
1634 3791 2005 3839 hollanders
2041 3795 2152 3846 der
2188 3800 2707 3859 Chinesenblasen
2742 3815 2928 3864 wegen
2964 3819 3150 3868 Iquan
3187 3822 3297 3870 wel

1187 3911 1411 3964 gewent
1448 3919 1561 3968 end
1596 3924 1746 3970 voor
1782 3926 2117 3974 denselven
2154 3928 2304 3979 niet
2340 3935 2639 3991 bevreest
2674 3947 2897 3999 waren:
2934 3954 3356 4007 mitsgaders.

2947 4103 3190 4159 hoe

549 487 606 533 ƒ

945 3975 1044 4022 de
