3587 4883
1547 1049 1607 1095 12
1636 1049 1813 1094 kisten
1841 1050 2018 1098 silver
2046 1054 2252 1103 meerder
2281 1058 2340 1104 op
2369 1059 2662 1108 leverantie
2691 1062 2780 1108 van
2808 1063 2956 1112 sijde
2984 1068 3074 1116 uyt
3101 1072 3162 1119 de
3189 1076 3399 1137 Schepen

1543 1148 1825 1196 doenhalen
1854 1152 2011 1200 etc=a
2041 1156 2292 1207 smytende
2322 1163 2416 1208 met
2447 1163 2821 1218 eenversteurt
2852 1173 3040 1221 gemoet
3070 1177 3133 1223 de
3163 1178 3355 1236 deuren

1533 1255 1740 1305 daerin
1774 1261 1877 1308 sat
1910 1264 2013 1312 toe
2046 1267 2252 1316 sonder
2285 1272 2389 1319 ons
2422 1276 2559 1323 meer
2592 1279 2662 1325 te
2695 1281 3072 1334 willenhoren
3103 1290 3381 1345 Spreeken

1540 1372 1781 1421 waermede
1812 1376 1932 1421 nade
1962 1376 2115 1424 Logie
2143 1380 2355 1427 keerden
2385 1383 2446 1431 en
2475 1387 2657 1438 bleven
2686 1394 2747 1439 in
2777 1394 2989 1442 wachten
3017 1398 3109 1444 tot
3139 1400 3230 1446 den
3259 1402 3380 1449 27:e

1509 1494 1698 1544 voors.
1724 1495 1761 1544 .
1788 1492 2040 1543 decemb:r
2071 1497 2477 1552 daeraenvolgen
2508 1507 2602 1553 als
2633 1508 2852 1563 wanneer
2882 1518 2946 1564 de
2976 1520 3226 1566 Scheepen
3257 1521 3385 1571 voor

1554 1616 1819 1669 Catsioios
1846 1613 2111 1661 aenquamen
2140 1617 2346 1668 latende
2373 1624 2492 1673 sigh
2520 1629 2609 1676 als
2637 1632 2754 1677 doen
2782 1631 2872 1677 met
2900 1632 3077 1678 eenige
3105 1634 3398 1686 schenkagie

1542 1731 1633 1778 van
1662 1732 1810 1780 Chits
1840 1735 1959 1782 ende
1989 1737 2138 1785 andre
2166 1740 2495 1794 kariteijten
2523 1749 2613 1795 die
2643 1749 2732 1796 van
2761 1751 2851 1798 ons
2880 1752 3059 1798 selven
3088 1752 3178 1798 soo
3207 1753 3327 1801 hier

1528 1860 1645 1909 ende
1671 1854 1791 1902 daer
1820 1854 1879 1900 op
1907 1854 2112 1901 gesoght
2141 1856 2288 1903 hadde
2316 1860 2550 1911 bewegen,
2579 1867 2755 1915 doende
2783 1870 2958 1916 vorder
2987 1871 3221 1917 affstant
3250 1866 3368 1916 ende

1542 1969 1656 2018 liet
1683 1968 1797 2013 sigh
1824 1967 1909 2013 met
1937 1968 1993 2013 25
2021 1968 2189 2013 kisten
2217 1967 2385 2014 Silver
2413 1967 2695 2017 vergenoegh
2722 1973 2806 2018 die
2834 1973 3088 2022 aenstondt
3114 1977 3227 2023 oocq
3255 1978 3367 2026 door

1536 2072 1625 2118 den
1654 2072 1917 2123 mandorijn
1946 2077 2209 2123 Ongadingh
2238 2078 2326 2123 van
2355 2078 2501 2125 boort
2530 2079 2589 2125 de
2618 2079 2677 2125 de
2705 2079 2764 2125 de
2793 2079 2939 2125 halen
2969 2079 3202 2126 blyvende
3232 2081 3357 2130 hier

1523 2182 1638 2229 mede
1666 2182 1780 2229 voor
1808 2185 1893 2230 dit
1922 2185 2007 2232 say
2035 2187 2149 2233 soen
2177 2189 2263 2236 wel
2290 2191 2575 2237 geconteert
2603 2192 2689 2237 met
2717 2193 2944 2240 volcomen
2972 2195 3257 2241 toelatinge
3285 2196 3372 2244 van

1534 2286 1678 2335 libre
1706 2288 1907 2335 negotie
1934 2290 2106 2336 gelijk
2134 2291 2248 2338 sigh
2277 2293 2391 2340 oocq
2420 2295 2505 2341 den
2534 2296 2707 2343 Jongen
2733 2299 2933 2348 Coningh
2960 2302 3049 2348 met
3076 2304 3191 2350 drie
3219 2306 3397 2356 kisten

1534 2395 1719 2441 nevens
1750 2394 1935 2440 eenige
1965 2392 2244 2439 Coopmans:
2275 2394 2430 2442 heeft
2459 2397 2614 2444 laten
2645 2399 2893 2447 conteren
2923 2403 3077 2449 onder
3108 2398 3325 2449 reserve

1533 2506 1619 2553 bij
1646 2506 1816 2553 aldien
1843 2507 1928 2553 int
1957 2507 2183 2556 aenstaen
2209 2511 2352 2557 sinen
2379 2512 2549 2560 Eijsch
2576 2516 2661 2561 van
2689 2516 2745 2562 t0
2773 2517 2942 2565 kisten
2971 2520 3084 2568 niet
3111 2524 3168 2569 en
3196 2524 3395 2572 voldede

1525 2629 1633 2679 over
1660 2628 1713 2674 de
1737 2624 1870 2672 Force
1895 2622 1976 2669 die
2002 2623 2082 2669 ons
2107 2625 2186 2671 als
2213 2626 2292 2672 dan
2318 2626 2451 2673 wilde
2476 2628 2609 2675 laten
2634 2630 2819 2682 aendoen
2845 2637 2950 2683 niet
2977 2638 3135 2686 souden
3161 2641 3401 2691 beklagen,

1507 2756 1604 2803 met
1636 2749 1958 2800 diergelijk
1990 2745 2215 2794 Redenen
2247 2745 2376 2791 meer
2408 2745 2538 2794 inde
2569 2749 2924 2801 dagelijcxse
2955 2757 3343 2807 aentekeninge

1533 2880 1715 2927 breder
1745 2878 2047 2926 ginsereert
2076 2876 2258 2921 vorder
2288 2876 2379 2921 van
2409 2876 2530 2922 alle
2560 2876 2712 2923 andre
2741 2877 2892 2923 heren
2922 2877 3013 2922 syn
3043 2875 3316 2925 minnelijk

1536 3003 1793 3053 bejegent
1823 3000 2079 3047 waerover
2109 2997 2207 3045 hun
2239 2996 2366 3042 oock
2398 2996 2494 3041 ten
2525 2997 2749 3043 dienste
2779 2995 2940 3041 vande
2971 2990 3163 3039 Comp:e
3194 2987 3356 3035 daert

1520 3125 1797 3174 vereijste
1827 3122 2011 3171 hebben
2041 3119 2226 3167 erkent
2256 3119 2379 3165 omme
2409 3118 2686 3164 soodanige
2715 3111 3023 3162 vrundschap
3052 3109 3115 3155 te
3143 3104 3395 3154 behouden

1496 3239 1633 3288 daer
1665 3240 1801 3288 veel
1834 3237 2242 3285 aengelegents

1340 3363 1438 3412 Den
1467 3367 1630 3413 onder
1662 3367 1887 3414 Coopman
1920 3366 2017 3412 Jan
2047 3365 2145 3412 van
2177 3365 2436 3413 Kiebeeck
2466 3365 2629 3414 heeft
2660 3362 2757 3408 ons
2787 3360 2853 3405 op
2886 3358 2950 3405 de
2982 3348 3401 3402 verschijninge

1529 3485 1706 3534 wegens
1735 3482 1824 3529 syn
1852 3480 2147 3526 verrichten
2175 3478 2381 3527 Rapport
2409 3476 2586 3522 gedaen
2615 3476 2675 3522 en
2703 3476 2938 3524 bevonden
2967 3477 3055 3522 als
3084 3476 3202 3524 doen
3231 3480 3354 3532 nogh

1526 3608 1653 3658 over
1684 3606 1747 3652 de
1777 3605 1809 3650 4
1839 3602 2027 3650 kisten
2058 3596 2245 3646 Japans
2275 3597 2463 3643 Silver
2492 3596 2618 3643 vant
2649 3592 2898 3641 gelatene
2929 3588 3365 3636 ongetrocqueert

3266 3646 3396 3703 no

1527 3727 1830 3776 ontstaende
1860 3726 1951 3772 uyt
1981 3724 2043 3771 de
2071 3721 2224 3768 spade
2253 3720 2346 3766 aff
2375 3719 2649 3767 wateringe
2678 3718 2770 3766 die
2800 3717 2891 3764 tot
2921 3719 3043 3764 laet
3072 3718 3134 3763 in
3163 3714 3376 3762 Septemb

1521 3851 1675 3898 heeft
1705 3851 1950 3898 geduijrt
1979 3850 2285 3898 mitsgaders
2315 3850 2407 3896 ten
2437 3851 2773 3898 principalen
2803 3849 2926 3895 door
2956 3849 3048 3894 den
3078 3849 3355 3896 voorleden

2172 492 2488 549 Transport
2521 505 2626 551 van
2660 507 3185 564 Coopmanschappen
3217 521 3326 574 als

2210 562 2381 613 anders
2409 569 2524 615 door
2550 572 2609 620 d'
2634 575 2666 621 E
2691 577 2863 625 Pieter
2890 581 3118 632 antonisz
3145 588 3260 638 over
3286 594 3428 648 twate

2201 643 2362 689 aend'
2392 646 2426 692 E
2455 649 2711 697 Reijnier
2742 653 2902 702 van't
2933 658 3029 706 hum
3060 660 3253 712 gedaen
3283 668 3428 726 dato

3000 3979 3282 4033 Jarigen

2198 724 2298 770 29.
2328 725 2593 779 November
2625 733 2692 780 Ao
2723 736 2888 790 1645.
