<?xml version="1.0" encoding="UTF-8"?>
<PcGts xmlns="http://schema.primaresearch.org/PAGE/gts/pagecontent/2013-07-15">
  <Metadata externalRef="75c958bc-1c17-4683-b7b8-a87a94ccabe4">
    <Creator>Laypa</Creator>
    <Created>2023-09-08T02:19:38</Created>
    <LastChange>2023-09-08T03:38:16</LastChange>
    <Comment>license: CC0</Comment>
    <MetadataItem type="processingStep" name="layout-analysis" value="laypa">
      <Labels>
        <Label value="228a7d24385cff0e51687c00d0e65a2c2a9703d5" type="githash"/>
        <Label value="61334eb4-edff-4af5-b036-b5927f35bbcf" type="uuid"/>
        <Label value="https://hdl.handle.net/10622/VMSCBR" type="laypamodelremote"/>
      </Labels>
    </MetadataItem>
    <MetadataItem type="processingStep" name="region-analysis" value="laypa">
      <Labels>
        <Label value="0a3442b4-835c-44bc-9115-3fd08263a5dc" type="uuid"/>
        <Label value="https://hdl.handle.net/10622/DMAS2T" type="laypamodelremote"/>
      </Labels>
    </MetadataItem>
    <MetadataItem type="processingStep" name="htr" value="loghi-htr">
      <Labels>
        <Label value="9efb3e0ff4338dc6e07d110ac4d435f27f5b0e16&#10;" type="githash"/>
        <Label value="3a9bdaa3-493c-483e-bbb2-f51961b8e5a0" type="uuid"/>
        <Label value="64" type="batch_size"/>
        <Label value="https://hdl.handle.net/10622/X2JZYY" type="loghihtrmodelremote"/>
      </Labels>
    </MetadataItem>
    <MetadataItem type="processingStep" name="word-splitting" value="loghi-htr-tooling"/>
    <MetadataItem type="other" name="dataset" value="https://hdl.handle.net/10622/LVXSBW">
      <Labels>
        <Label value="VOC transcriptions v2 - GLOBALISE" type="name"/>
        <Label value="Dataset in pagexml and txt format, including data card." type="description"/>
        <Label value="https://globalise.huygens.knaw.nl/" type="creator"/>
        <Label value="https://hdl.handle.net/10622/LVXSBW" type="url"/>
      </Labels>
    </MetadataItem>
  </Metadata>
  <Page imageFilename="NL-HaNA_1.04.02_1161_0545.jpg" imageWidth="3567" imageHeight="4801">
    <ReadingOrder>
      <OrderedGroup id="orderedgroup_aaba299c-90b6-4960-a3ac-ccb83015e801">
        <RegionRefIndexed index="0" regionRef="region_a01b6c0d-c431-4498-867a-0d99d390506d_3"/>
        <RegionRefIndexed index="1" regionRef="region_c2d9bf70-80c5-44ae-bb4c-71b17d415c20_5"/>
        <RegionRefIndexed index="2" regionRef="region_8418c643-f880-4d9b-822a-b52f338b8250_4"/>
        <RegionRefIndexed index="3" regionRef="region_a7b38c65-c740-42ac-bc46-838095f5048a_1"/>
        <RegionRefIndexed index="4" regionRef="region_e89e5bf3-c090-493c-9661-71be4fa439d0_2"/>
      </OrderedGroup>
    </ReadingOrder>
    <TextRegion id="region_a01b6c0d-c431-4498-867a-0d99d390506d_3" custom="structure {type:page-number;}">
      <Coords points="2644,446 2633,456 2633,463 2630,467 2630,474 2626,477 2626,484 2630,488 2630,498 2633,502 2633,505 2637,509 2637,533 2640,537 2640,544 2644,547 2644,550 2658,564 2658,568 2665,575 2665,578 2668,582 2672,582 2682,592 2682,599 2696,613 2700,613 2703,617 2707,617 2710,620 2714,620 2717,624 2731,624 2734,627 2748,627 2752,624 2752,620 2755,617 2755,613 2776,592 2780,592 2787,585 2790,585 2804,571 2808,571 2811,568 2818,568 2825,561 2825,550 2829,547 2829,544 2832,540 2832,530 2835,526 2835,516 2832,512 2832,491 2829,488 2829,477 2825,474 2825,467 2822,463 2822,460 2811,449 2808,449 2804,446 2801,446 2797,442 2783,442 2780,439 2734,439 2731,436 2693,436 2689,439 2661,439 2658,442 2651,442 2647,446"/>
      <TextLine id="line_9a5cd136-6028-4a21-97df-99591b0c453f">
        <Coords points="2622,454 2878,451 2878,543 2814,543 2799,529 2766,529 2671,545 2622,545"/>
        <Baseline points="2667,535 2717,528 2767,522 2817,519 2834,521"/>
        <Word id="word_30b935a9-d449-45d6-9c0d-04a86f75a6f8">
          <Coords points="2662,500 2712,493 2763,487 2815,484 2838,486 2833,531 2818,529 2768,532 2718,538 2668,545"/>
          <TextEquiv>
            <Unicode>852</Unicode>
          </TextEquiv>
        </Word>
        <TextEquiv conf="0.9991933954255512">
          <Unicode>852</Unicode>
        </TextEquiv>
        <TextStyle xHeight="51"/>
      </TextLine>
    </TextRegion>
    <TextRegion id="region_c2d9bf70-80c5-44ae-bb4c-71b17d415c20_5" custom="structure {type:marginalia;}">
      <Coords points="721,819 718,815 718,812 714,808 714,805 711,801 707,801 704,798 700,798 697,794 693,794 690,791 634,791 630,794 620,794 617,798 613,798 610,801 603,801 599,805 596,805 592,808 589,808 585,812 578,812 575,815 564,815 561,819 557,819 554,822 547,822 543,826 540,826 536,829 533,829 529,833 526,833 523,836 519,836 516,840 512,840 509,843 505,843 502,847 498,847 495,850 491,850 488,854 484,854 481,857 477,857 474,861 467,861 460,868 456,868 449,874 446,874 442,878 435,878 432,881 428,881 425,885 418,885 415,888 408,888 404,892 401,892 397,895 394,895 390,899 383,899 380,902 376,902 373,906 369,906 366,909 362,909 359,913 355,913 355,916 341,930 341,934 338,937 338,944 334,948 334,955 338,958 338,965 341,969 348,969 352,972 376,972 380,969 390,969 394,965 401,965 404,962 411,962 415,958 421,958 425,955 435,955 439,951 442,951 446,948 453,948 456,944 470,944 474,941 481,941 484,937 491,937 495,934 498,934 502,930 509,930 512,927 519,927 523,923 529,923 533,920 540,920 543,916 550,916 554,913 561,913 564,909 571,909 575,906 578,906 582,902 589,902 592,899 603,899 606,895 617,895 620,892 627,892 630,888 634,888 637,885 644,885 648,881 655,881 658,878 662,878 665,874 669,874 672,871 679,871 683,868 686,868 704,850 707,850 718,840 718,836 721,833"/>
    </TextRegion>
    <TextRegion id="region_8418c643-f880-4d9b-822a-b52f338b8250_4" custom="structure {type:marginalia;}">
      <Coords points="571,3125 561,3115 536,3115 533,3111 502,3111 498,3115 495,3115 491,3118 488,3118 484,3122 481,3122 477,3125 474,3125 467,3132 463,3132 456,3139 453,3139 449,3143 446,3143 432,3157 428,3157 425,3160 411,3160 408,3164 404,3164 401,3167 394,3167 390,3170 387,3170 383,3174 380,3174 376,3177 373,3177 366,3184 362,3184 355,3191 352,3191 348,3195 345,3195 334,3205 331,3205 314,3223 314,3226 324,3237 331,3237 334,3240 387,3240 390,3237 401,3237 404,3233 408,3233 411,3230 415,3230 421,3223 425,3223 428,3219 432,3219 435,3216 439,3216 449,3205 453,3205 456,3202 463,3202 470,3195 474,3195 481,3188 488,3188 491,3184 502,3184 505,3181 516,3181 519,3177 523,3177 526,3174 529,3174 540,3164 543,3164 554,3153 557,3153 561,3150 561,3146 568,3139 568,3136 571,3132"/>
    </TextRegion>
    <TextRegion id="region_a7b38c65-c740-42ac-bc46-838095f5048a_1" custom="structure {type:paragraph;}">
      <Coords points="2919,711 2905,718 2888,711 2877,721 2808,718 2773,690 2752,631 2717,627 2682,610 2602,634 2470,624 1648,617 1327,634 1174,627 944,638 867,631 836,652 808,787 805,941 815,986 808,1094 822,1146 815,1324 833,1404 833,1683 843,1725 846,1822 801,2237 798,2582 808,2620 801,2697 815,2756 812,2822 829,3021 819,3055 805,3237 815,3390 794,3634 805,3829 815,3864 815,3989 826,4045 819,4233 843,4282 892,4299 1202,4303 1282,4292 1428,4299 1574,4292 1749,4268 2188,4257 2348,4240 2797,4237 2884,4244 2919,4233 2957,4202 2933,4118 2971,4097 2992,4059 2975,4017 2982,3888 2999,3805 2999,3669 2985,3648 2999,3557 2992,3547 2992,3474 2964,3362 2954,3230 2971,3181 2971,2958 2989,2885 2996,2693 2982,2592 2992,2502 2989,2348 2957,2251 2968,2181 2968,2021 2954,1962 2954,1895 2940,1847 2954,1627 2916,1467 2902,1456 2905,1411 2895,1390 2898,1355 2933,1320 2933,1289 2909,1223 2923,1136 2898,1094 2902,1042 2926,1007 2961,861 2957,773 2943,732"/>
      <TextLine id="line_1cce29f9-117c-40a8-98c1-ceb06310cbd9">
        <Coords points="770,527 1739,522 1755,538 1771,538 1779,546 2062,547 2685,543 2789,531 2846,588 2846,681 2230,684 2194,716 2078,715 2062,703 1595,699 1531,688 1516,700 1327,699 1267,728 1219,736 1207,748 1163,748 1139,756 864,759 770,799"/>
        <Baseline points="815,678 865,680 915,681 965,678 1015,675 1065,676 1115,676 1165,676 1215,676 1265,675 1315,674 1365,675 1415,674 1465,672 1515,672 1565,671 1615,670 1665,669 1715,668 1765,667 1815,667 1865,666 1915,664 1965,663 2015,663 2065,662 2115,663 2165,664 2215,665 2265,664 2315,663 2365,664 2415,663 2465,663 2515,663 2565,662 2615,663 2665,664 2715,663 2765,659 2802,659"/>
        <Word id="word_aaa93da3-5769-4a09-bc00-9ba9b6b861f8">
          <Coords points="816,643 866,645 916,646 963,643 978,642 981,687 966,688 915,691 865,690 815,688"/>
          <TextEquiv>
            <Unicode>hun</Unicode>
          </TextEquiv>
        </Word>
        <Word id="word_ac5c289c-6e12-406d-aead-0263259df436">
          <Coords points="1038,639 1068,641 1115,641 1165,641 1215,641 1264,640 1311,639 1312,684 1265,685 1215,686 1165,686 1115,686 1064,686 1035,684"/>
          <TextEquiv>
            <Unicode>macht</Unicode>
          </TextEquiv>
        </Word>
        <Word id="word_bc5a6894-b711-4538-a790-2b3f136a70b8">
          <Coords points="1368,638 1416,639 1464,637 1515,637 1564,636 1587,636 1588,681 1565,681 1515,682 1465,682 1415,684 1367,683"/>
          <TextEquiv>
            <Unicode>meer</Unicode>
          </TextEquiv>
        </Word>
        <Word id="word_99335cc1-0075-4790-b235-18cbd55a0a97">
          <Coords points="1642,634 1664,634 1714,633 1764,632 1815,632 1863,631 1864,676 1815,677 1765,677 1715,678 1665,679 1643,679"/>
          <TextEquiv>
            <Unicode>ende</Unicode>
          </TextEquiv>
        </Word>
        <Word id="word_2d357f36-03d5-462f-820f-cf9f587218bc">
          <Coords points="1917,630 1964,628 2015,628 2064,627 2116,628 2140,628 2139,673 2115,673 2065,672 2015,673 1965,673 1919,675"/>
          <TextEquiv>
            <Unicode>meer</Unicode>
          </TextEquiv>
        </Word>
        <Word id="word_7e00db23-7792-4e2d-a0be-80face357d49">
          <Coords points="2195,630 2216,630 2264,629 2304,628 2305,673 2265,674 2215,675 2195,675"/>
          <TextEquiv>
            <Unicode>is</Unicode>
          </TextEquiv>
        </Word>
        <Word id="word_ffa367a4-f780-475f-a33f-d1b5bb609053">
          <Coords points="2374,630 2378,632 2414,628 2465,628 2515,628 2564,627 2616,628 2637,628 2636,673 2615,673 2565,672 2515,673 2465,673 2415,673 2361,673 2357,671"/>
          <TextEquiv>
            <Unicode>comen</Unicode>
          </TextEquiv>
        </Word>
        <Word id="word_c39f9205-c728-4991-9cfa-16b3bd741fea">
          <Coords points="2689,630 2713,628 2762,624 2801,624 2801,669 2766,669 2716,673 2692,675"/>
          <TextEquiv>
            <Unicode>te</Unicode>
          </TextEquiv>
        </Word>
        <TextEquiv conf="0.9178492618621806">
          <Unicode>hun macht meer ende meer is comen te</Unicode>
        </TextEquiv>
        <TextStyle xHeight="54"/>
      </TextLine>
      <TextLine id="bdda57d9-da37-41aa-828e-1a24d03a858c">
        <Coords points="782,791 800,791 856,760 1140,756 1164,748 1208,748 1220,736 1268,728 1296,712 1424,712 1432,704 1711,699 2060,703 2076,715 2192,716 2208,707 2745,715 2745,807 2428,807 2412,822 2340,830 2316,854 2156,854 2140,841 1836,829 1488,846 1188,845 1140,866 1112,894 782,898"/>
        <Baseline points="827,840 877,834 927,832 977,831 1027,830 1077,827 1127,824 1177,823 1227,821 1277,818 1327,815 1377,813 1427,811 1477,808 1527,806 1577,804 1627,801 1677,800 1727,797 1777,795 1827,794 1877,791 1927,790 1977,789 2027,789 2077,788 2127,789 2177,787 2227,785 2277,784 2327,782 2377,782 2427,784 2477,785 2527,783 2577,781 2627,780 2677,780 2701,785"/>
        <Word id="word_0c320caa-478c-43e0-a3a3-7f020d707af5">
          <Coords points="823,805 873,799 926,797 976,796 1026,795 1075,792 1125,789 1176,788 1226,786 1275,783 1325,780 1376,778 1383,778 1384,823 1377,823 1328,825 1278,828 1227,831 1177,833 1128,834 1078,837 1027,840 977,841 927,842 878,844 828,850"/>
          <TextEquiv>
            <Unicode>verwachten,</Unicode>
          </TextEquiv>
        </Word>
        <Word id="word_787be1ed-88aa-4550-9ccc-5c1e5b310a7d">
          <Coords points="1432,776 1475,773 1526,771 1576,769 1625,766 1676,765 1725,762 1737,762 1739,807 1728,807 1677,810 1628,811 1577,814 1527,816 1478,818 1435,821"/>
          <TextEquiv>
            <Unicode>sijnde</Unicode>
          </TextEquiv>
        </Word>
        <Word id="word_cec2adcd-8d15-4330-8d86-fa835e79a4da">
          <Coords points="1789,760 1827,759 1875,756 1926,755 1940,755 1941,800 1927,800 1878,801 1827,804 1789,805"/>
          <TextEquiv>
            <Unicode>wij</Unicode>
          </TextEquiv>
        </Word>
        <Word id="word_3751cb72-fda0-48a7-a28f-049187223dad">
          <Coords points="1992,754 2027,754 2076,753 2094,753 2093,798 2077,798 2027,799 1992,799"/>
          <TextEquiv>
            <Unicode>nu</Unicode>
          </TextEquiv>
        </Word>
        <Word id="word_308ba29c-ab8d-46bb-a6df-0c28e1abbead">
          <Coords points="2142,754 2175,752 2226,750 2276,749 2326,747 2377,747 2428,749 2478,750 2526,748 2576,746 2626,745 2677,745 2708,751 2699,795 2677,790 2627,790 2577,791 2527,793 2477,795 2427,794 2377,792 2327,792 2277,794 2227,795 2178,797 2145,799"/>
          <TextEquiv>
            <Unicode>genoechsaem</Unicode>
          </TextEquiv>
        </Word>
        <TextEquiv conf="0.9716123069142696">
          <Unicode>verwachten, sijnde wij nu genoechsaem</Unicode>
        </TextEquiv>
        <TextStyle xHeight="43"/>
      </TextLine>
      <TextLine id="line_06517ab8-de84-4fb7-93b5-ead157a7fd41">
        <Coords points="783,898 1109,895 1141,863 1193,839 1576,835 1596,818 1748,818 1756,826 1836,826 1844,834 1940,834 1956,847 2140,842 2156,855 2316,855 2340,831 2419,818 2443,826 2567,830 2583,845 2884,845 2884,937 2531,933 2407,941 2204,940 2180,960 1608,964 1576,996 1524,996 1516,1004 1456,1008 1253,1011 1197,1035 1157,1034 1129,1007 783,1007"/>
        <Baseline points="828,970 878,972 928,969 978,968 1028,967 1078,966 1128,965 1178,963 1228,962 1278,961 1328,959 1378,956 1428,953 1478,949 1528,949 1578,947 1628,944 1678,943 1728,940 1778,938 1828,936 1878,935 1928,934 1978,932 2028,932 2078,932 2128,931 2178,929 2228,926 2278,927 2328,927 2378,925 2428,925 2478,927 2528,926 2578,925 2628,922 2678,920 2728,919 2778,918 2828,917 2840,915"/>
        <Word id="word_0bb6f12b-7b60-4e6d-95ee-e34289efda50">
          <Coords points="829,935 879,937 926,934 977,933 1019,932 1020,977 978,978 929,979 878,982 828,980"/>
          <TextEquiv>
            <Unicode>door</Unicode>
          </TextEquiv>
        </Word>
        <Word id="word_9c73ca2b-9ebb-4b87-909a-54efb7256707">
          <Coords points="1067,931 1077,931 1127,930 1177,928 1227,927 1277,926 1327,924 1376,921 1426,918 1475,914 1499,914 1499,959 1479,959 1429,963 1379,966 1328,969 1278,971 1228,972 1178,973 1128,975 1078,976 1068,976"/>
          <TextEquiv>
            <Unicode>diversche</Unicode>
          </TextEquiv>
        </Word>
        <Word id="word_e1f391da-ee84-4aa1-bd97-72a0a5bf0f0f">
          <Coords points="1544,914 1576,912 1626,909 1677,908 1726,905 1777,903 1827,901 1877,900 1927,899 1977,897 2028,897 2078,897 2127,896 2168,894 2170,939 2128,941 2078,942 2028,942 1978,942 1928,944 1878,945 1828,946 1778,948 1729,950 1678,953 1629,954 1579,957 1547,959"/>
          <TextEquiv>
            <Unicode>g'informeerdt</Unicode>
          </TextEquiv>
        </Word>
        <Word id="word_2f330427-b86b-49c0-a0b4-d8e27309ef1a">
          <Coords points="2213,893 2223,891 2279,892 2328,892 2377,890 2428,890 2479,892 2527,891 2577,890 2598,889 2601,934 2578,935 2528,936 2478,937 2428,935 2378,935 2328,937 2278,937 2229,936 2219,937"/>
          <TextEquiv>
            <Unicode>gewerden</Unicode>
          </TextEquiv>
        </Word>
        <Word id="word_43fa19a1-4788-4aab-b9aa-dd2b2ac01d35">
          <Coords points="2647,886 2677,885 2727,884 2777,883 2827,882 2834,880 2842,925 2828,927 2778,928 2728,929 2678,930 2649,931"/>
          <TextEquiv>
            <Unicode>niet</Unicode>
          </TextEquiv>
        </Word>
        <TextEquiv conf="0.9124924172180024">
          <Unicode>door diversche g'informeerdt gewerden niet</Unicode>
        </TextEquiv>
        <TextStyle xHeight="42"/>
      </TextLine>
      <TextLine id="ea024db4-64b6-4d58-b1c2-8597c4982d68">
        <Coords points="754,1008 1127,1008 1151,1032 1199,1033 1251,1013 1515,1005 1535,985 1583,985 1599,969 2114,964 2561,972 2573,984 2874,980 2874,1072 2374,1067 2350,1079 2258,1071 2106,1083 1914,1083 1878,1115 1635,1115 1623,1106 1519,1106 1495,1107 1475,1127 1451,1127 1433,1110 1323,1110 1000,1115 976,1131 754,1131"/>
        <Baseline points="799,1121 849,1116 899,1114 949,1109 999,1106 1049,1104 1099,1103 1149,1102 1199,1100 1249,1097 1299,1095 1349,1092 1399,1091 1449,1089 1499,1098 1549,1094 1599,1086 1649,1080 1699,1079 1749,1078 1799,1075 1849,1073 1899,1070 1949,1068 1999,1065 2049,1064 2099,1062 2149,1061 2199,1061 2249,1061 2299,1060 2349,1060 2399,1060 2449,1059 2499,1059 2549,1058 2599,1058 2649,1056 2699,1054 2749,1052 2799,1049 2830,1050"/>
        <Word id="word_ea0743d1-287a-47a1-8e51-568b0f8f2351">
          <Coords points="796,1086 846,1081 898,1079 946,1074 997,1071 1045,1069 1047,1114 1000,1116 950,1119 899,1124 850,1126 800,1131"/>
          <TextEquiv>
            <Unicode>Boven</Unicode>
          </TextEquiv>
        </Word>
        <Word id="word_5a33115c-13a5-42ef-ab5e-fe2fb70ddd3c">
          <Coords points="1106,1069 1109,1069 1148,1067 1194,1065 1196,1110 1149,1112 1096,1113 1093,1112"/>
          <TextEquiv>
            <Unicode>d'</Unicode>
          </TextEquiv>
        </Word>
        <Word id="word_04b77038-d3bf-4bc6-b6d8-19c500d8edf6">
          <Coords points="1235,1064 1240,1063 1298,1060 1347,1057 1393,1056 1393,1101 1350,1102 1299,1105 1252,1107 1247,1108"/>
          <TextEquiv>
            <Unicode>500</Unicode>
          </TextEquiv>
        </Word>
        <Word id="word_3381b13d-252f-41ce-ba2f-8a0978dbb185">
          <Coords points="1437,1056 1443,1055 1505,1064 1546,1059 1593,1051 1645,1045 1688,1044 1689,1089 1650,1090 1601,1096 1550,1104 1497,1108 1451,1099 1445,1100"/>
          <TextEquiv>
            <Unicode>pions</Unicode>
          </TextEquiv>
        </Word>
        <Word id="word_608361a5-6211-4097-86df-056832bf9e54">
          <Coords points="1738,1043 1748,1043 1797,1040 1848,1038 1885,1036 1888,1081 1849,1083 1800,1085 1749,1088 1739,1088"/>
          <TextEquiv>
            <Unicode>Bij</Unicode>
          </TextEquiv>
        </Word>
        <Word id="word_24035a69-09ae-4236-a8a6-2a235bccb1a4">
          <Coords points="1938,1033 1950,1033 1997,1030 2048,1029 2084,1028 2086,1073 2049,1074 2000,1075 1949,1078 1937,1078"/>
          <TextEquiv>
            <Unicode>den</Unicode>
          </TextEquiv>
        </Word>
        <Word id="word_0e612641-c01b-485e-a29f-0b5250a4eca0">
          <Coords points="2136,1026 2150,1026 2199,1026 2249,1026 2298,1025 2349,1025 2399,1025 2448,1024 2482,1024 2482,1069 2449,1069 2399,1070 2349,1070 2299,1070 2249,1071 2199,1071 2149,1071 2135,1071"/>
          <TextEquiv>
            <Unicode>anderen</Unicode>
          </TextEquiv>
        </Word>
        <Word id="word_4c597a63-73f9-4690-b600-7c391149ada6">
          <Coords points="2530,1024 2547,1023 2599,1023 2648,1021 2698,1019 2748,1017 2797,1014 2831,1015 2829,1060 2800,1059 2749,1062 2699,1064 2649,1066 2599,1068 2550,1068 2533,1069"/>
          <TextEquiv>
            <Unicode>aldaer</Unicode>
          </TextEquiv>
        </Word>
        <TextEquiv conf="0.8764145293354523">
          <Unicode>Boven d' 500 pions Bij den anderen aldaer</Unicode>
        </TextEquiv>
        <TextStyle xHeight="40"/>
      </TextLine>
      <TextLine id="line_4fdb69af-e781-441d-8f21-de5a3a8cd990">
        <Coords points="1322,1073 1460,1077 1460,1169 1322,1169"/>
        <Baseline points="1367,1150 1416,1147"/>
        <TextStyle xHeight="41"/>
      </TextLine>
      <TextLine id="a3146610-3fc1-4b52-ac4d-57394a220059">
        <Coords points="783,1144 1245,1148 1255,1157 1417,1157 1497,1105 1876,1113 1912,1080 2064,1080 2100,1101 2188,1101 2196,1093 2296,1084 2716,1092 2764,1096 2780,1105 2976,1109 3013,1087 3017,1091 3017,1184 2996,1172 2960,1207 2620,1212 2584,1247 2100,1247 2092,1255 1305,1251 1021,1263 1005,1279 841,1279 783,1323"/>
        <Baseline points="828,1264 878,1263 928,1260 978,1259 1028,1255 1078,1254 1128,1253 1178,1250 1228,1248 1278,1246 1328,1243 1378,1242 1428,1241 1478,1238 1528,1234 1578,1231 1628,1228 1678,1225 1728,1221 1778,1218 1828,1215 1878,1215 1928,1214 1978,1213 2028,1210 2078,1206 2128,1204 2178,1203 2228,1200 2278,1197 2328,1195 2378,1194 2428,1194 2478,1192 2528,1188 2578,1185 2628,1182 2678,1180 2728,1180 2778,1177 2828,1172 2878,1169 2928,1164 2973,1162"/>
        <Word id="word_ed1303c3-91ea-4fc5-b095-a818c132e74a">
          <Coords points="827,1229 877,1228 926,1225 977,1224 1025,1220 1077,1219 1127,1218 1176,1215 1191,1214 1193,1259 1179,1260 1128,1263 1078,1264 1029,1265 978,1269 929,1270 878,1273 828,1274"/>
          <TextEquiv>
            <Unicode>presendt,</Unicode>
          </TextEquiv>
        </Word>
        <Word id="word_4a846ded-e576-465c-8d0f-5d1e4e8b8ebe">
          <Coords points="1231,1213 1277,1211 1326,1208 1377,1207 1394,1207 1395,1252 1378,1252 1329,1253 1278,1256 1233,1258"/>
          <TextEquiv>
            <Unicode>ende</Unicode>
          </TextEquiv>
        </Word>
        <Word id="word_15941692-5543-4bf9-b619-ec4dfdc60771">
          <Coords points="1433,1206 1476,1203 1513,1200 1517,1245 1479,1248 1436,1251"/>
          <TextEquiv>
            <Unicode>d'</Unicode>
          </TextEquiv>
        </Word>
        <Word id="word_b4deaa53-00db-4ec4-83b4-62bbd9280f46">
          <Coords points="1555,1197 1577,1196 1626,1193 1676,1190 1725,1186 1776,1183 1826,1180 1878,1180 1927,1179 1961,1178 1962,1223 1928,1224 1878,1225 1829,1225 1779,1228 1729,1231 1679,1235 1629,1238 1578,1241 1557,1242"/>
          <TextEquiv>
            <Unicode>resterende</Unicode>
          </TextEquiv>
        </Word>
        <Word id="word_e84ce907-4d6c-476b-ae4f-dbd401a6bdb7">
          <Coords points="1999,1178 2025,1175 2075,1171 2127,1169 2163,1168 2164,1213 2128,1214 2079,1216 2029,1220 2003,1222"/>
          <TextEquiv>
            <Unicode>wijt</Unicode>
          </TextEquiv>
        </Word>
        <Word id="word_64b506be-c9e3-4438-97b5-5e815fb9a237">
          <Coords points="2201,1168 2224,1165 2276,1162 2327,1160 2365,1159 2366,1204 2328,1205 2279,1207 2229,1210 2205,1212"/>
          <TextEquiv>
            <Unicode>ende</Unicode>
          </TextEquiv>
        </Word>
        <Word id="word_221bb53e-8f30-4412-bf8c-4e3792ac36b9">
          <Coords points="2408,1158 2429,1159 2477,1157 2525,1153 2566,1151 2569,1196 2529,1198 2478,1202 2428,1204 2406,1203"/>
          <TextEquiv>
            <Unicode>sijt</Unicode>
          </TextEquiv>
        </Word>
        <Word id="word_98be6bd8-190c-44ae-8800-317885532b37">
          <Coords points="2607,1148 2626,1147 2677,1145 2728,1145 2776,1142 2825,1137 2876,1134 2925,1129 2971,1127 2973,1172 2929,1174 2879,1179 2829,1182 2779,1187 2728,1190 2678,1190 2629,1192 2610,1193"/>
          <TextEquiv>
            <Unicode>verstroit</Unicode>
          </TextEquiv>
        </Word>
        <TextEquiv conf="0.9331019030888485">
          <Unicode>presendt, ende d' resterende wijt ende sijt verstroit</Unicode>
        </TextEquiv>
        <TextStyle xHeight="45"/>
      </TextLine>
      <TextLine id="line_3cebb0f0-b4bd-453d-ad6d-bacf2d1f4347">
        <Coords points="769,1328 799,1316 835,1284 999,1280 1019,1264 1291,1252 1747,1252 1779,1240 2239,1235 2247,1243 2339,1243 2359,1263 2579,1268 2587,1260 2963,1258 2969,1252 2995,1256 3012,1246 3012,1339 2979,1317 2970,1326 2875,1330 2451,1338 2439,1350 2364,1353 2143,1352 1863,1361 1831,1369 1655,1369 1583,1373 1567,1389 1247,1388 1223,1401 1095,1400 1079,1413 1047,1413 1031,1400 1006,1397 947,1401 859,1484 769,1484"/>
        <Baseline points="814,1401 864,1397 914,1393 964,1391 1014,1390 1064,1389 1114,1387 1164,1383 1214,1380 1264,1377 1314,1376 1364,1375 1414,1372 1464,1369 1514,1367 1564,1365 1614,1362 1664,1360 1714,1357 1764,1356 1814,1354 1864,1352 1914,1350 1964,1347 2014,1345 2064,1343 2114,1342 2164,1339 2214,1337 2264,1335 2314,1332 2364,1331 2414,1329 2464,1327 2514,1326 2564,1325 2614,1324 2664,1322 2714,1321 2764,1321 2814,1320 2864,1320 2914,1318 2964,1316 2968,1317"/>
        <Word id="word_32e1866f-edce-4792-a4c4-b738086902c8">
          <Coords points="811,1366 861,1362 911,1358 963,1356 1013,1355 1042,1354 1043,1399 1014,1400 964,1401 915,1403 865,1407 815,1411"/>
          <TextEquiv>
            <Unicode>sijn,</Unicode>
          </TextEquiv>
        </Word>
        <Word id="word_eb1c4989-2dea-4f2a-adb6-9a99cbd662fb">
          <Coords points="1087,1354 1112,1352 1161,1348 1212,1345 1262,1342 1313,1341 1317,1341 1318,1386 1314,1386 1265,1387 1215,1390 1165,1393 1115,1397 1089,1398"/>
          <TextEquiv>
            <Unicode>geeft</Unicode>
          </TextEquiv>
        </Word>
        <Word id="word_6b704b4a-ae97-45b0-b99c-6bf15cb14f51">
          <Coords points="1363,1340 1363,1340 1412,1337 1462,1334 1500,1333 1502,1378 1465,1379 1415,1382 1364,1385 1364,1385"/>
          <TextEquiv>
            <Unicode>den</Unicode>
          </TextEquiv>
        </Word>
        <Word id="word_252ba053-f29d-44ef-bf0b-9a6b11296917">
          <Coords points="1546,1331 1563,1330 1612,1327 1663,1325 1712,1322 1763,1321 1813,1319 1863,1317 1913,1315 1962,1312 2004,1310 2006,1355 1965,1357 1914,1360 1864,1362 1814,1364 1764,1366 1715,1367 1664,1370 1615,1372 1564,1375 1547,1376"/>
          <TextEquiv>
            <Unicode>gouverneur</Unicode>
          </TextEquiv>
        </Word>
        <Word id="word_35a6ebe9-1bae-4398-aeb4-2d959d45c4c2">
          <Coords points="2050,1309 2063,1308 2113,1307 2162,1304 2187,1303 2189,1348 2165,1349 2114,1352 2064,1353 2052,1354"/>
          <TextEquiv>
            <Unicode>den</Unicode>
          </TextEquiv>
        </Word>
        <Word id="word_7fe4b909-c339-47a9-ab69-20592501f4c2">
          <Coords points="2233,1301 2263,1300 2312,1297 2363,1296 2413,1294 2462,1292 2464,1337 2414,1339 2364,1341 2315,1342 2264,1345 2235,1346"/>
          <TextEquiv>
            <Unicode>Raedt</Unicode>
          </TextEquiv>
        </Word>
        <Word id="word_37dd7470-1cb1-4c49-b664-fadc2a2230ac">
          <Coords points="2516,1291 2520,1292 2563,1290 2613,1289 2663,1287 2713,1286 2764,1286 2813,1285 2864,1285 2913,1283 2963,1281 2976,1283 2965,1327 2964,1326 2914,1328 2864,1330 2814,1330 2764,1331 2714,1331 2664,1332 2614,1334 2564,1335 2512,1336 2508,1335"/>
          <TextEquiv>
            <Unicode>versterckt</Unicode>
          </TextEquiv>
        </Word>
        <TextEquiv conf="0.9649234563166398">
          <Unicode>sijn, geeft den gouverneur den Raedt versterckt</Unicode>
        </TextEquiv>
        <TextStyle xHeight="42"/>
      </TextLine>
      <TextLine id="b2b5b4ed-51cb-48f6-b8b7-bf8100c55ad0">
        <Coords points="795,1487 861,1483 945,1399 1026,1399 1041,1414 1073,1415 1097,1398 1221,1399 1233,1387 1896,1382 2212,1395 2220,1387 2272,1383 2800,1381 2800,1473 2567,1469 1968,1488 1936,1492 1896,1532 1732,1532 1712,1515 1640,1511 1384,1512 1328,1563 795,1559"/>
        <Baseline points="840,1524 890,1520 940,1518 990,1516 1040,1515 1090,1515 1140,1514 1190,1512 1240,1507 1290,1506 1340,1505 1390,1503 1440,1500 1490,1499 1540,1497 1590,1495 1640,1491 1690,1489 1740,1490 1790,1489 1840,1489 1890,1487 1940,1483 1990,1480 2040,1479 2090,1476 2140,1473 2190,1472 2240,1469 2290,1468 2340,1468 2390,1467 2440,1465 2490,1464 2540,1463 2590,1462 2640,1459 2690,1455 2740,1451 2756,1451"/>
        <Word id="word_0e0187bc-d0c7-4107-b932-21d5d5b52339">
          <Coords points="837,1489 887,1485 939,1483 975,1482 977,1527 940,1528 891,1530 841,1534"/>
          <TextEquiv>
            <Unicode>met</Unicode>
          </TextEquiv>
        </Word>
        <Word id="word_e35a1ef7-4f2b-4dd4-a0f0-cc246ffb79d5">
          <Coords points="1023,1480 1041,1480 1090,1480 1113,1480 1114,1525 1090,1525 1040,1525 1022,1525"/>
          <TextEquiv>
            <Unicode>de</Unicode>
          </TextEquiv>
        </Word>
        <Word id="word_0a3a0fb5-b0f3-494b-9c6b-8619dab79417">
          <Coords points="1158,1479 1188,1477 1237,1472 1289,1471 1339,1470 1389,1468 1431,1465 1434,1510 1390,1513 1340,1515 1290,1516 1241,1517 1191,1522 1160,1524"/>
          <TextEquiv>
            <Unicode>Crijgs</Unicode>
          </TextEquiv>
        </Word>
        <Word id="word_dc0f99f9-6949-4c4d-ad17-f97fae4d11c1">
          <Coords points="1483,1463 1494,1464 1539,1462 1589,1460 1637,1456 1689,1454 1741,1455 1789,1454 1840,1454 1889,1452 1932,1449 1935,1493 1890,1497 1840,1499 1790,1499 1740,1500 1690,1499 1641,1501 1590,1505 1540,1507 1489,1509 1477,1508"/>
          <TextEquiv>
            <Unicode>officieren</Unicode>
          </TextEquiv>
        </Word>
        <Word id="word_fa7cc6a4-4132-47cc-8f3e-8f369a684028">
          <Coords points="1981,1445 1991,1445 2039,1444 2069,1442 2072,1487 2040,1489 1990,1490 1980,1490"/>
          <TextEquiv>
            <Unicode>in</Unicode>
          </TextEquiv>
        </Word>
        <Word id="word_1ae54a7c-3beb-4c7f-8ebd-a04573b662ef">
          <Coords points="2115,1439 2138,1438 2189,1437 2238,1434 2289,1433 2340,1433 2389,1432 2439,1430 2489,1429 2539,1428 2573,1427 2574,1472 2540,1473 2490,1474 2440,1475 2390,1477 2340,1478 2290,1478 2241,1479 2190,1482 2141,1483 2118,1484"/>
          <TextEquiv>
            <Unicode>Bedencken,</Unicode>
          </TextEquiv>
        </Word>
        <Word id="word_f788078f-accd-419c-8817-a5a0dd38c2d1">
          <Coords points="2615,1427 2636,1424 2687,1420 2737,1416 2756,1416 2756,1461 2741,1461 2691,1465 2641,1469 2620,1471"/>
          <TextEquiv>
            <Unicode>aen</Unicode>
          </TextEquiv>
        </Word>
        <TextEquiv conf="0.8859526868708069">
          <Unicode>met de Crijgs officieren in Bedencken, aen</Unicode>
        </TextEquiv>
        <TextStyle xHeight="40"/>
      </TextLine>
      <TextLine id="da8bbf66-06dd-4da0-8511-ae7c1e5672ac">
        <Coords points="828,1558 1330,1562 1382,1517 1714,1517 1734,1534 1890,1534 1934,1497 2170,1498 2186,1482 2202,1478 2654,1470 2762,1457 2830,1461 2891,1522 2891,1615 2734,1615 2722,1624 2370,1624 2358,1636 1814,1632 1806,1640 1678,1640 1662,1656 1426,1656 1418,1664 1186,1664 1178,1672 828,1663"/>
        <Baseline points="873,1652 923,1654 973,1652 1023,1650 1073,1647 1123,1647 1173,1646 1223,1645 1273,1644 1323,1642 1373,1640 1423,1638 1473,1636 1523,1634 1573,1632 1623,1631 1673,1629 1723,1628 1773,1627 1823,1625 1873,1622 1923,1620 1973,1619 2023,1618 2073,1616 2123,1615 2173,1613 2223,1610 2273,1608 2323,1606 2373,1606 2423,1606 2473,1605 2523,1604 2573,1602 2623,1601 2673,1598 2723,1596 2773,1593 2823,1590 2847,1593"/>
        <Word id="word_6d5f7fad-f27e-4e97-9664-8dbc1c53de91">
          <Coords points="874,1617 924,1619 972,1617 1022,1615 1071,1612 1123,1612 1161,1611 1162,1656 1123,1657 1074,1657 1023,1660 973,1662 923,1664 873,1662"/>
          <TextEquiv>
            <Unicode>Gesien</Unicode>
          </TextEquiv>
        </Word>
        <Word id="word_deda4a5e-0206-4678-bfcd-3621c68cdeff">
          <Coords points="1209,1610 1222,1610 1272,1609 1322,1607 1353,1606 1355,1651 1323,1652 1273,1654 1223,1655 1210,1655"/>
          <TextEquiv>
            <Unicode>dan</Unicode>
          </TextEquiv>
        </Word>
        <Word id="word_89a67531-fec2-467c-876c-62a9f88a199d">
          <Coords points="1401,1604 1422,1603 1472,1601 1522,1599 1546,1598 1548,1643 1523,1644 1473,1646 1423,1648 1403,1649"/>
          <TextEquiv>
            <Unicode>den</Unicode>
          </TextEquiv>
        </Word>
        <Word id="word_955a482b-b68e-4d9d-98b2-1f39ec0f90fc">
          <Coords points="1595,1596 1623,1596 1672,1594 1722,1593 1772,1592 1822,1590 1871,1587 1922,1585 1932,1585 1933,1630 1923,1630 1874,1632 1823,1635 1773,1637 1723,1638 1673,1639 1623,1641 1595,1641"/>
          <TextEquiv>
            <Unicode>vijandt</Unicode>
          </TextEquiv>
        </Word>
        <Word id="word_3ff54554-b27e-44e4-8ce2-a54c55f27584">
          <Coords points="1980,1584 2022,1583 2072,1581 2076,1581 2077,1626 2073,1626 2023,1628 1981,1629"/>
          <TextEquiv>
            <Unicode>nu</Unicode>
          </TextEquiv>
        </Word>
        <Word id="word_bc3e3376-5b25-43df-9a4d-682b544b0b62">
          <Coords points="2124,1580 2172,1578 2221,1575 2272,1573 2322,1571 2366,1571 2366,1616 2323,1616 2273,1618 2224,1620 2173,1623 2125,1625"/>
          <TextEquiv>
            <Unicode>swacq</Unicode>
          </TextEquiv>
        </Word>
        <Word id="word_b9b6a395-2717-4528-a517-db26daa75f57">
          <Coords points="2414,1571 2423,1571 2472,1570 2522,1569 2572,1567 2606,1566 2607,1611 2573,1612 2523,1614 2473,1615 2423,1616 2414,1616"/>
          <TextEquiv>
            <Unicode>ende</Unicode>
          </TextEquiv>
        </Word>
        <Word id="word_597ff5ef-b047-4f9d-93e5-40f788e02a00">
          <Coords points="2650,1566 2669,1563 2722,1561 2771,1558 2821,1555 2851,1558 2846,1603 2824,1600 2774,1603 2723,1606 2674,1608 2656,1610"/>
          <TextEquiv>
            <Unicode>onse</Unicode>
          </TextEquiv>
        </Word>
        <TextEquiv conf="0.9807744082931703">
          <Unicode>Gesien dan den vijandt nu swacq ende onse</Unicode>
        </TextEquiv>
        <TextStyle xHeight="42"/>
      </TextLine>
      <TextLine id="line_107a5cbe-47a1-4522-b3b5-ed33e58bcb52">
        <Coords points="795,1677 885,1677 893,1669 1416,1661 1424,1653 1504,1653 1516,1644 1668,1645 1676,1637 1808,1637 1868,1629 2280,1637 2803,1632 2847,1636 2859,1648 2891,1652 2956,1651 2956,1743 2619,1743 2423,1755 1768,1770 1732,1802 1197,1801 1033,1806 1009,1818 795,1818"/>
        <Baseline points="840,1790 890,1787 940,1785 990,1785 1040,1784 1090,1783 1140,1781 1190,1780 1240,1777 1290,1775 1340,1773 1390,1771 1440,1771 1490,1770 1540,1769 1590,1768 1640,1766 1690,1764 1740,1764 1790,1763 1840,1761 1890,1759 1940,1757 1990,1756 2040,1755 2090,1753 2140,1752 2190,1752 2240,1748 2290,1745 2340,1744 2390,1743 2440,1743 2490,1742 2540,1739 2590,1738 2640,1735 2690,1731 2740,1729 2790,1727 2840,1724 2890,1722 2912,1721"/>
        <Word id="word_d9b5cfe0-089e-4c7b-942d-386e6aa0c954">
          <Coords points="838,1755 888,1752 939,1750 990,1750 1039,1749 1089,1748 1091,1748 1093,1793 1090,1793 1040,1794 990,1795 940,1795 891,1797 841,1800"/>
          <TextEquiv>
            <Unicode>macht</Unicode>
          </TextEquiv>
        </Word>
        <Word id="word_2e8f76a4-78a3-4e4e-ab0a-8619eaf90e94">
          <Coords points="1143,1746 1189,1745 1238,1742 1289,1740 1339,1738 1389,1736 1440,1736 1489,1735 1539,1734 1547,1734 1548,1779 1540,1779 1490,1780 1440,1781 1390,1781 1340,1783 1290,1785 1241,1787 1190,1790 1143,1791"/>
          <TextEquiv>
            <Unicode>bestandt</Unicode>
          </TextEquiv>
        </Word>
        <Word id="word_2b9fd691-d1f0-4f25-9c1e-812c62903264">
          <Coords points="1597,1733 1638,1731 1689,1729 1740,1729 1789,1728 1839,1726 1889,1724 1939,1722 1989,1721 2039,1720 2089,1718 2103,1718 2104,1763 2090,1763 2040,1765 1990,1766 1940,1767 1890,1769 1840,1771 1790,1773 1740,1774 1690,1774 1640,1776 1599,1778"/>
          <TextEquiv>
            <Unicode>g'oordeelt</Unicode>
          </TextEquiv>
        </Word>
        <Word id="word_cf946c79-ef69-4271-b81d-da7477929cdb">
          <Coords points="2155,1717 2190,1717 2237,1713 2288,1710 2339,1709 2389,1708 2440,1708 2457,1708 2458,1753 2440,1753 2390,1753 2340,1754 2291,1755 2241,1758 2190,1762 2154,1762"/>
          <TextEquiv>
            <Unicode>werdt,</Unicode>
          </TextEquiv>
        </Word>
        <Word id="word_d6efbddb-a4af-4962-97ad-4498e8ce329f">
          <Coords points="2505,1707 2537,1704 2589,1703 2638,1700 2687,1696 2708,1695 2710,1740 2691,1741 2641,1745 2590,1748 2541,1749 2509,1752"/>
          <TextEquiv>
            <Unicode>omme</Unicode>
          </TextEquiv>
        </Word>
        <Word id="word_af203265-05b1-4c48-8ae7-ffaa41e39a73">
          <Coords points="2759,1693 2789,1692 2838,1689 2889,1687 2910,1686 2912,1731 2890,1732 2841,1734 2790,1737 2761,1738"/>
          <TextEquiv>
            <Unicode>den</Unicode>
          </TextEquiv>
        </Word>
        <TextEquiv conf="0.9658976371610202">
          <Unicode>macht bestandt g'oordeelt werdt, omme den</Unicode>
        </TextEquiv>
        <TextStyle xHeight="43"/>
      </TextLine>
      <TextLine id="line_6e98eec0-0791-4ece-8085-de0665b2e370">
        <Coords points="769,1822 1011,1818 1035,1806 1195,1801 1735,1802 1767,1770 2238,1755 2891,1762 2918,1787 2963,1787 2963,1879 2762,1877 2634,1889 2626,1897 2510,1897 2485,1912 1914,1912 1902,1924 1691,1915 1679,1916 1647,1948 935,1952 919,1968 769,1968"/>
        <Baseline points="814,1945 864,1942 914,1939 964,1936 1014,1933 1064,1932 1114,1931 1164,1928 1214,1927 1264,1926 1314,1925 1364,1922 1414,1920 1464,1918 1514,1915 1564,1912 1614,1909 1664,1907 1714,1904 1764,1904 1814,1904 1864,1901 1914,1901 1964,1900 2014,1898 2064,1897 2114,1897 2164,1896 2214,1895 2264,1895 2314,1894 2364,1894 2414,1891 2464,1889 2514,1887 2564,1885 2614,1882 2664,1880 2714,1874 2764,1870 2814,1866 2864,1861 2914,1855 2919,1857"/>
        <Word id="word_154b4eed-8c8e-44f7-af05-5c0601288044">
          <Coords points="812,1910 862,1907 912,1904 962,1901 1012,1898 1063,1897 1113,1896 1125,1895 1128,1940 1114,1941 1064,1942 1015,1943 965,1946 915,1949 865,1952 815,1955"/>
          <TextEquiv>
            <Unicode>vijandt</Unicode>
          </TextEquiv>
        </Word>
        <Word id="word_17958b88-a3b7-41f2-84aa-978fcac565cb">
          <Coords points="1172,1893 1214,1892 1263,1891 1313,1890 1362,1887 1395,1886 1397,1931 1365,1932 1314,1935 1264,1936 1214,1937 1172,1937"/>
          <TextEquiv>
            <Unicode>onder</Unicode>
          </TextEquiv>
        </Word>
        <Word id="word_99fa821c-8986-4d34-9011-c413d63f37ad">
          <Coords points="1440,1884 1463,1883 1512,1880 1562,1877 1612,1874 1663,1872 1708,1869 1711,1914 1664,1917 1615,1919 1565,1922 1515,1925 1464,1928 1442,1929"/>
          <TextEquiv>
            <Unicode>d'ooge</Unicode>
          </TextEquiv>
        </Word>
        <Word id="word_8c7262f9-4d78-4ed2-ac8d-53cc8ff3f4c0">
          <Coords points="1764,1868 1773,1870 1814,1869 1842,1867 1845,1912 1814,1914 1761,1914 1752,1911"/>
          <TextEquiv>
            <Unicode>te</Unicode>
          </TextEquiv>
        </Word>
        <Word id="word_6683948e-2c6f-46e4-b28c-07a272d50284">
          <Coords points="1891,1865 1916,1866 1963,1865 2013,1863 2063,1862 2114,1862 2157,1861 2158,1906 2114,1907 2064,1907 2014,1908 1964,1910 1913,1911 1888,1909"/>
          <TextEquiv>
            <Unicode>comen,</Unicode>
          </TextEquiv>
        </Word>
        <Word id="word_95472d9a-6c9a-41af-a366-df72fdc5733b">
          <Coords points="2202,1860 2213,1860 2264,1860 2313,1859 2364,1859 2380,1858 2383,1903 2364,1904 2314,1904 2264,1905 2214,1905 2203,1905"/>
          <TextEquiv>
            <Unicode>ende</Unicode>
          </TextEquiv>
        </Word>
        <Word id="word_341ebd88-7f9d-4e18-8cdd-1814b448d899">
          <Coords points="2426,1855 2463,1854 2513,1852 2515,1852 2517,1897 2514,1897 2464,1899 2427,1900"/>
          <TextEquiv>
            <Unicode>op</Unicode>
          </TextEquiv>
        </Word>
        <Word id="word_53d26beb-2c4b-4135-bb4f-5520b7603356">
          <Coords points="2560,1850 2563,1850 2612,1847 2650,1846 2651,1891 2615,1892 2564,1895 2562,1895"/>
          <TextEquiv>
            <Unicode>d'</Unicode>
          </TextEquiv>
        </Word>
        <Word id="word_ad29c44e-401b-4ac6-94bd-e55dff2d2630">
          <Coords points="2687,1845 2705,1840 2761,1835 2811,1831 2861,1826 2910,1820 2931,1824 2915,1865 2915,1866 2865,1871 2815,1876 2765,1880 2717,1884 2698,1888"/>
          <TextEquiv>
            <Unicode>selve</Unicode>
          </TextEquiv>
        </Word>
        <TextEquiv conf="0.9144130904565742">
          <Unicode>vijandt onder d'ooge te comen, ende op d' selve</Unicode>
        </TextEquiv>
        <TextStyle xHeight="48"/>
      </TextLine>
      <TextLine id="bc0446dc-de3b-4956-9d1c-7cf44ba59856">
        <Coords points="798,1969 916,1969 939,1949 1647,1946 1663,1930 1783,1925 1939,1925 1971,1949 2099,1953 2574,1953 2606,1942 2798,1941 2974,1941 2992,1953 3009,1939 3031,1955 3031,2049 3025,2055 3016,2059 2992,2039 2930,2040 2870,2100 2718,2104 2658,2079 2546,2075 2343,2075 2295,2092 1563,2091 1555,2083 798,2096"/>
        <Baseline points="843,2086 893,2089 943,2086 993,2083 1043,2080 1093,2078 1143,2076 1193,2075 1243,2073 1293,2071 1343,2069 1393,2068 1443,2066 1493,2064 1543,2064 1593,2061 1643,2058 1693,2056 1743,2053 1793,2051 1843,2050 1893,2050 1943,2049 1993,2049 2043,2045 2093,2043 2143,2042 2193,2041 2243,2038 2293,2037 2343,2038 2393,2039 2443,2039 2493,2037 2543,2035 2593,2033 2643,2031 2693,2031 2743,2030 2793,2029 2843,2029 2893,2028 2943,2026 2987,2026"/>
        <Word id="word_c34c1403-59d6-418a-b207-a833190e256a">
          <Coords points="845,2051 892,2054 889,2099 842,2096"/>
          <TextEquiv>
            <Unicode>t</Unicode>
          </TextEquiv>
        </Word>
        <Word id="word_eb5cf93e-2908-4fda-848d-e186cf114651">
          <Coords points="914,2064 921,2059 991,2048 1041,2045 1092,2043 1142,2041 1192,2040 1242,2038 1292,2036 1342,2034 1392,2033 1442,2031 1492,2029 1493,2029 1493,2074 1493,2074 1443,2076 1393,2078 1343,2079 1293,2081 1243,2083 1193,2085 1143,2086 1093,2088 1044,2090 994,2093 949,2094 942,2099"/>
          <TextEquiv>
            <Unicode>attenteeren,</Unicode>
          </TextEquiv>
        </Word>
        <Word id="word_151a2cf4-9eed-498b-9471-e529ae0551a5">
          <Coords points="1540,2029 1543,2029 1591,2026 1641,2023 1678,2022 1680,2067 1644,2068 1594,2071 1543,2074 1540,2074"/>
          <TextEquiv>
            <Unicode>als</Unicode>
          </TextEquiv>
        </Word>
        <Word id="word_18c4315d-717e-4890-9789-017ad0fbef5d">
          <Coords points="1723,2020 1740,2018 1792,2016 1842,2015 1893,2015 1912,2015 1913,2060 1893,2060 1843,2060 1793,2061 1744,2063 1727,2065"/>
          <TextEquiv>
            <Unicode>oock</Unicode>
          </TextEquiv>
        </Word>
        <Word id="word_c9dbcb81-9a54-4255-af9e-5ce2bde7618f">
          <Coords points="1960,2014 1993,2014 2040,2010 2051,2010 2053,2055 2044,2055 1993,2059 1959,2059"/>
          <TextEquiv>
            <Unicode>de</Unicode>
          </TextEquiv>
        </Word>
        <Word id="word_99e46d6b-a3b5-41af-96ef-b439e1254486">
          <Coords points="2099,2008 2142,2007 2192,2006 2241,2003 2285,2002 2286,2047 2244,2048 2193,2051 2143,2052 2099,2053"/>
          <TextEquiv>
            <Unicode>twee</Unicode>
          </TextEquiv>
        </Word>
        <Word id="word_0d57da1c-784d-49ea-870c-3777089dc768">
          <Coords points="2338,2002 2349,2003 2394,2004 2443,2004 2492,2002 2542,2000 2592,1998 2642,1996 2693,1996 2742,1995 2792,1994 2843,1994 2892,1993 2942,1991 2985,1991 2985,2036 2943,2036 2893,2038 2843,2039 2793,2039 2743,2040 2693,2041 2643,2041 2593,2043 2543,2045 2493,2047 2443,2049 2393,2049 2341,2048 2331,2046"/>
          <TextEquiv>
            <Unicode>princestuckjes</Unicode>
          </TextEquiv>
        </Word>
        <TextEquiv conf="0.938995212103036">
          <Unicode>t attenteeren, als oock de twee princestuckjes</Unicode>
        </TextEquiv>
        <TextStyle xHeight="48"/>
      </TextLine>
      <TextLine id="f0f17a3b-9fec-4e4d-a1d8-339fdb9782ce">
        <Coords points="790,2096 1555,2083 1563,2091 2294,2092 2342,2075 2545,2075 2661,2079 2709,2103 2777,2104 2861,2100 2890,2070 2890,2162 2589,2166 2541,2190 2458,2214 2298,2218 2270,2193 2098,2193 2002,2206 1914,2206 1894,2222 1835,2242 1291,2242 1263,2254 1020,2254 790,2241"/>
        <Baseline points="835,2220 885,2216 935,2213 985,2210 1035,2208 1085,2205 1135,2203 1185,2201 1235,2201 1285,2199 1335,2196 1385,2193 1435,2190 1485,2189 1535,2188 1585,2187 1635,2185 1685,2184 1735,2183 1785,2181 1835,2180 1885,2177 1935,2176 1985,2175 2035,2172 2085,2170 2135,2169 2185,2168 2235,2165 2285,2163 2335,2160 2385,2160 2435,2160 2485,2158 2535,2157 2585,2158 2635,2156 2685,2152 2735,2151 2785,2147 2835,2143 2846,2140"/>
        <Word id="word_d5e48547-08cb-43f2-8302-65828112a389">
          <Coords points="832,2185 882,2181 933,2178 973,2176 976,2221 936,2223 886,2226 836,2230"/>
          <TextEquiv>
            <Unicode>die</Unicode>
          </TextEquiv>
        </Word>
        <Word id="word_c80d2e9e-73ef-4e95-897e-f1e59e6bb011">
          <Coords points="1022,2173 1036,2173 1083,2170 1134,2168 1184,2166 1235,2166 1254,2165 1256,2210 1235,2211 1185,2211 1135,2213 1086,2215 1035,2218 1022,2218"/>
          <TextEquiv>
            <Unicode>doort</Unicode>
          </TextEquiv>
        </Word>
        <Word id="word_38a7050b-ddd4-40c2-b794-438fc0e5558f">
          <Coords points="1300,2163 1333,2161 1383,2158 1433,2155 1484,2154 1534,2153 1584,2152 1634,2150 1676,2149 1677,2194 1635,2195 1585,2197 1535,2198 1485,2199 1436,2200 1386,2203 1336,2206 1303,2208"/>
          <TextEquiv>
            <Unicode>Breecken</Unicode>
          </TextEquiv>
        </Word>
        <Word id="word_7703b08b-6026-4278-8e9d-24c66ed292a1">
          <Coords points="1723,2148 1734,2148 1784,2146 1834,2145 1862,2143 1865,2188 1835,2190 1785,2191 1735,2193 1724,2193"/>
          <TextEquiv>
            <Unicode>der</Unicode>
          </TextEquiv>
        </Word>
        <Word id="word_d85ff268-f5e6-40f2-99fe-f2e5fadb0eb2">
          <Coords points="1912,2140 1936,2141 1984,2140 2033,2137 2084,2135 2134,2134 2184,2133 2233,2130 2284,2128 2330,2125 2332,2170 2285,2173 2236,2175 2185,2178 2135,2179 2085,2180 2036,2182 1985,2185 1935,2186 1911,2185"/>
          <TextEquiv>
            <Unicode>ropaerden</Unicode>
          </TextEquiv>
        </Word>
        <Word id="word_17fcc19c-bab1-466b-a094-910f09edcb8d">
          <Coords points="2392,2125 2398,2128 2435,2125 2484,2123 2534,2122 2566,2123 2565,2168 2535,2167 2485,2168 2435,2170 2381,2169 2375,2167"/>
          <TextEquiv>
            <Unicode>ende</Unicode>
          </TextEquiv>
        </Word>
        <Word id="word_6f09c246-1d91-4056-a5c8-24fcfbe64d2a">
          <Coords points="2608,2124 2631,2121 2682,2117 2734,2116 2782,2112 2832,2108 2836,2106 2848,2150 2836,2153 2786,2157 2735,2161 2686,2162 2636,2166 2613,2168"/>
          <TextEquiv>
            <Unicode>hardt</Unicode>
          </TextEquiv>
        </Word>
        <TextEquiv conf="0.9684060575639197">
          <Unicode>die doort Breecken der ropaerden ende hardt</Unicode>
        </TextEquiv>
        <TextStyle xHeight="44"/>
      </TextLine>
      <TextLine id="e9449372-eca4-41f8-96c4-250d1604f48e">
        <Coords points="789,2242 1023,2255 1262,2255 1294,2243 1833,2243 1873,2231 1937,2194 2269,2194 2281,2206 2413,2215 2469,2209 2833,2209 2833,2301 2820,2305 2496,2305 2213,2317 2197,2333 1981,2337 1957,2361 1933,2365 1238,2356 1202,2389 891,2388 883,2380 789,2381"/>
        <Baseline points="834,2359 884,2355 934,2352 984,2352 1034,2350 1084,2348 1134,2346 1184,2344 1234,2342 1284,2339 1334,2335 1384,2333 1434,2331 1484,2327 1534,2324 1584,2322 1634,2320 1684,2320 1734,2318 1784,2318 1834,2316 1884,2314 1934,2312 1984,2309 2034,2308 2084,2306 2134,2305 2184,2303 2234,2301 2284,2303 2334,2304 2384,2302 2434,2301 2484,2299 2534,2296 2584,2292 2634,2289 2684,2286 2734,2283 2784,2280 2789,2279"/>
        <Word id="word_7027984e-51de-4f1e-99c3-ea4fa883bdfe">
          <Coords points="831,2324 881,2320 932,2317 984,2317 1033,2315 1083,2313 1133,2311 1183,2309 1224,2307 1225,2352 1184,2354 1134,2356 1084,2358 1034,2360 984,2362 935,2362 885,2365 835,2369"/>
          <TextEquiv>
            <Unicode>vervolgen</Unicode>
          </TextEquiv>
        </Word>
        <Word id="word_62db2741-2bf9-4e6c-9b28-6a9d7d54af29">
          <Coords points="1265,2306 1280,2304 1331,2300 1383,2298 1397,2297 1399,2342 1384,2343 1335,2345 1285,2349 1270,2351"/>
          <TextEquiv>
            <Unicode>der</Unicode>
          </TextEquiv>
        </Word>
        <Word id="word_6c027497-11df-4c02-aef2-2393743ef41d">
          <Coords points="1439,2296 1481,2292 1532,2289 1583,2287 1633,2285 1684,2285 1733,2283 1784,2283 1832,2281 1834,2326 1784,2328 1734,2328 1684,2330 1634,2330 1584,2332 1535,2334 1485,2337 1443,2341"/>
          <TextEquiv>
            <Unicode>vijanden,</Unicode>
          </TextEquiv>
        </Word>
        <Word id="word_e0e1fc79-2df3-4a58-b592-45ec79c07308">
          <Coords points="1875,2279 1883,2279 1933,2277 1982,2274 2006,2274 2007,2319 1985,2319 1934,2322 1884,2324 1877,2324"/>
          <TextEquiv>
            <Unicode>Bij</Unicode>
          </TextEquiv>
        </Word>
        <Word id="word_37289566-4f56-451d-a9de-a6a8332d3f77">
          <Coords points="2049,2273 2082,2271 2133,2270 2136,2270 2138,2315 2134,2315 2084,2316 2051,2318"/>
          <TextEquiv>
            <Unicode>d'</Unicode>
          </TextEquiv>
        </Word>
        <Word id="word_0231eb7e-7f29-4578-99a5-81d572886875">
          <Coords points="2180,2268 2183,2268 2233,2266 2285,2268 2335,2269 2353,2268 2355,2313 2334,2314 2284,2313 2234,2311 2184,2313 2181,2313"/>
          <TextEquiv>
            <Unicode>onse</Unicode>
          </TextEquiv>
        </Word>
        <Word id="word_fb5d90bd-5cda-4f44-8762-7d777bcc79ff">
          <Coords points="2398,2266 2434,2266 2483,2264 2532,2261 2581,2257 2632,2254 2682,2251 2732,2248 2782,2245 2782,2245 2791,2289 2785,2290 2735,2293 2685,2296 2635,2299 2585,2302 2535,2306 2484,2309 2434,2311 2398,2311"/>
          <TextEquiv>
            <Unicode>voordesen</Unicode>
          </TextEquiv>
        </Word>
        <TextEquiv conf="0.9382868493119557">
          <Unicode>vervolgen der vijanden, Bij d' onse voordesen</Unicode>
        </TextEquiv>
        <TextStyle xHeight="42"/>
      </TextLine>
      <TextLine id="line_980c918f-2cdb-49a1-bd49-bf167f127236">
        <Coords points="760,2382 1201,2390 1221,2373 1381,2378 1481,2370 1877,2370 1952,2362 1980,2338 2196,2334 2212,2322 2955,2328 2994,2354 3011,2349 3021,2357 3028,2349 3028,2441 3015,2440 2989,2457 2819,2461 2803,2448 2719,2448 2684,2476 2364,2476 2348,2488 2112,2492 2099,2500 1169,2500 1141,2524 942,2519 862,2560 760,2595"/>
        <Baseline points="805,2505 855,2505 905,2504 955,2501 1005,2499 1055,2497 1105,2495 1155,2492 1205,2489 1255,2487 1305,2485 1355,2480 1405,2479 1455,2479 1505,2480 1555,2479 1605,2478 1655,2477 1705,2474 1755,2471 1805,2469 1855,2466 1905,2465 1955,2464 2005,2461 2055,2460 2105,2457 2155,2455 2205,2455 2255,2453 2305,2451 2355,2449 2405,2445 2455,2443 2505,2440 2555,2437 2605,2435 2655,2432 2705,2428 2755,2425 2805,2423 2855,2424 2905,2424 2955,2423 2984,2419"/>
        <Word id="word_4fbfa85a-4f82-40a0-8b23-c4f7f69390cd">
          <Coords points="805,2470 855,2470 904,2469 953,2466 1004,2464 1054,2462 1104,2460 1153,2457 1203,2454 1254,2452 1304,2450 1352,2445 1404,2444 1441,2444 1441,2489 1405,2489 1356,2490 1305,2495 1255,2497 1206,2499 1156,2502 1105,2505 1055,2507 1005,2509 956,2511 905,2514 855,2515 805,2515"/>
          <TextEquiv>
            <Unicode>achtergelaten,</Unicode>
          </TextEquiv>
        </Word>
        <Word id="word_7b2d4520-465d-4a73-91fb-04c078eb690d">
          <Coords points="1488,2444 1507,2445 1554,2444 1604,2443 1654,2442 1666,2441 1668,2486 1655,2487 1605,2488 1555,2489 1504,2490 1485,2489"/>
          <TextEquiv>
            <Unicode>ende</Unicode>
          </TextEquiv>
        </Word>
        <Word id="word_f84f310a-d42e-4df4-aa82-180c03789873">
          <Coords points="1711,2439 1753,2436 1804,2434 1853,2431 1904,2430 1954,2429 2003,2426 2054,2425 2103,2422 2154,2420 2205,2420 2254,2418 2257,2418 2258,2463 2255,2463 2205,2465 2155,2465 2106,2467 2055,2470 2006,2471 1955,2474 1905,2475 1856,2476 1805,2479 1756,2481 1714,2483"/>
          <TextEquiv>
            <Unicode>dienvolgende</Unicode>
          </TextEquiv>
        </Word>
        <Word id="word_b531ce77-e908-443a-919c-28273f2ad6a9">
          <Coords points="2302,2416 2304,2416 2354,2414 2391,2411 2395,2456 2355,2459 2305,2461 2304,2461"/>
          <TextEquiv>
            <Unicode>in</Unicode>
          </TextEquiv>
        </Word>
        <Word id="word_4e76ceb9-e985-451a-aff4-b83fe0ca83bc">
          <Coords points="2441,2407 2457,2408 2503,2405 2553,2402 2574,2401 2576,2446 2556,2447 2506,2450 2455,2453 2439,2452"/>
          <TextEquiv>
            <Unicode>des</Unicode>
          </TextEquiv>
        </Word>
        <Word id="word_416eb9a4-1c2f-4d0e-9734-c688c135e75b">
          <Coords points="2619,2399 2653,2397 2702,2393 2753,2390 2804,2388 2856,2389 2905,2389 2954,2388 2979,2384 2985,2429 2955,2433 2905,2434 2855,2434 2805,2433 2756,2435 2706,2438 2656,2442 2622,2444"/>
          <TextEquiv>
            <Unicode>vijandts</Unicode>
          </TextEquiv>
        </Word>
        <TextEquiv conf="0.913100730958973">
          <Unicode>achtergelaten, ende dienvolgende in des vijandts</Unicode>
        </TextEquiv>
        <TextStyle xHeight="45"/>
      </TextLine>
      <TextLine id="line_5e925708-3493-45d5-9fd6-24e083590ecf">
        <Coords points="729,2604 863,2560 943,2519 1139,2524 1183,2497 1602,2492 1970,2501 2198,2489 2409,2488 2433,2501 2857,2496 2877,2515 2950,2515 2950,2607 2425,2607 2338,2611 2282,2623 1926,2631 1914,2639 1790,2643 1746,2683 843,2694 729,2742"/>
        <Baseline points="774,2680 824,2669 874,2662 924,2657 974,2654 1024,2652 1074,2650 1124,2647 1174,2645 1224,2643 1274,2641 1324,2639 1374,2635 1424,2632 1474,2629 1524,2626 1574,2624 1624,2620 1674,2618 1724,2617 1774,2614 1824,2611 1874,2609 1924,2608 1974,2604 2024,2604 2074,2602 2124,2601 2174,2600 2224,2599 2274,2598 2324,2598 2374,2598 2424,2596 2474,2595 2524,2593 2574,2593 2624,2593 2674,2591 2724,2590 2774,2592 2824,2592 2874,2587 2906,2585"/>
        <Word id="word_9902fe5e-fcf3-437f-830b-ac2a127107e5">
          <Coords points="766,2646 816,2635 869,2627 921,2622 972,2619 1023,2617 1073,2615 1075,2615 1078,2660 1074,2660 1024,2662 975,2664 925,2667 875,2672 826,2679 776,2690"/>
          <TextEquiv>
            <Unicode>handen</Unicode>
          </TextEquiv>
        </Word>
        <Word id="word_caf1bc06-a6b6-44ad-a1fe-76083beb60e3">
          <Coords points="1126,2612 1173,2610 1223,2608 1273,2606 1323,2604 1371,2600 1422,2597 1472,2594 1522,2591 1573,2589 1582,2588 1586,2633 1574,2634 1525,2636 1475,2639 1425,2642 1375,2645 1324,2649 1274,2651 1224,2653 1174,2655 1128,2657"/>
          <TextEquiv>
            <Unicode>vervallen</Unicode>
          </TextEquiv>
        </Word>
        <Word id="word_ce4d5426-f906-445f-ab65-939e9d3dfe77">
          <Coords points="1635,2584 1673,2583 1723,2582 1772,2579 1822,2576 1837,2575 1839,2620 1825,2621 1775,2624 1724,2627 1674,2628 1636,2629"/>
          <TextEquiv>
            <Unicode>sijn</Unicode>
          </TextEquiv>
        </Word>
        <Word id="word_ea2d1c0d-fee6-4287-a1e4-6761df19eb2d">
          <Coords points="1889,2573 1924,2573 1971,2569 2024,2569 2073,2567 2123,2566 2173,2565 2223,2564 2273,2563 2324,2563 2347,2563 2347,2608 2324,2608 2274,2608 2224,2609 2174,2610 2124,2611 2074,2612 2024,2614 1975,2614 1924,2618 1890,2618"/>
          <TextEquiv>
            <Unicode>geworden,</Unicode>
          </TextEquiv>
        </Word>
        <Word id="word_8312397a-3546-4f78-b4d1-5569de38906f">
          <Coords points="2395,2563 2421,2561 2473,2560 2523,2558 2574,2558 2624,2558 2673,2556 2723,2555 2755,2556 2753,2601 2724,2600 2674,2601 2624,2603 2574,2603 2524,2603 2474,2605 2425,2606 2399,2608"/>
          <TextEquiv>
            <Unicode>wederom</Unicode>
          </TextEquiv>
        </Word>
        <Word id="word_7f9dd8c0-ede4-4d9f-b39a-ab989f9a73f0">
          <Coords points="2802,2558 2822,2557 2871,2552 2904,2550 2907,2595 2875,2597 2825,2602 2805,2603"/>
          <TextEquiv>
            <Unicode>te</Unicode>
          </TextEquiv>
        </Word>
        <TextEquiv conf="0.9726098169511129">
          <Unicode>handen vervallen sijn geworden, wederom te</Unicode>
        </TextEquiv>
        <TextStyle xHeight="53"/>
      </TextLine>
      <TextLine id="e9c00d78-446a-4648-9998-9e6b4b21761f">
        <Coords points="756,2730 771,2730 842,2694 1746,2683 1790,2644 1857,2640 2089,2639 2133,2643 2145,2654 2201,2654 2221,2671 2930,2674 2930,2766 2501,2774 2241,2770 2069,2782 2057,2794 1861,2793 1849,2801 1790,2805 1230,2805 756,2821"/>
        <Baseline points="801,2810 851,2808 901,2807 951,2806 1001,2806 1051,2805 1101,2803 1151,2802 1201,2799 1251,2798 1301,2797 1351,2794 1401,2793 1451,2792 1501,2792 1551,2790 1601,2789 1651,2787 1701,2785 1751,2783 1801,2781 1851,2779 1901,2779 1951,2777 2001,2775 2051,2774 2101,2772 2151,2769 2201,2765 2251,2763 2301,2761 2351,2760 2401,2758 2451,2756 2501,2756 2551,2754 2601,2751 2651,2750 2701,2748 2751,2748 2801,2746 2851,2745 2886,2744"/>
        <Word id="word_b18d43e1-4b1f-476d-a3a0-46a893f1acf6">
          <Coords points="800,2775 850,2773 900,2772 950,2771 1001,2771 1050,2770 1100,2768 1150,2767 1199,2764 1250,2763 1300,2762 1349,2759 1356,2759 1357,2804 1352,2804 1301,2807 1251,2808 1202,2809 1151,2812 1101,2813 1051,2815 1001,2816 951,2816 901,2817 851,2818 801,2820"/>
          <TextEquiv>
            <Unicode>recouvreren,</Unicode>
          </TextEquiv>
        </Word>
        <Word id="word_4792bd33-154f-4e81-bf24-84740d29f0bf">
          <Coords points="1403,2758 1450,2757 1501,2757 1550,2755 1588,2754 1589,2799 1551,2800 1501,2802 1451,2802 1404,2803"/>
          <TextEquiv>
            <Unicode>ende</Unicode>
          </TextEquiv>
        </Word>
        <Word id="word_41300ab5-dad1-4a8e-a1f3-ff71f2c34ada">
          <Coords points="1632,2753 1648,2752 1700,2750 1750,2748 1800,2746 1850,2744 1867,2744 1867,2789 1851,2789 1801,2791 1751,2793 1701,2795 1652,2797 1636,2798"/>
          <TextEquiv>
            <Unicode>alsoo</Unicode>
          </TextEquiv>
        </Word>
        <Word id="word_b187644b-2d9b-47be-9807-aa386d038cac">
          <Coords points="1911,2744 1949,2742 2000,2740 2050,2739 2097,2737 2099,2782 2051,2784 2001,2785 1952,2787 1914,2789"/>
          <TextEquiv>
            <Unicode>onse</Unicode>
          </TextEquiv>
        </Word>
        <Word id="word_af33d32a-54a0-4fa0-bc3f-3a37e1b75a9e">
          <Coords points="2138,2736 2144,2735 2198,2730 2250,2728 2282,2727 2284,2772 2251,2773 2202,2775 2153,2779 2147,2780"/>
          <TextEquiv>
            <Unicode>als</Unicode>
          </TextEquiv>
        </Word>
        <Word id="word_7611fd75-ee2f-432d-a843-f12e386a910b">
          <Coords points="2330,2725 2351,2725 2400,2723 2450,2721 2501,2721 2514,2720 2516,2765 2501,2766 2451,2766 2401,2768 2351,2770 2330,2770"/>
          <TextEquiv>
            <Unicode>doen</Unicode>
          </TextEquiv>
        </Word>
        <Word id="word_4ebf84e3-f040-4f61-87dd-eb3d0f737b13">
          <Coords points="2559,2719 2599,2716 2650,2715 2700,2713 2751,2713 2800,2711 2850,2710 2885,2709 2886,2754 2851,2755 2801,2756 2751,2758 2701,2758 2651,2760 2602,2761 2562,2764"/>
          <TextEquiv>
            <Unicode>geleden</Unicode>
          </TextEquiv>
        </Word>
        <TextEquiv conf="0.9591667938297209">
          <Unicode>recouvreren, ende alsoo onse als doen geleden</Unicode>
        </TextEquiv>
        <TextStyle xHeight="40"/>
      </TextLine>
      <TextLine id="efedd559-52b5-43cd-b843-60b7393ee7f6">
        <Coords points="740,2824 1277,2804 1789,2804 1848,2800 1856,2792 2060,2792 2072,2780 2292,2768 2325,2768 2360,2779 2815,2779 2859,2822 2972,2822 2972,2914 2455,2922 2416,2954 1872,2957 1785,2962 1777,2970 1761,2965 1734,2938 1505,2946 1477,2954 1409,2954 1381,2982 1305,2986 1297,2994 1261,2998 898,2998 740,3078"/>
        <Baseline points="785,2972 835,2969 885,2963 935,2958 985,2956 1035,2950 1085,2945 1135,2943 1185,2939 1235,2937 1285,2935 1335,2936 1385,2934 1435,2934 1485,2932 1535,2930 1585,2928 1635,2927 1685,2925 1735,2924 1785,2922 1835,2922 1885,2919 1935,2916 1985,2915 2035,2914 2085,2914 2135,2914 2185,2913 2235,2912 2285,2911 2335,2909 2385,2906 2435,2905 2485,2901 2535,2898 2585,2897 2635,2895 2685,2894 2735,2893 2785,2894 2835,2892 2885,2892 2928,2892"/>
        <Word id="word_54065be9-e787-46e4-8e0b-e92200c88bad">
          <Coords points="783,2937 833,2934 881,2928 932,2923 984,2921 1031,2915 1081,2910 1085,2955 1036,2960 985,2966 936,2968 886,2973 836,2979 786,2982"/>
          <TextEquiv>
            <Unicode>schaden</Unicode>
          </TextEquiv>
        </Word>
        <Word id="word_2d4a2196-1d30-4241-9766-eacb52ce7e92">
          <Coords points="1136,2907 1144,2909 1182,2904 1211,2903 1213,2948 1186,2949 1132,2953 1124,2950"/>
          <TextEquiv>
            <Unicode>te</Unicode>
          </TextEquiv>
        </Word>
        <Word id="word_bfa7993b-9ad9-430f-b34f-aa8b979f00a5">
          <Coords points="1254,2901 1284,2900 1336,2901 1384,2899 1435,2899 1484,2897 1534,2895 1584,2893 1634,2892 1682,2890 1684,2935 1635,2937 1585,2938 1535,2940 1485,2942 1435,2944 1385,2944 1335,2946 1285,2945 1255,2946"/>
          <TextEquiv>
            <Unicode>repareeren</Unicode>
          </TextEquiv>
        </Word>
        <Word id="word_0560b00a-dfa1-4db5-88d8-d916510b3e3c">
          <Coords points="1730,2888 1738,2889 1784,2887 1835,2887 1883,2884 1896,2883 1899,2928 1886,2929 1835,2932 1785,2932 1734,2934 1726,2933"/>
          <TextEquiv>
            <Unicode>of't</Unicode>
          </TextEquiv>
        </Word>
        <Word id="word_cec2aa73-3739-45ec-ad31-5e76c94ac1e3">
          <Coords points="1941,2881 1984,2880 2034,2879 2070,2879 2070,2924 2035,2924 1985,2925 1941,2926"/>
          <TextEquiv>
            <Unicode>men</Unicode>
          </TextEquiv>
        </Word>
        <Word id="word_2f83a188-4c80-44a1-8ac4-d74b019c0c74">
          <Coords points="2113,2879 2135,2879 2184,2878 2234,2877 2241,2877 2242,2922 2235,2922 2185,2923 2135,2924 2113,2924"/>
          <TextEquiv>
            <Unicode>ten</Unicode>
          </TextEquiv>
        </Word>
        <Word id="word_ba322d26-fadd-4542-ac03-7867de4be19f">
          <Coords points="2284,2876 2284,2876 2334,2874 2383,2871 2434,2870 2453,2868 2457,2913 2435,2915 2386,2916 2335,2919 2285,2921 2285,2921"/>
          <TextEquiv>
            <Unicode>dien</Unicode>
          </TextEquiv>
        </Word>
        <Word id="word_1fcade46-4fb3-43f7-a9a0-be2ae3bbfa37">
          <Coords points="2497,2865 2533,2863 2584,2862 2634,2860 2684,2859 2734,2858 2757,2858 2756,2903 2735,2903 2685,2904 2635,2905 2585,2907 2536,2908 2499,2910"/>
          <TextEquiv>
            <Unicode>jnsich</Unicode>
          </TextEquiv>
        </Word>
        <Word id="word_11707b93-02f9-4072-b1f0-fba64177ab10">
          <Coords points="2797,2859 2833,2857 2885,2857 2927,2857 2927,2902 2885,2902 2836,2902 2799,2904"/>
          <TextEquiv>
            <Unicode>ten</Unicode>
          </TextEquiv>
        </Word>
        <TextEquiv conf="0.8931497135792958">
          <Unicode>schaden te repareeren of't men ten dien jnsich ten</Unicode>
        </TextEquiv>
        <TextStyle xHeight="57"/>
      </TextLine>
      <TextLine id="d886c6bd-08bc-4243-a320-c65d9b836543">
        <Coords points="791,3050 897,2998 1261,2998 1360,2978 1381,2969 1408,2942 1512,2946 1520,2938 1612,2934 1733,2934 1768,2969 1777,2969 1784,2962 1872,2957 2416,2954 2454,2922 2655,2921 2687,2929 2779,2929 2851,2993 3010,2992 3020,2998 3032,2987 3032,3079 3021,3067 3005,3077 2304,3072 2180,3075 2172,3083 1740,3083 1692,3131 1400,3126 1392,3118 791,3114"/>
        <Baseline points="836,3099 886,3097 936,3096 986,3094 1036,3092 1086,3090 1136,3088 1186,3086 1236,3083 1286,3081 1336,3079 1386,3077 1436,3075 1486,3073 1536,3070 1586,3068 1636,3064 1686,3061 1736,3059 1786,3057 1836,3055 1886,3053 1936,3051 1986,3050 2036,3051 2086,3051 2136,3050 2186,3049 2236,3049 2286,3049 2336,3048 2386,3046 2436,3045 2486,3043 2536,3042 2586,3043 2636,3043 2686,3044 2736,3045 2786,3050 2836,3052 2886,3054 2936,3056 2986,3057 2988,3057"/>
        <Word id="word_63fe7e2b-1904-4a84-a14f-d72fd93c9d8c">
          <Coords points="835,3064 885,3062 935,3061 966,3060 968,3105 936,3106 886,3107 836,3109"/>
          <TextEquiv>
            <Unicode>tot</Unicode>
          </TextEquiv>
        </Word>
        <Word id="word_b94960e4-e55d-47f3-8292-f3eac04a13be">
          <Coords points="1010,3058 1035,3057 1085,3055 1135,3053 1185,3051 1234,3048 1285,3046 1335,3044 1385,3042 1406,3041 1407,3086 1386,3087 1336,3089 1286,3091 1237,3093 1186,3096 1136,3098 1086,3100 1036,3102 1012,3103"/>
          <TextEquiv>
            <Unicode>affbreuck</Unicode>
          </TextEquiv>
        </Word>
        <Word id="word_57bc78e0-80a9-4c52-97f3-fcdd762b16cf">
          <Coords points="1449,3039 1485,3038 1534,3035 1585,3033 1633,3029 1668,3027 1671,3072 1637,3074 1586,3078 1537,3080 1486,3083 1451,3084"/>
          <TextEquiv>
            <Unicode>onser</Unicode>
          </TextEquiv>
        </Word>
        <Word id="word_f67c5d33-0bad-4fde-b520-38bc4cd54779">
          <Coords points="1714,3024 1735,3024 1785,3022 1835,3020 1885,3018 1935,3016 1985,3015 2037,3016 2066,3016 2066,3061 2036,3061 1986,3060 1936,3061 1886,3063 1836,3065 1786,3067 1736,3069 1714,3069"/>
          <TextEquiv>
            <Unicode>vijanden</Unicode>
          </TextEquiv>
        </Word>
        <Word id="word_12cd17e6-eff1-44cd-a459-4fb8cafac097">
          <Coords points="2108,3016 2135,3015 2185,3014 2236,3014 2286,3014 2335,3013 2385,3011 2416,3010 2417,3055 2386,3056 2336,3058 2286,3059 2236,3059 2186,3059 2136,3060 2110,3061"/>
          <TextEquiv>
            <Unicode>meerder</Unicode>
          </TextEquiv>
        </Word>
        <Word id="word_5a9b9b3e-a565-40ed-bc9e-aaaa55b0f7f0">
          <Coords points="2459,3010 2484,3008 2535,3007 2587,3008 2636,3008 2687,3009 2725,3010 2724,3055 2686,3054 2636,3053 2586,3053 2536,3052 2487,3053 2462,3054"/>
          <TextEquiv>
            <Unicode>renome</Unicode>
          </TextEquiv>
        </Word>
        <Word id="word_8f3d6ac2-fec6-417d-a9bd-b04ae2d27917">
          <Coords points="2777,3012 2794,3016 2837,3017 2887,3019 2937,3021 2987,3022 2988,3022 2988,3067 2986,3067 2936,3066 2886,3064 2836,3062 2784,3060 2766,3055"/>
          <TextEquiv>
            <Unicode>onder</Unicode>
          </TextEquiv>
        </Word>
        <TextEquiv conf="0.9659496081937641">
          <Unicode>tot affbreuck onser vijanden meerder renome onder</Unicode>
        </TextEquiv>
        <TextStyle xHeight="47"/>
      </TextLine>
      <TextLine id="line_306b2afd-358a-407a-962b-8db182731f50">
        <Coords points="782,3132 1411,3132 1607,3141 1615,3133 1687,3133 1719,3108 2290,3109 2334,3105 2346,3093 2426,3093 2446,3084 2594,3084 2614,3104 3002,3104 3013,3113 3038,3112 3038,3206 3031,3203 3000,3227 2705,3227 2684,3243 2650,3216 1543,3215 1515,3227 944,3231 856,3243 782,3243"/>
        <Baseline points="827,3227 877,3229 927,3225 977,3223 1027,3220 1077,3218 1127,3217 1177,3217 1227,3216 1277,3216 1327,3215 1377,3214 1427,3213 1477,3211 1527,3209 1577,3207 1627,3205 1677,3203 1727,3202 1777,3201 1827,3200 1877,3199 1927,3199 1977,3197 2027,3195 2077,3195 2127,3194 2177,3193 2227,3192 2277,3193 2327,3193 2377,3193 2427,3191 2477,3191 2527,3189 2577,3187 2627,3187 2677,3186 2727,3182 2777,3181 2827,3183 2877,3183 2927,3182 2977,3181 2994,3183"/>
        <Word id="word_d6118a32-e1ea-41a1-9173-2aec213a3ef5">
          <Coords points="828,3192 878,3194 924,3190 976,3188 1005,3186 1008,3231 977,3233 928,3235 877,3239 827,3237"/>
          <TextEquiv>
            <Unicode>dees</Unicode>
          </TextEquiv>
        </Word>
        <Word id="word_81f8ffcd-b879-4b84-ad20-3ef3f46ed25b">
          <Coords points="1052,3183 1076,3183 1126,3182 1177,3182 1226,3181 1277,3181 1323,3180 1324,3225 1277,3226 1227,3226 1177,3227 1127,3227 1077,3228 1053,3228"/>
          <TextEquiv>
            <Unicode>natie,</Unicode>
          </TextEquiv>
        </Word>
        <Word id="word_1344f879-d562-44a7-9c77-d4cd16f7bd1f">
          <Coords points="1368,3179 1376,3179 1426,3178 1476,3176 1526,3174 1548,3173 1550,3218 1527,3219 1477,3221 1427,3223 1377,3224 1369,3224"/>
          <TextEquiv>
            <Unicode>ende</Unicode>
          </TextEquiv>
        </Word>
        <Word id="word_3c64d7f1-2895-4cd1-a407-156477e9eaf7">
          <Coords points="1593,3171 1626,3170 1676,3168 1726,3167 1774,3166 1775,3211 1727,3212 1677,3213 1627,3215 1595,3216"/>
          <TextEquiv>
            <Unicode>omme</Unicode>
          </TextEquiv>
        </Word>
        <Word id="word_b6ef866f-719a-4c3d-ab68-5260dc6a4554">
          <Coords points="1819,3165 1826,3165 1876,3164 1927,3164 1976,3162 1999,3161 2001,3206 1977,3207 1927,3209 1877,3209 1827,3210 1820,3210"/>
          <TextEquiv>
            <Unicode>daer</Unicode>
          </TextEquiv>
        </Word>
        <Word id="word_fafb7c54-ea60-4f36-a472-bbed18f1066d">
          <Coords points="2047,3159 2078,3160 2126,3159 2176,3158 2226,3157 2227,3202 2177,3203 2127,3204 2077,3205 2046,3204"/>
          <TextEquiv>
            <Unicode>door</Unicode>
          </TextEquiv>
        </Word>
        <Word id="word_951f2229-906e-4cce-9c90-6629ea0e3f04">
          <Coords points="2283,3158 2289,3160 2327,3158 2377,3158 2426,3156 2477,3156 2526,3154 2576,3152 2627,3152 2632,3152 2633,3197 2627,3197 2577,3197 2527,3199 2477,3201 2427,3201 2377,3203 2327,3203 2274,3202 2268,3201"/>
          <TextEquiv>
            <Unicode>d'selven</Unicode>
          </TextEquiv>
        </Word>
        <Word id="word_c092da71-50b3-42b9-9365-5269fa169f8e">
          <Coords points="2675,3151 2724,3147 2767,3146 2768,3191 2728,3192 2679,3196"/>
          <TextEquiv>
            <Unicode>in</Unicode>
          </TextEquiv>
        </Word>
        <Word id="word_5cf68607-08d7-4494-985a-e502df3efbad">
          <Coords points="2820,3146 2834,3149 2877,3148 2926,3147 2976,3146 2997,3148 2992,3193 2977,3191 2927,3192 2877,3193 2825,3193 2811,3190"/>
          <TextEquiv>
            <Unicode>haer</Unicode>
          </TextEquiv>
        </Word>
        <TextEquiv conf="0.9469101932704372">
          <Unicode>dees natie, ende omme daer door d'selven in haer</Unicode>
        </TextEquiv>
        <TextStyle xHeight="39"/>
      </TextLine>
      <TextLine id="ba290086-dc6f-44b5-8264-fd89d110f3b1">
        <Coords points="785,3243 811,3243 823,3252 2546,3251 2594,3255 2606,3267 2620,3267 2644,3291 2688,3291 2697,3283 2710,3295 2774,3235 2979,3238 2979,3330 2954,3334 2526,3333 2458,3366 2002,3366 1954,3390 1487,3389 1456,3358 1391,3358 1363,3382 1323,3386 785,3382"/>
        <Baseline points="830,3372 880,3370 930,3369 980,3367 1030,3363 1080,3360 1130,3359 1180,3357 1230,3355 1280,3352 1330,3351 1380,3348 1430,3345 1480,3344 1530,3342 1580,3339 1630,3336 1680,3335 1730,3334 1780,3334 1830,3334 1880,3332 1930,3332 1980,3332 2030,3332 2080,3331 2130,3331 2180,3328 2230,3327 2280,3328 2330,3328 2380,3328 2430,3326 2480,3325 2530,3323 2580,3321 2630,3319 2680,3318 2730,3316 2780,3315 2830,3314 2880,3309 2930,3308 2935,3308"/>
        <Word id="word_56f31fb7-07f6-4d98-89d3-a61ac5ed0791">
          <Coords points="829,3337 879,3335 929,3334 979,3332 1027,3328 1078,3325 1098,3325 1099,3370 1081,3370 1031,3373 980,3377 930,3379 880,3380 830,3382"/>
          <TextEquiv>
            <Unicode>verder</Unicode>
          </TextEquiv>
        </Word>
        <Word id="word_902369bd-40fd-40c3-aae2-2994cc830fce">
          <Coords points="1142,3324 1178,3322 1229,3320 1278,3317 1322,3316 1323,3361 1281,3362 1230,3365 1180,3367 1144,3369"/>
          <TextEquiv>
            <Unicode>voor</Unicode>
          </TextEquiv>
        </Word>
        <Word id="word_acdd11d3-9cfe-42a8-8bd7-b4e422088fd2">
          <Coords points="1361,3316 1374,3314 1428,3310 1456,3309 1457,3354 1431,3355 1382,3358 1369,3360"/>
          <TextEquiv>
            <Unicode>te</Unicode>
          </TextEquiv>
        </Word>
        <Word id="word_502cbcf4-db87-43a2-ba04-c98e01fd5f3b">
          <Coords points="1500,3309 1528,3307 1578,3304 1628,3301 1679,3300 1725,3299 1726,3344 1680,3345 1631,3346 1581,3349 1531,3352 1502,3354"/>
          <TextEquiv>
            <Unicode>nemen</Unicode>
          </TextEquiv>
        </Word>
        <Word id="word_9573b570-3479-4355-baae-ad328e8d73da">
          <Coords points="1773,3298 1783,3299 1830,3299 1879,3297 1930,3297 1949,3297 1949,3342 1930,3342 1880,3342 1830,3344 1779,3344 1769,3343"/>
          <TextEquiv>
            <Unicode>Boos</Unicode>
          </TextEquiv>
        </Word>
        <Word id="word_eec995fd-1c20-4450-aa6d-ef6eda8e6b06">
          <Coords points="1994,3297 2030,3297 2079,3296 2130,3296 2178,3293 2217,3292 2218,3337 2181,3338 2130,3341 2080,3341 2030,3342 1994,3342"/>
          <TextEquiv>
            <Unicode>opset</Unicode>
          </TextEquiv>
        </Word>
        <Word id="word_a2d65087-e66d-4c1e-ac34-1ed4567e7b6a">
          <Coords points="2266,3292 2283,3293 2330,3293 2380,3293 2429,3291 2479,3290 2529,3288 2530,3288 2532,3333 2530,3333 2480,3335 2430,3336 2380,3338 2330,3338 2279,3338 2262,3336"/>
          <TextEquiv>
            <Unicode>eenich</Unicode>
          </TextEquiv>
        </Word>
        <Word id="word_8dd0c58a-c83d-4cf2-b81c-cfdfbca6d686">
          <Coords points="2575,3286 2579,3286 2629,3284 2679,3283 2729,3281 2779,3280 2829,3279 2842,3278 2846,3322 2830,3324 2780,3325 2730,3326 2680,3328 2630,3329 2580,3331 2577,3331"/>
          <TextEquiv>
            <Unicode>sindts</Unicode>
          </TextEquiv>
        </Word>
        <Word id="word_86472a5a-4c06-4d95-95ba-2c5575361820">
          <Coords points="2890,3273 2930,3273 2935,3273 2935,3318 2930,3318 2890,3318"/>
          <TextEquiv>
            <Unicode></Unicode>
          </TextEquiv>
        </Word>
        <TextEquiv conf="0.9007451981079992">
          <Unicode>verder voor te nemen Boos opset eenich sindts </Unicode>
        </TextEquiv>
        <TextStyle xHeight="40"/>
      </TextLine>
      <TextLine id="line_5ba1afad-dfed-4824-8e0d-0a9ade9cbb3d">
        <Coords points="775,3381 1352,3385 1388,3357 1420,3356 1456,3360 1484,3388 1532,3392 1945,3392 1996,3369 2447,3369 2511,3340 2707,3340 2759,3344 2795,3360 2919,3372 2955,3407 2972,3409 2972,3501 2803,3501 2715,3578 2683,3586 2623,3586 2615,3594 2459,3593 2451,3585 2244,3585 2236,3577 1960,3577 1937,3562 1880,3558 1185,3554 1113,3555 1105,3563 833,3563 813,3546 775,3546"/>
        <Baseline points="820,3521 870,3524 920,3523 970,3523 1020,3520 1070,3518 1120,3516 1170,3513 1220,3512 1270,3510 1320,3508 1370,3508 1420,3505 1470,3502 1520,3499 1570,3497 1620,3495 1670,3493 1720,3490 1770,3487 1820,3487 1870,3487 1920,3486 1970,3486 2020,3484 2070,3483 2120,3481 2170,3480 2220,3477 2270,3474 2320,3473 2370,3471 2420,3470 2470,3471 2520,3471 2570,3470 2620,3469 2670,3469 2720,3469 2770,3472 2820,3476 2870,3478 2920,3479 2928,3479"/>
        <Word id="word_d8e6caca-f571-4058-bd41-539f64a3cf76">
          <Coords points="822,3486 872,3489 919,3488 925,3488 925,3533 920,3533 869,3534 819,3531"/>
          <TextEquiv>
            <Unicode>te</Unicode>
          </TextEquiv>
        </Word>
        <Word id="word_615e2602-745f-4c8b-9667-dc7e3254f99b">
          <Coords points="976,3488 1017,3485 1069,3483 1119,3481 1168,3478 1219,3477 1269,3475 1293,3474 1295,3519 1270,3520 1220,3522 1171,3523 1120,3526 1070,3528 1021,3530 979,3533"/>
          <TextEquiv>
            <Unicode>sturen</Unicode>
          </TextEquiv>
        </Word>
        <Word id="word_c11c302e-c1f2-4437-9720-c94daab8a2b4">
          <Coords points="1349,3472 1372,3473 1418,3470 1468,3467 1518,3464 1556,3463 1558,3507 1521,3509 1471,3512 1421,3515 1370,3518 1346,3517"/>
          <TextEquiv>
            <Unicode>medt</Unicode>
          </TextEquiv>
        </Word>
        <Word id="word_3e2aa85a-15b6-480c-b12c-6ff928c15fa7">
          <Coords points="1609,3460 1619,3460 1669,3458 1718,3455 1766,3452 1769,3497 1721,3500 1670,3503 1620,3505 1611,3505"/>
          <TextEquiv>
            <Unicode>een</Unicode>
          </TextEquiv>
        </Word>
        <Word id="word_4fbfe144-5ac7-42cf-bb48-f7d4a94a9a66">
          <Coords points="1823,3449 1872,3452 1919,3451 1970,3451 1978,3451 1979,3496 1970,3496 1920,3496 1869,3497 1820,3494"/>
          <TextEquiv>
            <Unicode>wel</Unicode>
          </TextEquiv>
        </Word>
        <Word id="word_b9fa9afe-eee4-4b4a-8a9a-4a0ee0ee8e3a">
          <Coords points="2031,3449 2070,3448 2119,3446 2169,3445 2218,3442 2268,3439 2319,3438 2369,3436 2419,3435 2471,3436 2520,3436 2558,3435 2559,3480 2520,3481 2470,3481 2420,3480 2370,3481 2320,3483 2271,3484 2221,3487 2170,3490 2120,3491 2070,3493 2032,3494"/>
          <TextEquiv>
            <Unicode>g'armeerde</Unicode>
          </TextEquiv>
        </Word>
        <Word id="word_f99936fd-d21c-4500-8af5-5ce74adb9286">
          <Coords points="2611,3434 2619,3434 2670,3434 2720,3434 2772,3437 2823,3441 2871,3443 2921,3444 2928,3444 2928,3489 2920,3489 2870,3488 2819,3486 2769,3482 2720,3479 2670,3479 2620,3479 2612,3479"/>
          <TextEquiv>
            <Unicode>Comp=e</Unicode>
          </TextEquiv>
        </Word>
        <TextEquiv conf="0.9151135038989979">
          <Unicode>te sturen medt een wel g'armeerde Comp=e</Unicode>
        </TextEquiv>
        <TextStyle xHeight="59"/>
      </TextLine>
      <TextLine id="line_305e7fb5-d668-42e2-b526-80363c6b8385">
        <Coords points="785,3545 815,3545 835,3562 1103,3562 1115,3553 1515,3553 1935,3561 1959,3577 2239,3577 2247,3585 2451,3585 2459,3593 2599,3594 2715,3578 2759,3548 2816,3548 2816,3640 2723,3640 2708,3651 2499,3651 2475,3675 1951,3675 1923,3687 1879,3691 1499,3695 1459,3734 1443,3734 1427,3721 785,3717"/>
        <Baseline points="830,3674 880,3675 930,3674 980,3673 1030,3669 1080,3667 1130,3664 1180,3663 1230,3663 1280,3662 1330,3660 1380,3659 1430,3656 1480,3655 1530,3654 1580,3652 1630,3650 1680,3648 1730,3647 1780,3644 1830,3643 1880,3643 1930,3641 1980,3640 2030,3640 2080,3637 2130,3636 2180,3634 2230,3631 2280,3629 2330,3628 2380,3626 2430,3626 2480,3626 2530,3626 2580,3625 2630,3624 2680,3622 2730,3622 2772,3618"/>
        <Word id="word_75a2ac60-9fa9-4414-849e-f3a296eaad43">
          <Coords points="831,3639 881,3640 929,3639 979,3638 1027,3634 1079,3632 1128,3629 1179,3628 1227,3628 1227,3673 1180,3673 1131,3674 1080,3677 1031,3679 980,3683 930,3684 880,3685 830,3684"/>
          <TextEquiv>
            <Unicode>soldaten,</Unicode>
          </TextEquiv>
        </Word>
        <Word id="word_1d094118-256d-409a-9af3-4a4d7d376611">
          <Coords points="1267,3628 1276,3627 1329,3625 1379,3624 1402,3623 1404,3668 1380,3669 1330,3670 1281,3672 1272,3673"/>
          <TextEquiv>
            <Unicode>soo</Unicode>
          </TextEquiv>
        </Word>
        <Word id="word_59190425-bbd9-4ef3-9215-92a368b3b264">
          <Coords points="1448,3620 1480,3620 1529,3619 1579,3617 1629,3615 1679,3613 1729,3612 1778,3609 1829,3608 1880,3608 1888,3608 1890,3653 1880,3653 1830,3653 1781,3654 1730,3657 1680,3658 1630,3660 1580,3662 1530,3664 1480,3665 1448,3665"/>
          <TextEquiv>
            <Unicode>duijtschen</Unicode>
          </TextEquiv>
        </Word>
        <Word id="word_19fcb20e-74e5-4adf-a5b2-2cb6da31aa40">
          <Coords points="1933,3606 1979,3605 2030,3605 2078,3602 2129,3601 2179,3599 2228,3596 2279,3594 2329,3593 2329,3593 2331,3638 2330,3638 2280,3639 2231,3641 2180,3644 2130,3646 2081,3647 2030,3650 1980,3650 1934,3651"/>
          <TextEquiv>
            <Unicode>toepassen</Unicode>
          </TextEquiv>
        </Word>
        <Word id="word_c479581a-7148-4826-873d-c54efe62ad00">
          <Coords points="2373,3591 2379,3591 2430,3591 2480,3591 2507,3591 2507,3636 2480,3636 2430,3636 2380,3636 2375,3636"/>
          <TextEquiv>
            <Unicode>als</Unicode>
          </TextEquiv>
        </Word>
        <Word id="word_0e1ff487-959d-49cf-af6a-374ddc9852ed">
          <Coords points="2550,3591 2579,3590 2629,3589 2679,3587 2730,3587 2769,3583 2773,3628 2730,3632 2680,3632 2630,3634 2580,3635 2552,3636"/>
          <TextEquiv>
            <Unicode>pious</Unicode>
          </TextEquiv>
        </Word>
        <TextEquiv conf="0.9499975126988891">
          <Unicode>soldaten, soo duijtschen toepassen als pious</Unicode>
        </TextEquiv>
        <TextStyle xHeight="42"/>
      </TextLine>
      <TextLine id="d2000f8b-2500-4222-8af9-1d85559b9c77">
        <Coords points="743,3721 765,3721 777,3730 1201,3729 1237,3762 1413,3761 1445,3734 1461,3734 1497,3698 1593,3698 1625,3689 1877,3690 1926,3686 1953,3675 2093,3674 2913,3674 2937,3682 2970,3715 2970,3808 2361,3801 1689,3817 1657,3821 1641,3836 1501,3836 1493,3844 1425,3844 1381,3884 1241,3884 1217,3863 957,3864 881,3900 743,3947"/>
        <Baseline points="788,3837 838,3834 888,3833 938,3830 988,3829 1038,3828 1088,3826 1138,3824 1188,3821 1238,3821 1288,3820 1338,3818 1388,3816 1438,3816 1488,3814 1538,3812 1588,3809 1638,3808 1688,3807 1738,3805 1788,3805 1838,3804 1888,3803 1938,3802 1988,3801 2038,3799 2088,3797 2138,3796 2188,3794 2238,3793 2288,3792 2338,3792 2388,3791 2438,3789 2488,3787 2538,3786 2588,3786 2638,3784 2688,3783 2738,3784 2788,3784 2838,3785 2888,3788 2926,3786"/>
        <Word id="word_9757dc84-c3d8-479f-95af-e3cf828111a9">
          <Coords points="786,3802 836,3799 887,3798 936,3795 987,3794 1037,3793 1087,3791 1137,3789 1186,3786 1238,3786 1287,3785 1296,3785 1297,3830 1288,3830 1238,3831 1189,3831 1138,3834 1088,3836 1038,3838 988,3839 939,3840 888,3843 839,3844 789,3847"/>
          <TextEquiv>
            <Unicode>Behoorden.</Unicode>
          </TextEquiv>
        </Word>
        <Word id="word_5cc44396-a0d3-411f-b20d-d04aa38d95ac">
          <Coords points="1346,3783 1387,3781 1438,3781 1487,3779 1537,3777 1549,3776 1552,3821 1538,3822 1488,3824 1438,3826 1388,3826 1348,3828"/>
          <TextEquiv>
            <Unicode>uijt</Unicode>
          </TextEquiv>
        </Word>
        <Word id="word_d617dbd3-3c43-42d4-b78b-572cb6e96e90">
          <Coords points="1602,3773 1638,3773 1687,3772 1703,3771 1705,3816 1688,3817 1638,3818 1602,3818"/>
          <TextEquiv>
            <Unicode>te</Unicode>
          </TextEquiv>
        </Word>
        <Word id="word_830f80ba-3a2f-4651-a214-27fc49fa7a07">
          <Coords points="1756,3769 1789,3770 1837,3769 1887,3768 1937,3767 1987,3766 2037,3764 2087,3762 2137,3761 2161,3760 2163,3805 2138,3806 2088,3807 2038,3809 1988,3811 1938,3812 1888,3813 1838,3814 1788,3815 1755,3814"/>
          <TextEquiv>
            <Unicode>maecken,</Unicode>
          </TextEquiv>
        </Word>
        <Word id="word_02aabd47-d5fa-4b49-af17-81bbbe46b1ae">
          <Coords points="2213,3758 2238,3758 2287,3757 2338,3757 2387,3756 2415,3755 2417,3800 2388,3801 2338,3802 2288,3802 2238,3803 2213,3803"/>
          <TextEquiv>
            <Unicode>ende</Unicode>
          </TextEquiv>
        </Word>
        <Word id="word_13986358-a577-4492-ab3f-901baf4d8202">
          <Coords points="2466,3753 2487,3752 2537,3751 2588,3751 2637,3749 2687,3748 2739,3749 2788,3749 2839,3750 2890,3753 2924,3751 2926,3796 2887,3798 2838,3795 2788,3794 2738,3794 2688,3793 2638,3794 2588,3796 2538,3796 2488,3797 2468,3798"/>
          <TextEquiv>
            <Unicode>derwaerts</Unicode>
          </TextEquiv>
        </Word>
        <TextEquiv conf="0.8733450292407615">
          <Unicode>Behoorden. uijt te maecken, ende derwaerts</Unicode>
        </TextEquiv>
        <TextStyle xHeight="46"/>
      </TextLine>
      <TextLine id="d5ebe3ce-a197-48e9-9a04-37b7af22e709">
        <Coords points="720,3953 826,3921 958,3865 1203,3861 1222,3864 1242,3881 1390,3881 1442,3829 1530,3829 1538,3821 1566,3817 2730,3816 2750,3836 2842,3836 2854,3845 3015,3840 3031,3849 3031,3943 3001,3958 2802,3958 2654,3970 2466,3961 2438,3986 1810,3986 1742,4010 1222,4009 1166,4057 994,4061 986,4069 954,4052 720,4048"/>
        <Baseline points="765,3990 815,3985 865,3982 915,3980 965,3978 1015,3973 1065,3971 1115,3968 1165,3964 1215,3963 1265,3961 1315,3961 1365,3959 1415,3957 1465,3958 1515,3958 1565,3958 1615,3956 1665,3955 1715,3954 1765,3952 1815,3949 1865,3947 1915,3946 1965,3944 2015,3941 2065,3937 2115,3936 2165,3935 2215,3932 2265,3930 2315,3927 2365,3925 2415,3923 2465,3920 2515,3918 2565,3918 2615,3918 2665,3918 2715,3919 2765,3917 2815,3917 2865,3918 2915,3919 2965,3918 2987,3920"/>
        <Word id="word_b7c0a124-b8fe-467d-886f-8e7d67aa5434">
          <Coords points="762,3955 812,3950 863,3947 905,3945 907,3990 866,3992 816,3995 766,4000"/>
          <TextEquiv>
            <Unicode>alf</Unicode>
          </TextEquiv>
        </Word>
        <Word id="word_fa0fd6b8-c461-42ad-85d3-5a1a35963131">
          <Coords points="952,3943 964,3943 1012,3938 1047,3937 1049,3982 1016,3983 965,3988 954,3988"/>
          <TextEquiv>
            <Unicode>te</Unicode>
          </TextEquiv>
        </Word>
        <Word id="word_ed5ebcdf-542b-4fe1-bcf8-a220405cdcda">
          <Coords points="1092,3935 1112,3933 1162,3929 1214,3928 1264,3926 1315,3926 1364,3924 1414,3922 1427,3922 1426,3967 1415,3967 1365,3969 1315,3971 1265,3971 1215,3973 1166,3974 1116,3978 1096,3980"/>
          <TextEquiv>
            <Unicode>senden,</Unicode>
          </TextEquiv>
        </Word>
        <Word id="word_bdd49f26-94ee-45d5-a82f-6a1b044c4822">
          <Coords points="1474,3923 1515,3923 1565,3923 1567,3923 1569,3968 1565,3968 1515,3968 1474,3968"/>
          <TextEquiv>
            <Unicode>'t</Unicode>
          </TextEquiv>
        </Word>
        <Word id="word_a1255e13-f544-4aa0-9ff2-558f7f604ed2">
          <Coords points="1615,3921 1664,3920 1714,3919 1764,3917 1813,3914 1864,3912 1914,3911 1964,3909 2013,3906 2062,3902 2114,3901 2164,3900 2181,3899 2184,3944 2165,3945 2115,3946 2066,3947 2016,3951 1965,3954 1915,3956 1865,3957 1816,3959 1765,3962 1715,3964 1665,3965 1616,3966"/>
          <TextEquiv>
            <Unicode>voorschreven</Unicode>
          </TextEquiv>
        </Word>
        <Word id="word_d377de52-1da6-49d4-b29a-fae7ee6da4ea">
          <Coords points="2229,3896 2264,3895 2313,3892 2364,3890 2371,3890 2372,3935 2365,3935 2316,3937 2265,3940 2231,3941"/>
          <TextEquiv>
            <Unicode>van</Unicode>
          </TextEquiv>
        </Word>
        <Word id="word_630992d8-2664-4b86-bda5-c9171b91c7c6">
          <Coords points="2417,3888 2463,3885 2514,3883 2565,3883 2609,3883 2609,3928 2565,3928 2515,3928 2466,3930 2420,3933"/>
          <TextEquiv>
            <Unicode>sijn</Unicode>
          </TextEquiv>
        </Word>
        <Word id="word_7e0fa935-a9cd-41e7-8da9-d6b00a3c831c">
          <Coords points="2656,3883 2665,3883 2716,3884 2749,3883 2751,3928 2715,3929 2665,3928 2656,3928"/>
          <TextEquiv>
            <Unicode>E:</Unicode>
          </TextEquiv>
        </Word>
        <Word id="word_718c3482-f30a-4ad0-94c2-4953875a7d6f">
          <Coords points="2800,3881 2818,3882 2866,3883 2916,3884 2964,3883 2990,3885 2986,3930 2965,3928 2915,3929 2865,3928 2814,3927 2797,3926"/>
          <TextEquiv>
            <Unicode>medt</Unicode>
          </TextEquiv>
        </Word>
        <TextEquiv conf="0.8421708887155187">
          <Unicode>alf te senden, 't voorschreven van sijn E: medt</Unicode>
        </TextEquiv>
        <TextStyle xHeight="52"/>
      </TextLine>
      <TextLine id="feef8235-c9a7-4269-adce-5ea7ffa0f6f3">
        <Coords points="778,4041 1068,4033 1124,3984 1144,3984 1176,4013 1743,4009 1811,3988 2439,3985 2467,3960 2654,3969 2994,3961 3010,3949 3075,4003 3075,4096 3056,4078 3028,4099 3006,4086 2882,4086 2814,4087 2794,4095 1867,4102 1811,4158 1772,4165 1395,4161 1372,4169 1224,4168 1212,4157 908,4149 828,4198 778,4201"/>
        <Baseline points="823,4120 873,4122 923,4118 973,4115 1023,4114 1073,4112 1123,4112 1173,4110 1223,4108 1273,4108 1323,4107 1373,4105 1423,4105 1473,4103 1523,4101 1573,4100 1623,4099 1673,4098 1723,4097 1773,4096 1823,4093 1873,4092 1923,4090 1973,4087 2023,4085 2073,4083 2123,4083 2173,4081 2223,4079 2273,4077 2323,4076 2373,4074 2423,4073 2473,4072 2523,4072 2573,4072 2623,4071 2673,4071 2723,4070 2773,4069 2823,4069 2873,4070 2923,4072 2973,4072 3023,4072 3031,4074"/>
        <Word id="word_9d6688d8-608a-4721-85d4-beb8708bba4d">
          <Coords points="824,4085 874,4087 920,4083 971,4080 1022,4079 1026,4079 1028,4124 1023,4124 974,4125 924,4128 873,4132 823,4130"/>
          <TextEquiv>
            <Unicode>goede</Unicode>
          </TextEquiv>
        </Word>
        <Word id="word_0dd46a57-786d-4bb2-af62-89c565d806ec">
          <Coords points="1067,4077 1072,4077 1123,4077 1172,4075 1222,4073 1273,4073 1322,4072 1372,4070 1423,4070 1435,4069 1437,4114 1423,4115 1373,4115 1323,4117 1273,4118 1223,4118 1173,4120 1123,4122 1073,4122 1069,4122"/>
          <TextEquiv>
            <Unicode>voordacht</Unicode>
          </TextEquiv>
        </Word>
        <Word id="word_de235566-afce-47f9-a68e-423853438cf7">
          <Coords points="1476,4068 1522,4066 1572,4065 1622,4064 1672,4063 1722,4062 1772,4061 1821,4058 1872,4057 1885,4057 1886,4101 1873,4102 1824,4103 1773,4106 1723,4107 1673,4108 1623,4109 1573,4110 1523,4111 1478,4113"/>
          <TextEquiv>
            <Unicode>overleijdt</Unicode>
          </TextEquiv>
        </Word>
        <Word id="word_8f087361-614a-440a-bf31-31fcec9bdffc">
          <Coords points="1925,4055 1971,4052 2022,4050 2072,4048 2090,4048 2090,4093 2073,4093 2023,4095 1974,4097 1928,4100"/>
          <TextEquiv>
            <Unicode>ende</Unicode>
          </TextEquiv>
        </Word>
        <Word id="word_154518e8-b459-4f30-98fa-811f8ae2aca3">
          <Coords points="2130,4048 2171,4046 2222,4044 2272,4042 2294,4042 2295,4087 2273,4087 2223,4089 2173,4091 2132,4093"/>
          <TextEquiv>
            <Unicode>voor</Unicode>
          </TextEquiv>
        </Word>
        <Word id="word_793e4b21-9293-42ce-965a-2bd286552bbe">
          <Coords points="2334,4041 2371,4039 2417,4038 2418,4083 2373,4084 2336,4086"/>
          <TextEquiv>
            <Unicode>al</Unicode>
          </TextEquiv>
        </Word>
        <Word id="word_53ec06e6-6989-4fa0-80f7-3b2e67c0d58b">
          <Coords points="2458,4037 2472,4037 2523,4037 2573,4037 2622,4036 2673,4036 2722,4035 2772,4034 2823,4034 2874,4035 2924,4037 2973,4037 3023,4037 3039,4040 3029,4084 3023,4082 2973,4082 2923,4082 2873,4080 2823,4079 2773,4079 2723,4080 2673,4081 2623,4081 2573,4082 2523,4082 2473,4082 2459,4082"/>
          <TextEquiv>
            <Unicode>geconsidereert</Unicode>
          </TextEquiv>
        </Word>
        <TextEquiv conf="0.9545239389328948">
          <Unicode>goede voordacht overleijdt ende voor al geconsidereert</Unicode>
        </TextEquiv>
        <TextStyle xHeight="46"/>
      </TextLine>
      <TextLine id="de2bba63-a92e-480b-a152-dfadaf9fccf0">
        <Coords points="762,4204 828,4197 904,4152 1771,4165 1806,4161 1862,4105 1982,4105 1994,4096 2434,4120 2914,4123 2914,4215 2868,4210 2846,4227 2817,4235 2625,4235 2549,4311 2526,4319 1914,4310 1842,4323 1447,4323 1383,4347 1299,4351 762,4355"/>
        <Baseline points="807,4271 857,4277 907,4273 957,4271 1007,4270 1057,4269 1107,4268 1157,4265 1207,4263 1257,4260 1307,4258 1357,4257 1407,4255 1457,4253 1507,4251 1557,4249 1607,4245 1657,4240 1707,4239 1757,4238 1807,4237 1857,4235 1907,4233 1957,4230 2007,4231 2057,4233 2107,4230 2157,4227 2207,4225 2257,4223 2307,4221 2357,4220 2407,4218 2457,4217 2507,4217 2557,4216 2607,4215 2657,4214 2707,4215 2757,4221 2807,4214 2857,4195 2870,4193"/>
        <Word id="word_33628d2f-464b-4001-ac75-b5540b3bbc41">
          <Coords points="811,4236 861,4242 904,4238 956,4236 1006,4235 1056,4234 1106,4233 1107,4233 1110,4278 1107,4278 1057,4279 1007,4280 957,4281 908,4283 856,4287 806,4281"/>
          <TextEquiv>
            <Unicode>sijnde</Unicode>
          </TextEquiv>
        </Word>
        <Word id="word_73f65428-af1c-4a97-aa8d-ffcaaff82c80">
          <Coords points="1158,4230 1206,4228 1255,4225 1306,4223 1356,4222 1406,4220 1456,4218 1506,4216 1556,4214 1604,4210 1610,4210 1614,4254 1608,4255 1557,4259 1507,4261 1457,4263 1407,4265 1357,4267 1307,4268 1258,4270 1207,4273 1160,4275"/>
          <TextEquiv>
            <Unicode>hoenodich</Unicode>
          </TextEquiv>
        </Word>
        <Word id="word_c6019f23-59b8-4e95-99b5-5739e9ea7e9a">
          <Coords points="1663,4204 1707,4204 1756,4203 1764,4203 1765,4248 1757,4248 1707,4249 1664,4249"/>
          <TextEquiv>
            <Unicode>d'</Unicode>
          </TextEquiv>
        </Word>
        <Word id="word_a16b9fe2-aa3f-415d-96fd-e706c537226a">
          <Coords points="1814,4202 1855,4200 1906,4198 1955,4195 2008,4196 2018,4196 2016,4241 2007,4241 1958,4240 1907,4243 1857,4245 1815,4247"/>
          <TextEquiv>
            <Unicode>twee</Unicode>
          </TextEquiv>
        </Word>
        <Word id="word_56124ef7-09f2-4164-ba57-28d975bbaaa1">
          <Coords points="2064,4199 2104,4195 2155,4192 2206,4190 2256,4188 2306,4186 2356,4185 2406,4183 2456,4182 2507,4182 2556,4181 2606,4180 2656,4179 2708,4180 2761,4186 2802,4179 2845,4162 2865,4158 2871,4203 2861,4204 2808,4224 2756,4231 2707,4225 2657,4224 2607,4225 2557,4226 2507,4227 2457,4227 2407,4228 2357,4230 2307,4231 2257,4233 2207,4235 2158,4237 2108,4240 2068,4243"/>
          <TextEquiv>
            <Unicode>princestuckjens=</Unicode>
          </TextEquiv>
        </Word>
        <TextEquiv conf="0.8191405518636761">
          <Unicode>sijnde hoenodich d' twee princestuckjens=</Unicode>
        </TextEquiv>
        <TextStyle xHeight="59"/>
      </TextLine>
    </TextRegion>
    <TextRegion id="region_e89e5bf3-c090-493c-9661-71be4fa439d0_2" custom="structure {type:catch-word;}">
      <Coords points="2801,4393 2790,4383 2783,4383 2780,4379 2773,4379 2769,4376 2748,4376 2745,4379 2728,4379 2724,4383 2714,4383 2710,4386 2686,4386 2682,4390 2675,4390 2672,4386 2665,4386 2661,4390 2647,4390 2644,4393 2637,4393 2633,4397 2630,4397 2623,4404 2623,4407 2616,4414 2616,4418 2613,4421 2613,4425 2609,4428 2609,4439 2606,4442 2606,4460 2609,4463 2609,4467 2613,4470 2613,4474 2623,4484 2626,4484 2630,4487 2633,4487 2637,4491 2651,4491 2654,4494 2661,4494 2665,4491 2696,4491 2700,4487 2707,4487 2710,4484 2738,4484 2741,4480 2752,4480 2755,4477 2762,4477 2766,4474 2773,4474 2776,4470 2780,4470 2783,4467 2787,4467 2804,4449 2804,4411 2801,4407"/>
      <TextLine id="c8351c00-94db-4aff-8093-98e34c9019f4">
        <Coords points="2546,4414 2636,4414 2672,4386 2856,4387 2856,4478 2723,4477 2656,4541 2546,4541"/>
        <Baseline points="2591,4463 2641,4460 2691,4459 2741,4461 2791,4459 2812,4456"/>
        <Word id="word_9b77c08b-f6b9-4320-b679-bdbada00de96">
          <Coords points="2589,4428 2639,4425 2690,4424 2742,4426 2790,4424 2807,4421 2813,4466 2791,4469 2741,4471 2691,4469 2642,4470 2592,4473"/>
          <TextEquiv>
            <Unicode>uijt</Unicode>
          </TextEquiv>
        </Word>
        <TextEquiv conf="0.9893446876609803">
          <Unicode>uijt</Unicode>
        </TextEquiv>
        <TextStyle xHeight="37"/>
      </TextLine>
    </TextRegion>
  </Page>
</PcGts>
