3410 4985
1137 558 1398 607 geweest,
1429 563 1527 610 soo
1559 565 1657 613 dat
1689 569 1885 618 sonder
1916 574 2307 626 veranderinge
2339 582 2404 627 de
2436 583 2696 634 Chinesen
2728 588 2793 634 nu
2826 589 3022 636 geheel
3053 593 3186 644 dien

1131 659 1339 708 handel
1373 662 1477 710 aen
1510 666 1648 716 haer
1682 672 1992 728 getrocken
2024 685 2334 742 teenemael
2368 698 2609 749 meester
2642 705 2849 757 zijnde
2882 713 2952 758 de
2985 714 3199 762 Comp=e

1130 750 1262 799 daer
1293 756 1393 804 van
1423 761 1784 818 genoechsaem
1815 774 2240 836 uijtgeslooten
2272 792 2371 841 is,
2402 797 2501 846 die
2533 801 2796 859 Taijouan
2826 815 3089 868 apparent
3120 825 3223 879 met

1129 847 1364 902 eenigen
1395 859 1662 915 slechten
1693 872 1927 929 toevoer
1958 885 2059 935 van
2091 891 2424 947 alderhande
2455 903 2623 955 grove
2654 911 2954 968 onprofijt
2986 924 3219 979 gevende

1123 966 1321 1014 waeren
1351 970 1580 1018 gelijck
1612 974 1776 1023 desen
1807 979 1972 1030 Jaere
2002 987 2297 1043 geschiet,
2327 1000 2589 1061 trachten
2620 1017 3078 1084 t'onderhouden,
3107 1041 3238 1094 daer

1129 1072 1203 1119 in
1239 1072 1386 1121 naet
1421 1078 1677 1133 schijnt
1711 1089 1931 1139 sonder
1967 1095 2149 1144 ander
2185 1099 2442 1154 remedie
2475 1111 2697 1170 moeten
2730 1128 3168 1202 patienteren,

1127 1170 1301 1221 alsoo
1334 1177 1475 1229 bijt
1506 1185 1820 1240 schrijven
1853 1196 1957 1245 der
1991 1200 2199 1255 Heeren
2233 1211 2616 1272 seventhiene
2648 1230 2960 1287 vernemen,
2993 1244 3104 1294 den

1124 1265 1369 1325 Icquan,
1401 1283 1506 1331 met
1539 1288 1783 1341 sachter
1815 1298 2094 1353 middelen
2126 1309 2233 1360 als
2264 1318 2542 1377 oorlogh,
2575 1333 2681 1382 van
2713 1339 2992 1395 gevoelen
3024 1351 3164 1400 ofte

1132 1377 1316 1425 hoope
1351 1381 1499 1429 zijn
1531 1387 1643 1438 tot
1676 1397 1859 1453 reden
1893 1411 1968 1460 te
2002 1417 2293 1474 brengen,
2327 1431 2438 1478 dat
2472 1435 2582 1485 van
2616 1441 2835 1496 herten
2870 1452 3163 1509 wenschen

1120 1475 1375 1525 volgens
1411 1481 1667 1542 tintent
1701 1499 1813 1551 van
1845 1509 2246 1576 welgedachte
2281 1531 2500 1584 heeren
2536 1539 2683 1586 uijt
2718 1543 2937 1595 vallen
2972 1551 3154 1604 mach,

1127 1582 1269 1629 ende
1303 1585 1375 1632 de
1408 1588 1622 1645 Comp=e
1655 1601 1727 1650 in
1761 1606 1903 1659 dien
1937 1615 2184 1672 swaeren
2219 1628 2466 1681 omslach
2500 1637 2609 1689 van
2641 1647 2924 1701 Taijouan
2958 1657 3207 1715 eenmael

1134 1684 1570 1746 gesolageert
1607 1703 1847 1760 werde;

1090 1862 1190 1909 Hoe
1222 1861 1324 1910 wel
1355 1867 1390 1913 t
1421 1869 1689 1927 verleden
1720 1884 1855 1933 Jaer
1885 1890 2053 1942 onder
2084 1899 2285 1958 andere
2316 1915 2451 1964 meer
2482 1921 2815 1975 versoecken
2847 1931 3047 1979 bijden
3079 1933 3152 1981 E:

1117 1971 1470 2024 Overtwater
1504 1980 1575 2027 de
1610 1983 1999 2044 Gouverneurs
2032 2001 2421 2062 voorgestelt
2454 2019 2560 2066 ene
2595 2021 2737 2069 hope
2772 2024 3019 2070 gegeven
3052 2021 3161 2068 was

1118 2070 1463 2124 alderhande
1496 2080 1669 2130 grove
1702 2086 1944 2141 waeren,
1977 2097 2114 2147 voor
2148 2102 2183 2148 t
2217 2103 2459 2155 maecken
2492 2111 2596 2159 der
2630 2114 2802 2164 prijs
2836 2119 3008 2171 vande
3042 2126 3214 2173 rouwe

1110 2160 1276 2211 zijde
1307 2167 1375 2216 te
1405 2173 1572 2228 mogen
1603 2185 1900 2240 vecoopen,
1932 2195 2032 2242 bij
2064 2198 2164 2246 mij
2195 2202 2262 2250 in
2294 2206 2427 2255 Jedo
2458 2211 2690 2264 naerder
2722 2219 2953 2270 vsocht,
2985 2225 3150 2272 heeft

1111 2258 1321 2308 echter
1354 2264 1494 2315 niet
1527 2272 1703 2330 mogen
1734 2288 1979 2349 volgen,
2011 2306 2151 2357 maer
2184 2313 2601 2371 generaelijck
2634 2325 2878 2371 gelijck
2912 2327 2981 2373 op
3016 2328 3225 2375 andere

1099 2357 1358 2414 Jaeren,
1391 2372 1540 2426 daer
1573 2384 1685 2436 nae
1719 2393 1940 2447 moeten
1976 2403 2269 2459 wachten,
2304 2415 2634 2469 ingevolge
2670 2424 2853 2473 12=en
2889 2429 3222 2478 september

1105 2464 1175 2513 de
1209 2468 1453 2525 pancado
1484 2482 1797 2546 getroffen
1828 2504 2001 2556 13=en
2035 2512 2105 2558 de
2138 2514 2518 2571 packhuijsen
2552 2527 2897 2577 ontsegelt,
2930 2533 3172 2581 geopent

1101 2573 1170 2623 en
1203 2578 1375 2631 17=en
1406 2588 1916 2657 daeraenvolgende
1949 2613 2052 2662 den
2084 2618 2323 2674 eersten
2356 2630 2763 2682 vercoop=dach
2796 2634 3069 2683 gehouden
3101 2639 3210 2684 is,

1095 2689 1636 2751 d'omstandicheden
1668 2707 1804 2758 hier
1836 2715 1939 2765 van
1969 2719 2072 2766 ene
2106 2719 2309 2771 andere
2342 2727 2714 2782 gepasseerde
2746 2738 2949 2791 dingen
2982 2744 3185 2793 becomt

1095 2795 1165 2843 v:
1200 2798 1269 2843 E.
1303 2798 1409 2847 bij
1441 2804 1685 2859 missive
1718 2815 1892 2863 aende
1926 2819 2066 2870 Ed=e
2099 2826 2203 2874 H=r
2237 2829 2446 2880 Raeden
2479 2836 2583 2883 van
2617 2838 2826 2889 Jndia,
2860 2844 2964 2892 als
2998 2847 3137 2896 mijn

1106 2895 1380 2949 gehouden
1411 2906 1549 2956 dach
1580 2914 1887 2968 register,
1919 2924 2124 2973 beijde
2156 2929 2226 2977 in
2258 2933 2430 2983 Copia
2461 2940 2598 2990 hier
2631 2946 2733 2992 bij
2767 2947 3072 3000 gevoecht,

1085 2996 1237 3047 waer
1272 3003 1387 3054 aen
1422 3012 1498 3059 om
1534 3016 1871 3076 herhaelen
1907 3031 1982 3078 te
2018 3033 2356 3087 vermijden
2393 3043 2506 3090 mij
2542 3046 2854 3103 gedraege

1113 3197 1181 3248 De
1214 3202 1585 3261 besendingen
1617 3217 1754 3267 door
1786 3223 1853 3268 de
1887 3223 2425 3283 oppercoopluijden
2458 3237 2627 3283 s=ren
2660 3237 2930 3282 Cornelis
2963 3238 3132 3284 Casar

1099 3312 1202 3358 ene
1235 3311 1512 3362 Nicasius
1543 3319 1614 3367 de
1646 3323 1818 3373 Hooge
1852 3328 1955 3374 nae
1989 3329 2058 3375 de
2092 3331 2436 3383 Goudmijne,
2468 3339 2572 3385 als
2605 3340 2949 3389 naederhant
2982 3344 3120 3391 door

1087 3421 1347 3467 gemelte
1384 3422 1496 3470 S=r
1533 3425 1718 3475 Casar
1756 3429 1868 3475 nae
1904 3430 1978 3476 't
2015 3431 2313 3484 manilhas
2350 3439 2723 3492 vaerwaeter
2758 3448 2908 3494 zijn
2944 3449 3168 3497 beijde

1079 3517 1215 3566 niet
1248 3521 1383 3570 naer
1416 3526 1620 3576 wensch
1653 3532 2025 3583 afgeloopen,
2057 3539 2193 3588 niet
2226 3543 2396 3593 temin
2428 3549 2530 3596 met
2563 3550 2867 3598 verhoopte
2901 3551 3206 3600 profijten

1073 3622 1181 3671 ten
1217 3626 1469 3679 dienste
1503 3635 1684 3685 vande
1718 3642 1934 3694 Comp=e
1969 3650 2113 3698 daer
2147 3653 2293 3702 uijt
2327 3659 2399 3706 te
2434 3662 2686 3713 trecken
2721 3669 3116 3719 aengeleijt,

1087 3728 1191 3774 soo
1224 3730 1501 3783 schijnen
1532 3740 1602 3787 v.
1636 3743 1671 3789 E
1704 3746 1947 3798 evenwel
1978 3756 2117 3805 niet
2150 3760 2357 3814 gansch
2390 3770 2596 3820 sonder
2630 3775 2803 3822 hoope
2836 3778 2939 3828 bij
2973 3783 3183 3838 tijden

1075 3834 1144 3879 en
1177 3834 1383 3882 wijlen
1416 3838 1555 3886 ijet
1587 3843 1760 3894 goets
1792 3851 1895 3899 van
1928 3855 1999 3903 de
2031 3860 2339 3912 goudmijne
2373 3868 2442 3915 te
2475 3871 2749 3921 wachten,
2782 3877 2919 3924 doch
2953 3879 3205 3941 naedien

1077 3935 1213 3985 alle
1245 3936 1577 3988 beginselen
1608 3944 1774 3993 swaer
1806 3949 1941 3999 ende
1971 3956 2106 4004 noch
2136 3961 2436 4018 eijntlijk
2467 3975 2502 4021 t
2533 3978 2831 4028 verhoopte
2864 3982 2997 4028 ofte
3029 3984 3129 4032 ten

1083 4033 1349 4084 minsten
1384 4041 1686 4097 gedeelte
1724 4052 1800 4098 te
1837 4053 2141 4105 gauderen
2176 4062 2480 4118 wesende,
2515 4075 2592 4123 is
2629 4078 2705 4123 te
2742 4077 3085 4130 bevroeden

2629 4184 3089 4237 daermede
