3451 4937
835 270 1032 327 Juliy
1069 267 1224 314 anno
1263 267 1418 314 1646

1118 459 1235 509 niet
1261 465 1405 515 coste
1432 470 1634 522 gedogen
1661 478 1748 525 dat
1776 480 1891 527 onse
1918 483 2262 536 nederlanders
2289 491 2462 542 sonder
2490 498 2604 546 haer
2632 501 2747 551 daer
2775 506 2861 553 toe
2889 508 3061 560 eenige
3089 515 3289 569 redenen

1104 588 1311 636 gegeven
1339 591 1398 637 te
1425 591 1632 639 hebben,
1659 595 1747 641 soo
1775 596 2010 647 violeijn
2038 603 2126 651 met
2154 607 2301 656 slaen
2328 611 2418 657 van
2445 614 2621 664 sulcke
2649 620 2854 670 wierden
2882 626 3203 678 getracteert

1114 707 1296 755 sonder
1325 708 1566 755 revengie
1595 711 1807 760 tenemen
1835 717 1866 763 (
1895 719 1986 768 als
2015 724 2106 772 ons
2135 728 2256 776 daer
2285 731 2406 780 over
2435 735 2556 783 geen
2585 738 2736 785 recht
2765 741 2946 791 gedaen
2975 746 3156 797 werdt,
3185 753 3276 799 des

1104 832 1226 879 sijn
1257 832 1470 879 Hoogh:t
1499 835 1804 885 gelieffden
1833 841 1895 888 t'
1924 844 2198 896 overwegen
2228 851 2320 899 wat
2349 855 2441 902 hem
2470 857 2532 904 te
2561 859 2867 913 doenstondt
2895 869 2988 919 ons
3016 875 3283 928 gerelijk

1107 956 1201 1002 aen
1231 956 1325 1002 syn
1356 957 1545 1003 maij:t
1574 960 2012 1019 addresserende,
2042 975 2137 1023 als
2167 978 2480 1032 onderdanen
2510 988 2823 1042 betamelijk
2852 998 2978 1046 sij,
3009 1001 3227 1053 twelcke

1095 1085 1192 1133 d:o
1221 1088 1409 1135 Capado
1440 1090 1846 1142 hemaendienden
1876 1098 2002 1148 waer
2032 1104 2095 1151 op
2125 1107 2221 1155 ter
2250 1111 2408 1160 stont
2437 1117 2533 1166 des
2562 1123 2781 1177 maij„ts
2810 1132 3216 1193 aengenaemsten

1087 1219 1270 1269 Iongen
1298 1221 1478 1269 Capado
1508 1224 1598 1271 tot
1627 1227 1717 1273 ons
1747 1228 1867 1276 seer
1896 1231 2137 1286 verbaest
2165 1242 2407 1294 uijtquam
2434 1251 2556 1301 ende
2584 1257 2675 1304 als
2704 1261 2974 1316 versoeckt
3002 1271 3213 1327 gewijse

1099 1342 1245 1390 uijts
1273 1343 1503 1391 Coninghs
1531 1346 1647 1393 name
1674 1349 1761 1397 ons
1789 1353 1962 1403 seijde
1990 1359 2163 1407 emmers
2191 1363 2307 1410 niet
2334 1366 2508 1416 souden
2535 1372 2825 1427 onderstaen
2850 1384 2938 1432 met
2965 1389 3024 1435 de
3051 1391 3253 1445 Schepen

1104 1464 1219 1511 nade
1248 1465 1477 1515 Joncquen
1504 1471 1563 1517 te
1590 1473 1819 1525 drijven,
1847 1481 1991 1530 alsoo
2018 1486 2219 1539 deselve
2246 1495 2561 1548 besighwaren
2589 1504 2676 1552 met
2702 1508 2818 1556 sijn
2845 1512 2989 1561 goudt
3016 1516 3075 1564 en
3102 1520 3245 1569 andre

1095 1589 1569 1649 Costelijckheden
1600 1605 1695 1652 tot
1724 1606 2074 1661 schenckagie
2104 1617 2294 1668 aenden
2324 1624 2547 1680 Coningh
2576 1636 2672 1685 van
2703 1640 2862 1689 China
2891 1645 2955 1691 in
2986 1647 3213 1701 tenemen

1096 1723 1343 1773 begerende
1369 1728 1479 1775 oocq
1505 1730 1615 1780 niet
1641 1736 1779 1785 alsoo
1804 1741 2050 1793 desselffs
2076 1749 2377 1803 ambassadeur
2403 1759 2513 1806 daer
2538 1762 2595 1809 op
2620 1765 2703 1813 was
2729 1769 2812 1818 een
2838 1774 2921 1822 man
2946 1778 3030 1826 van
3055 1782 3247 1835 grooten

1099 1855 1326 1902 aensien,
1353 1858 1437 1903 die
1465 1858 1635 1908 eenigh
1662 1863 1775 1911 leet
1803 1867 1972 1916 souden
1999 1872 2113 1920 doen
2140 1876 2506 1931 omsijnentwil,
2533 1887 2759 1937 sullende
2786 1893 2872 1940 ons
2899 1896 3181 1949 behoorlijk

1097 1982 1242 2031 recht
1268 1986 1412 2034 doen,
1441 1989 1500 2035 en
1527 1991 1758 2039 terstond
1785 1996 1957 2044 gelijk
1986 1999 2158 2047 imonse
2186 2003 2445 2056 presentie
2472 2012 2761 2065 geschieden
2788 2022 2875 2069 een
2902 2024 3075 2075 Capado
3103 2030 3218 2079 der„

1068 2108 1250 2158 „warts
1279 2109 1488 2158 senden,
1518 2113 1669 2160 omden
1697 2116 2027 2167 voorhaelden
2056 2123 2387 2176 nederlander
2415 2132 2685 2183 beneffens
2714 2139 2894 2186 eenige
2923 2139 3197 2197 Chinesen,

1087 2236 1182 2282 die
1214 2237 1373 2284 aen't
1403 2239 1848 2290 faicthandadigh
1879 2246 2101 2295 mochten
2132 2251 2291 2298 wesen
2322 2253 2386 2299 te
2416 2254 2545 2300 hove
2575 2255 2797 2304 roepen:
2829 2259 3019 2306 omsigh
3050 2259 3212 2307 vande

1092 2366 1239 2413 saeck
1267 2366 1329 2416 t'
1355 2372 1647 2419 informeren
1675 2375 1792 2420 ende
1821 2375 2113 2425 nabehooren
2141 2379 2317 2426 trecht
2345 2381 2463 2427 over
2491 2382 2550 2428 te
2578 2384 2725 2433 doen,
2753 2388 2870 2435 daer
2899 2390 3016 2436 voor
3044 2392 3163 2440 sijn

1063 2495 1203 2544 may:t
1230 2499 1313 2544 bij
1341 2499 1562 2546 provisie
1590 2501 1701 2547 liet
1727 2501 1784 2547 en
1811 2501 2088 2551 bedancken:
2116 2506 2393 2557 mitsgaders
2420 2511 2588 2561 ander,
2613 2517 2808 2565 alsoocq
2835 2520 2946 2566 voor
2974 2521 3029 2567 de
3057 2519 3196 2568 derde

1089 2626 1206 2672 mael
1234 2626 1497 2673 aenseggen
1526 2627 1614 2673 dat
1642 2629 1730 2675 ons
1758 2628 1904 2674 wilde
1933 2628 2080 2674 recht
2108 2629 2254 2676 doen,
2283 2631 2371 2678 off
2399 2633 2575 2682 sonden
2602 2639 2923 2687 genootsaect
2952 2641 3157 2688 blijven

1077 2757 1168 2806 ons
1198 2756 1377 2802 selven
1406 2756 1466 2802 te
1494 2756 1704 2802 rechten
1734 2757 1853 2802 waer
1882 2758 1943 2803 op
1972 2759 2121 2805 tegen
2150 2759 2271 2809 syne
2299 2765 2448 2813 kaden
2477 2768 2567 2814 bij
2597 2769 2686 2816 hem
2715 2772 2955 2822 sittende
2983 2774 3132 2823 soude

1083 2882 1266 2930 geseyt
1296 2885 1480 2933 hebben
1509 2889 1539 2934 (
1569 2888 1661 2934 soo
1690 2889 1934 2936 verhaeld
1964 2891 2025 2936 en
2054 2890 2329 2939 Ongahaijs
2358 2894 2481 2940 Soon
2510 2896 2663 2944 wiste
2691 2898 2754 2944 te
2783 2898 3058 2947 verhaelen
3086 2902 3209 2949 ende

1082 3013 1413 3063 synenvader
1445 3018 2038 3076 overbootschappten)
2070 3032 2367 3078 Indienden
2399 3033 2696 3081 hollander
2729 3036 2827 3082 dat
2860 3033 3158 3083 verstonde

1031 3149 1138 3195 geen
1165 3149 1327 3195 slecht
1353 3150 1596 3199 persoonte
1621 3155 1782 3203 wesen,
1809 3158 1916 3204 ware
1943 3159 2051 3206 doot
2077 3160 2319 3207 gebleven,
2346 3162 2480 3208 soude
2507 3160 2829 3207 nootsakelijk
2855 3154 3205 3209 geconstring=t

1077 3274 1281 3324 blijven
1308 3280 1482 3327 eender
1511 3282 1744 3331 Chinesen
1771 3287 2120 3337 t'onthalsen,
2146 3290 2611 3338 offbleefsbedught
2639 3292 2728 3338 wey
2755 3294 2814 3341 op
2841 3295 2960 3341 dese
2987 3297 3221 3344 Joncquen

1080 3411 1200 3459 (die
1229 3410 1410 3456 binnen
1439 3411 1917 3462 cortendagenstaen
1947 3416 2007 3462 te
2037 3416 2366 3467 vertrecken)
2395 3422 2575 3469 souden
2604 3423 2784 3470 passen
2814 3425 2964 3476 alles
2993 3431 3086 3481 ten

1040 3541 1397 3589 kooffmaken,
1428 3544 1558 3591 ende
1590 3544 1752 3591 alsoo
1784 3546 1913 3591 ijne
1946 3546 2368 3597 costelijckh:t
2398 3553 2433 3600 g
2463 3557 2787 3605 uiytraken,
2818 3559 3014 3608 waerby
3044 3555 3112 3602 te

1083 3676 1347 3722 bespeuren
1375 3678 1435 3724 is
1463 3680 1580 3726 voor
1609 3681 1697 3727 ons
1726 3679 1902 3726 almede
1931 3678 2254 3726 eenighsints
2282 3682 2341 3728 in
2370 3683 2546 3730 vreese
2574 3686 2722 3733 leeft
2750 3688 2839 3735 met
2867 3691 2956 3737 d:o
2984 3693 3219 3740 bescheyt

1079 3801 1209 3852 uijt
1241 3806 1788 3853 shooffscheijdende
1821 3807 2014 3854 gingen
2046 3808 2144 3854 tot
2175 3806 2304 3855 gem:
2336 3806 2594 3857 Ongahaij
2626 3812 2916 3861 wederaen,
2948 3816 3144 3864 alwaer

1065 3927 1159 3974 hem
1187 3929 1280 3976 syn
1309 3932 1432 3978 Soon
1461 3933 1522 3978 't
1553 3932 1827 3978 verhaelde
1857 3932 2284 3981 rapporteerden,
2314 3937 2407 3986 als
2435 3942 2649 3994 wanneer
2679 3949 2954 4000 denselven
2983 3957 3106 4007 over

2867 4077 3096 4126 sijne
