3410 4985
1129 370 1208 416 van
1231 372 1335 421 zulx
1359 377 1489 426 goede
1512 383 1640 433 somme
1665 389 1793 436 gelts
1818 391 2023 445 inhouden
2047 401 2098 446 om
2123 400 2328 449 daermede
2353 405 2455 452 sulx
2480 407 2532 454 te
2556 405 2838 454 volbrengen,
2863 410 2914 455 en
2938 409 2992 455 't
3015 410 3246 462 overschot

1126 443 1197 489 dan
1219 444 1452 496 hunluijden
1473 452 1521 499 na
1543 455 1614 502 dat
1636 458 1706 505 met
1728 461 1915 512 overlegh
1936 468 2007 515 des
2028 471 2261 524 opsienders
2283 479 2353 526 van
2375 481 2422 526 't
2444 481 2608 529 eijlant
2630 484 2678 531 en
2699 487 2769 533 der
2792 488 2955 536 tolcken
2976 492 3095 539 alles
3115 495 3211 546 hall

1125 517 1337 569 affgedaen
1359 525 1478 573 zijn.
1500 529 1548 576 te
1570 532 1875 584 overhandigen,
1897 539 1945 586 om
1967 542 2063 592 niet
2084 548 2132 593 om
2154 549 2413 600 beuselingen
2435 556 2575 601 altijt
2598 556 2693 604 veel
2715 560 2902 607 nalopens
2926 562 2973 607 te
2996 562 3143 614 hebben

1130 595 1225 641 daer
1248 595 1320 642 bij
1342 597 1532 647 gebleven
1554 602 1656 653 dien

1032 678 1112 725 hoe
1138 677 1218 724 dat
1244 679 1403 730 nodigh
1430 685 1536 733 sall
1562 689 1669 737 zijn
1694 692 1748 739 uE
1774 695 1829 743 in
1853 699 1960 746 Jedo
1986 700 2226 752 voorgeeft
2251 708 2332 754 van
2357 710 2544 757 Batavia
2569 713 2676 760 comt
2702 715 2808 761 niet
2835 716 3209 770 uijtdruckelijk

1125 746 1226 796 last
1249 752 1347 800 omde
1372 755 1473 805 mijt
1495 761 1545 806 te
1569 762 1792 813 bedancken
1815 769 1965 818 voorde
1987 775 2258 827 verlossinge
2282 782 2356 829 der
2381 784 2653 836 hollanderen
2676 791 2726 836 in
2750 791 2875 840 Nambo
2898 796 3097 843 gevangen

1124 823 1283 870 geweest
1304 826 1395 873 hebt
1416 829 1531 877 goede
1550 834 1732 884 kennisse
1752 841 1844 890 daer
1864 846 1934 895 ons
1954 852 2000 899 op
2021 855 2225 908 verlaten.

995 922 1078 975 Wat
1103 921 1210 967 inde
1234 923 1473 976 herbergen
1496 933 1603 981 hult
1627 937 1786 989 hebben
1811 944 1866 991 te
1889 948 2100 1004 betalen,
2125 960 2284 1008 hullen
2309 964 2363 1011 de
2387 968 2573 1016 voorige
2597 972 3018 1020 oncostrekeningen
3043 976 3231 1027 aenwijs

1119 986 1220 1035 sulx
1244 991 1346 1040 wert
1369 997 1520 1048 altijt
1543 1004 1619 1051 met
1643 1007 1845 1059 kennisse
1867 1016 1993 1066 vande
2017 1022 2193 1075 Tolcken
2216 1032 2267 1079 en
2291 1035 2491 1082 Bonghois
2515 1038 2690 1086 gedaen,
2715 1041 2815 1087 oock
2839 1042 2990 1091 sullen
3014 1047 3065 1093 in
3089 1048 3240 1099 osacca

1124 1053 1192 1102 eer
1213 1058 1258 1104 op
1279 1060 1324 1107 de
1345 1063 1435 1111 wegh
1454 1068 1544 1115 gaet
1564 1071 1698 1122 eenige
1718 1078 1852 1127 ordren
1872 1083 2137 1140 voorbrengen,
2159 1096 2313 1145 geli.jk
2335 1100 2402 1147 ons
2422 1103 2512 1150 oock
2533 1105 2710 1152 geschiet
2731 1108 2798 1154 is,
2819 1110 2886 1156 met
2907 1112 2974 1159 een
2995 1114 3128 1163 groote
3149 1119 3172 1164 t

1119 1131 1392 1182 stemmicheijt
1413 1138 1460 1184 en
1481 1139 1777 1196 bedaertheijt,
1798 1152 1844 1198 en
1866 1154 2004 1202 zullen
2025 1158 2116 1206 zijn
2138 1161 2275 1212 gelijk
2296 1168 2342 1214 in
2365 1169 2457 1218 onse
2477 1175 2568 1221 dagh
2591 1176 2796 1225 registers
2817 1181 3045 1232 aengewesen
3067 1187 3162 1241 wert

1117 1205 1186 1251 met
1209 1205 1278 1252 die
1300 1208 1461 1259 luijden
1482 1214 1575 1263 moet
1597 1219 1666 1265 van
1688 1220 1780 1268 onse
1802 1224 1918 1272 cant,
1939 1228 2077 1277 gelijk
2099 1233 2191 1281 mede
2212 1237 2283 1284 wel
2304 1239 2441 1289 sullen
2464 1244 2555 1291 doen
2577 1246 2647 1294 van
2668 1249 2761 1298 hare
2783 1253 2898 1302 zijde
2920 1257 2966 1303 in
2988 1258 3239 1311 vrientschap

1117 1277 1319 1325 geleeft
1346 1281 1520 1333 werden

987 1381 1049 1427 De
1077 1383 1493 1436 gewichticheijt
1521 1391 1611 1438 van
1640 1393 1731 1443 het
1758 1399 1937 1450 weeren
1965 1406 2057 1456 der
2084 1412 2353 1463 paepscher
2381 1419 2679 1469 ornamenten
2707 1425 2767 1471 is
2796 1425 2946 1472 ijder
2974 1428 3063 1475 soo
3093 1430 3273 1479 bekent

1113 1461 1159 1507 en
1181 1461 1274 1507 in't
1293 1464 1406 1513 dagh,
1428 1468 1610 1519 register
1630 1475 1699 1524 soo
1721 1479 1813 1528 dick
1833 1484 2015 1533 verhaelt
2035 1489 2104 1536 dat
2126 1491 2194 1537 het
2216 1492 2307 1539 hier
2328 1494 2418 1540 niet
2441 1495 2645 1545 aenroere,
2666 1501 2711 1547 d'
2733 1502 3004 1553 onnodicheijt
3025 1508 3072 1554 en
3093 1510 3274 1563 ondienst

1112 1530 1159 1575 en
1183 1530 1255 1578 het
1277 1534 1444 1584 pericul
1467 1539 1539 1586 dat
1561 1542 1633 1589 men
1656 1545 1776 1595 heeft
1798 1551 1918 1602 vande
1940 1558 2131 1609 matrosen
2153 1565 2225 1610 aen
2248 1566 2343 1614 land
2366 1569 2414 1615 te
2437 1571 2556 1617 laten
2579 1572 2651 1619 als
2674 1574 2722 1620 de
2745 1576 3127 1627 coopmanschappen

1113 1598 1210 1648 inde
1232 1603 1472 1658 packhuijsz
1493 1615 1636 1664 leggen
1660 1619 1708 1665 is
1731 1620 1899 1670 genoegh
1921 1626 2089 1679 bekent,
2111 1635 2160 1682 de
2183 1638 2303 1686 vijff
2325 1642 2564 1695 hollanders
2587 1650 2660 1699 die
2682 1655 2777 1702 hier
2800 1658 2991 1706 blijven,
3014 1659 3159 1707 zullen

1107 1681 1246 1732 hulpfs
1267 1682 1425 1732 genoegh
1447 1688 1538 1736 zijn
1559 1692 1626 1738 tot
1649 1693 1695 1739 de
1716 1695 1851 1744 comste
1873 1699 1942 1746 der
1962 1702 2143 1755 schepen,
2164 1711 2233 1758 die
2254 1714 2367 1762 ijder
2388 1718 2480 1765 in't
2500 1721 2613 1770 zijne
2635 1725 2726 1774 noch
2747 1729 2816 1777 all
2836 1733 2882 1779 in
2904 1734 2950 1780 de
2971 1735 3107 1783 ledige
3128 1738 3218 1788 tijn

1107 1758 1272 1808 bestieh
1294 1764 1435 1813 sullen
1458 1768 1598 1818 cunnen
1621 1773 1808 1821 gehouden
1830 1777 1996 1831 werden,
2017 1787 2111 1834 ende
2133 1790 2251 1837 alsoo
2273 1792 2437 1843 geloven
2460 1798 2555 1848 ende
2576 1804 2671 1852 vast
2693 1808 2927 1860 vertrouwen
2949 1816 3020 1861 met
3043 1812 3137 1862 dese

1102 1836 1407 1891 boovenstaende
1428 1847 1779 1903 waerschouwingen
1801 1859 2058 1914 genoeghsaem
2080 1870 2175 1919 sult
2196 1876 2291 1922 sijn
2312 1878 2500 1930 verlieht
2522 1886 2571 1932 en
2591 1888 2826 1948 onderricht
2847 1904 2895 1950 om
2917 1905 3011 1951 hich
3034 1907 3080 1952 in
3102 1902 3221 1952 alles

1099 1915 1146 1962 na
1168 1918 1353 1966 behooren
1375 1922 1422 1969 te
1444 1925 1584 1976 cunnen
1605 1932 1768 1983 voegen,
1788 1939 1905 1987 mits,
1927 1943 1997 1990 als
2019 1946 2158 1993 vooren
2180 1949 2319 2000 hebben
2341 1956 2503 2004 gesegl,
2525 1960 2573 2006 de
2593 1963 2687 2011 oude
2708 1967 2962 2022 instructien
2985 1977 3031 2022 te
3054 1977 3218 2023 doorles

1106 1997 1249 2043 geheel
1272 1997 1369 2044 niet
1390 2000 1439 2047 en
1461 2003 1698 2058 versuijmt,
1721 2013 1770 2058 en
1792 2014 1865 2061 wij
1886 2017 1959 2066 ons
1981 2022 2078 2073 daer
2099 2030 2218 2077 tgans
2241 2033 2290 2080 en
2311 2036 2360 2084 t'
2382 2040 2572 2091 eenemael
2595 2047 2643 2093 op
2666 2048 2856 2097 verlaten
2879 2052 2950 2099 zoo
2973 2054 3044 2100 wil
3067 2055 3190 2105 desen

1081 2080 1179 2132 hier
1202 2080 1415 2128 affbreken
1437 2084 1485 2131 en
1507 2087 1721 2141 sluijten,
1742 2097 1790 2142 en
1812 2098 1884 2146 wij
1906 2102 1979 2149 ons
2000 2106 2095 2157 daer
2117 2113 2213 2163 gans
2234 2119 2283 2166 en
2305 2122 2354 2169 t'
2375 2125 2565 2176 eenemael
2587 2132 2845 2180 opverlaten,
2869 2134 2940 2179 zoo
2962 2135 3034 2181 wil
3056 2136 3177 2185 desen

1086 2162 1187 2213 hier
1211 2162 1432 2211 affbreken
1455 2166 1507 2215 en
1529 2171 1751 2225 sluijten,
1774 2181 1874 2231 mits
1896 2187 1946 2234 uE
1970 2190 2290 2248 toewenschende
2312 2204 2437 2254 inder
2460 2210 2730 2263 aenstaenden
2753 2218 2852 2265 tijt
2876 2221 2950 2267 uwe
2974 2222 3170 2269 gantsche

1097 2246 1338 2294 bedieninge
1362 2249 1532 2298 doorden
1554 2254 1820 2308 rijckeli.jk
1842 2264 1892 2311 en
1914 2267 2060 2318 milden
2082 2274 2204 2323 regen
2226 2280 2300 2327 des
2322 2283 2659 2342 alderhoochsten
2682 2298 2755 2347 tot
2778 2303 2899 2352 zijns
2921 2307 2970 2352 h:
2993 2302 3116 2351 Naems

1099 2325 1210 2372 eere,
1231 2326 1385 2375 dienste
1406 2330 1516 2378 onseh
1538 2333 1781 2388 mreesteren,
1800 2345 1844 2390 en
1866 2345 1954 2393 uwen
1975 2349 2042 2396 bij
2063 2352 2239 2403 sonderen
2259 2358 2349 2408 loff
2369 2364 2414 2411 en
2434 2366 2576 2425 prijs.

1118 2451 1350 2508 egeven
1387 2463 1503 2510 den
1540 2465 1657 2518 29.
1694 2475 1965 2524 Novemb.
1999 2479 2195 2533 1645.
2231 2490 2386 2540 op't
2423 2496 2694 2550 Contoir
2730 2507 3199 2561 Nangasacquij

2371 2676 2558 2726 Was
2611 2675 2868 2730 get.

2871 2651 2947 2701 2

2277 2933 2491 2984 Pieter
2526 2930 2879 2978 Antonissen
2913 2925 3266 2981 overtwater
