<?xml version="1.0" encoding="UTF-8"?>
<PcGts xmlns="http://schema.primaresearch.org/PAGE/gts/pagecontent/2013-07-15">
  <Metadata externalRef="048c6300-5e6b-41b5-b96d-66eadd0bfd2b">
    <Creator>Laypa</Creator>
    <Created>2023-09-08T02:19:42</Created>
    <LastChange>2023-09-08T03:38:15</LastChange>
    <Comment>license: CC0</Comment>
    <MetadataItem type="processingStep" name="layout-analysis" value="laypa">
      <Labels>
        <Label value="228a7d24385cff0e51687c00d0e65a2c2a9703d5" type="githash"/>
        <Label value="61334eb4-edff-4af5-b036-b5927f35bbcf" type="uuid"/>
        <Label value="https://hdl.handle.net/10622/VMSCBR" type="laypamodelremote"/>
      </Labels>
    </MetadataItem>
    <MetadataItem type="processingStep" name="region-analysis" value="laypa">
      <Labels>
        <Label value="0a3442b4-835c-44bc-9115-3fd08263a5dc" type="uuid"/>
        <Label value="https://hdl.handle.net/10622/DMAS2T" type="laypamodelremote"/>
      </Labels>
    </MetadataItem>
    <MetadataItem type="processingStep" name="htr" value="loghi-htr">
      <Labels>
        <Label value="9efb3e0ff4338dc6e07d110ac4d435f27f5b0e16&#10;" type="githash"/>
        <Label value="3a9bdaa3-493c-483e-bbb2-f51961b8e5a0" type="uuid"/>
        <Label value="64" type="batch_size"/>
        <Label value="https://hdl.handle.net/10622/X2JZYY" type="loghihtrmodelremote"/>
      </Labels>
    </MetadataItem>
    <MetadataItem type="processingStep" name="word-splitting" value="loghi-htr-tooling"/>
    <MetadataItem type="other" name="dataset" value="https://hdl.handle.net/10622/LVXSBW">
      <Labels>
        <Label value="VOC transcriptions v2 - GLOBALISE" type="name"/>
        <Label value="Dataset in pagexml and txt format, including data card." type="description"/>
        <Label value="https://globalise.huygens.knaw.nl/" type="creator"/>
        <Label value="https://hdl.handle.net/10622/LVXSBW" type="url"/>
      </Labels>
    </MetadataItem>
  </Metadata>
  <Page imageFilename="NL-HaNA_1.04.02_1161_0458.jpg" imageWidth="3580" imageHeight="4883">
    <ReadingOrder>
      <OrderedGroup id="orderedgroup_97b0119a-9f69-461b-be89-9f8ce1af5999">
        <RegionRefIndexed index="0" regionRef="region_baead145-84a6-42c2-a936-abe3cb5c0e19_6"/>
        <RegionRefIndexed index="1" regionRef="region_fe3c205f-1645-4a80-8da2-5fa479400355_7"/>
        <RegionRefIndexed index="2" regionRef="region_dada79c9-9998-4699-ad7f-c9f5a639c013_2"/>
        <RegionRefIndexed index="3" regionRef="region_c0688138-5874-48b7-b4a2-98592416869e_1"/>
        <RegionRefIndexed index="4" regionRef="region_ed4ad70a-d04b-49f2-a3e1-ba56764ac0c7_3"/>
        <RegionRefIndexed index="5" regionRef="region_e5467578-0c76-4247-bd4c-7c77deaa9341_4"/>
        <RegionRefIndexed index="6" regionRef="region_bbb6c737-5ff1-4b1e-8f2c-65a8f77721d5_5"/>
        <RegionRefIndexed index="7" regionRef="region_2b9c8536-3cc9-4283-ade6-fe58916ecec4"/>
        <RegionRefIndexed index="8" regionRef="c7ac4f32-eecf-4984-8cf1-5e10503d586b"/>
      </OrderedGroup>
    </ReadingOrder>
    <TextRegion id="region_baead145-84a6-42c2-a936-abe3cb5c0e19_6" custom="structure {type:page-number;}">
      <Coords points="3087,329 3087,336 3091,339 3094,339 3098,343 3101,343 3105,346 3119,346 3122,343 3143,343 3146,339 3160,339 3164,336 3185,336 3181,332 3174,332 3171,329 3167,329 3164,325 3160,325 3157,322 3146,322 3143,318 3132,318 3129,322 3112,322 3108,325 3098,325 3094,329"/>
    </TextRegion>
    <TextRegion id="region_fe3c205f-1645-4a80-8da2-5fa479400355_7" custom="structure {type:marginalia;}">
      <Coords points="1241,1405 1248,1412 1255,1412 1262,1405 1273,1405 1276,1409 1287,1409 1290,1412 1297,1412 1301,1409 1322,1409 1325,1405 1329,1405 1332,1402 1342,1402 1346,1398 1349,1398 1349,1395 1356,1388 1353,1384 1353,1377 1346,1370 1342,1374 1329,1374 1325,1370 1290,1370 1287,1374 1280,1374 1276,1377 1273,1377 1266,1384 1262,1384 1259,1381 1248,1381 1248,1384 1245,1388 1245,1395 1241,1398"/>
    </TextRegion>
    <TextRegion id="region_dada79c9-9998-4699-ad7f-c9f5a639c013_2" custom="structure {type:paragraph;}">
      <Coords points="1486,1108 1465,1143 1454,1223 1472,1251 1500,1258 1776,1241 3181,1262 3272,1272 3332,1321 3314,1339 3265,1353 3199,1346 2035,1360 1727,1353 1587,1367 1514,1360 1454,1370 1433,1388 1430,1416 1461,1472 1479,1653 1472,1860 1496,2104 1486,2160 1496,2213 1482,2275 1507,2464 1496,2580 1503,2733 1489,3114 1503,3261 1489,3300 1486,3572 1507,3586 2063,3572 2423,3572 2877,3590 3304,3593 3325,3586 3346,3548 3367,3111 3370,2702 3360,2541 3363,2380 3353,2282 3360,2258 3360,1769 3384,1489 3377,1451 3384,1388 3349,1328 3384,1227 3374,1174 3377,1132 3342,1087 3304,1077 3115,1080 3084,1073 2961,1084 2238,1084 2003,1073 1888,1084 1685,1080 1528,1094"/>
      <TextLine id="f3c7d6c7-4d3f-4f29-b8f2-6c969eedaeaa">
        <Coords points="1432,1027 2541,1039 2565,1026 2600,1026 2713,1030 2725,1042 3113,1042 3129,1058 3297,1062 3333,1098 3394,1096 3394,1154 3385,1144 3285,1152 2661,1152 2649,1163 2362,1171 2348,1162 2122,1158 2110,1147 2071,1144 1882,1144 1838,1163 1822,1162 1798,1147 1690,1156 1651,1144 1432,1148"/>
        <Baseline points="1460,1139 1510,1139 1560,1138 1610,1138 1660,1136 1710,1136 1760,1135 1810,1136 1860,1135 1910,1134 1960,1135 2010,1134 2060,1134 2110,1134 2160,1135 2210,1135 2260,1136 2310,1137 2360,1138 2410,1139 2460,1139 2510,1140 2560,1141 2610,1142 2660,1142 2710,1143 2760,1143 2810,1143 2860,1143 2910,1144 2960,1144 3010,1144 3060,1143 3110,1143 3160,1143 3210,1142 3260,1142 3310,1141 3360,1140 3367,1140"/>
        <Word id="word_49f9d29e-d64c-4cb1-8ad7-0be532c74dce">
          <Coords points="1460,1104 1510,1104 1559,1103 1610,1103 1624,1102 1626,1147 1610,1148 1560,1148 1510,1149 1460,1149"/>
          <TextEquiv>
            <Unicode>werdt,</Unicode>
          </TextEquiv>
        </Word>
        <Word id="word_c82e16e3-af7d-4d95-9a01-d1968e0471ac">
          <Coords points="1652,1101 1659,1101 1709,1101 1709,1146 1660,1146 1654,1146"/>
          <TextEquiv>
            <Unicode>d'</Unicode>
          </TextEquiv>
        </Word>
        <Word id="word_e88b4be2-5d71-4944-94a3-06cdb2c2cb1a">
          <Coords points="1735,1101 1759,1100 1765,1100 1764,1145 1760,1145 1737,1146"/>
          <TextEquiv>
            <Unicode>2</Unicode>
          </TextEquiv>
        </Word>
        <Word id="word_c8fdb31e-3513-45f1-b4bb-96cecb29fd1c">
          <Coords points="1792,1101 1811,1101 1859,1100 1909,1099 1958,1100 1957,1145 1910,1144 1860,1145 1810,1146 1791,1146"/>
          <TextEquiv>
            <Unicode>packen</Unicode>
          </TextEquiv>
        </Word>
        <Word id="word_30bd488f-2e45-45ba-a478-5f847d7d9944">
          <Coords points="1983,1101 2008,1099 2060,1099 2068,1099 2068,1144 2060,1144 2011,1144 1986,1145"/>
          <TextEquiv>
            <Unicode>die</Unicode>
          </TextEquiv>
        </Word>
        <Word id="word_d92534e4-2ca5-4224-a3d5-3ec6377f23ef">
          <Coords points="2096,1099 2110,1099 2152,1100 2151,1145 2110,1144 2096,1144"/>
          <TextEquiv>
            <Unicode>nu</Unicode>
          </TextEquiv>
        </Word>
        <Word id="word_5e5c7256-5a47-4058-9159-96e535e26968">
          <Coords points="2178,1100 2210,1100 2261,1101 2290,1102 2289,1147 2260,1146 2210,1145 2179,1145"/>
          <TextEquiv>
            <Unicode>mede</Unicode>
          </TextEquiv>
        </Word>
        <Word id="word_3e0ce85b-fbda-48fd-aec0-12cec0205616">
          <Coords points="2317,1102 2361,1103 2411,1104 2427,1104 2427,1149 2410,1149 2360,1148 2316,1147"/>
          <TextEquiv>
            <Unicode>gaen</Unicode>
          </TextEquiv>
        </Word>
        <Word id="word_cbe16334-47ca-4ea7-bce2-b2f6e2c2d5c9">
          <Coords points="2455,1104 2460,1104 2511,1105 2561,1106 2566,1106 2565,1151 2560,1151 2510,1150 2460,1149 2455,1149"/>
          <TextEquiv>
            <Unicode>sijn</Unicode>
          </TextEquiv>
        </Word>
        <Word id="word_0d967df9-c688-4bd6-8d0a-a8b59caeff11">
          <Coords points="2594,1107 2611,1107 2660,1107 2704,1108 2703,1153 2660,1152 2610,1152 2593,1152"/>
          <TextEquiv>
            <Unicode>voor</Unicode>
          </TextEquiv>
        </Word>
        <Word id="word_31e8db5a-4f3b-4812-9609-244df42db92f">
          <Coords points="2731,1108 2759,1108 2810,1108 2860,1108 2870,1108 2869,1153 2860,1153 2810,1153 2760,1153 2731,1153"/>
          <TextEquiv>
            <Unicode>desen</Unicode>
          </TextEquiv>
        </Word>
        <Word id="word_f05e0292-e484-463c-997e-066dfb66d4e3">
          <Coords points="2898,1109 2911,1109 2960,1109 2980,1109 2980,1154 2960,1154 2910,1154 2897,1154"/>
          <TextEquiv>
            <Unicode>aen</Unicode>
          </TextEquiv>
        </Word>
        <Word id="word_d2b837d2-44ba-441a-aeda-172ccb1dc370">
          <Coords points="3008,1109 3010,1109 3059,1108 3110,1108 3160,1108 3209,1107 3229,1107 3229,1152 3210,1152 3160,1153 3110,1153 3060,1153 3010,1154 3008,1154"/>
          <TextEquiv>
            <Unicode>besteedt</Unicode>
          </TextEquiv>
        </Word>
        <Word id="word_043c9500-0035-4207-832a-94ce0f2d3b31">
          <Coords points="3256,1107 3260,1107 3309,1106 3359,1105 3367,1105 3367,1150 3360,1150 3310,1151 3260,1152 3256,1152"/>
          <TextEquiv>
            <Unicode>ende</Unicode>
          </TextEquiv>
        </Word>
        <TextEquiv conf="0.9248097440241448">
          <Unicode>werdt, d' 2 packen die nu mede gaen sijn voor desen aen besteedt ende</Unicode>
        </TextEquiv>
        <TextStyle xHeight="40"/>
      </TextLine>
      <TextLine id="line_5d544a73-fa6e-4097-9693-224fde742885">
        <Coords points="1425,1148 1648,1144 1691,1156 1799,1147 1819,1159 1839,1160 1879,1144 2071,1144 2110,1147 2134,1171 2194,1172 2206,1164 2342,1163 2362,1172 2390,1172 2478,1168 2502,1160 2650,1160 2658,1152 2898,1155 2918,1172 2961,1172 2969,1164 3145,1159 3385,1159 3422,1192 3422,1251 3405,1253 3390,1268 3377,1258 3365,1265 3305,1265 3277,1256 3213,1256 3205,1248 2941,1244 2886,1265 2438,1269 2428,1276 1907,1280 1663,1276 1603,1268 1575,1292 1548,1303 1523,1297 1498,1310 1491,1303 1425,1304"/>
        <Baseline points="1453,1223 1503,1224 1553,1223 1603,1222 1653,1221 1703,1220 1753,1220 1803,1221 1853,1221 1903,1222 1953,1223 2003,1223 2053,1224 2103,1225 2153,1226 2203,1226 2253,1226 2303,1227 2353,1228 2403,1229 2453,1228 2503,1229 2553,1229 2603,1229 2653,1230 2703,1230 2753,1231 2803,1231 2853,1232 2903,1233 2953,1232 3003,1233 3053,1234 3103,1234 3153,1235 3203,1234 3253,1234 3303,1235 3353,1235 3395,1237"/>
        <Word id="word_707e2937-8299-4f17-877e-30d6642f6da4">
          <Coords points="1454,1188 1504,1189 1552,1188 1602,1187 1652,1186 1702,1185 1753,1185 1802,1186 1801,1231 1753,1230 1703,1230 1653,1231 1603,1232 1553,1233 1503,1234 1453,1233"/>
          <TextEquiv>
            <Unicode>genootsaeckt</Unicode>
          </TextEquiv>
        </Word>
        <Word id="word_8d7c7e7e-7b29-47cd-b74d-d1313b2c9f78">
          <Coords points="1829,1187 1852,1186 1904,1187 1954,1188 2003,1188 2054,1189 2062,1189 2061,1234 2053,1234 2003,1233 1953,1233 1903,1232 1853,1231 1830,1232"/>
          <TextEquiv>
            <Unicode>geweest,</Unicode>
          </TextEquiv>
        </Word>
        <Word id="word_be4c7a30-35ae-471a-8279-9702a9850126">
          <Coords points="2091,1190 2104,1190 2154,1191 2203,1191 2207,1191 2207,1236 2203,1236 2153,1236 2103,1235 2090,1235"/>
          <TextEquiv>
            <Unicode>omme</Unicode>
          </TextEquiv>
        </Word>
        <Word id="word_0f2c9b12-6c2a-44f4-8976-84d01d8ba3b2">
          <Coords points="2236,1191 2253,1191 2304,1192 2352,1193 2351,1238 2303,1237 2253,1236 2236,1236"/>
          <TextEquiv>
            <Unicode>jder</Unicode>
          </TextEquiv>
        </Word>
        <Word id="word_da00685a-9f9a-4fc7-a0e5-ba746a0315c6">
          <Coords points="2381,1194 2404,1194 2452,1193 2504,1194 2553,1194 2603,1194 2654,1195 2703,1195 2729,1196 2728,1241 2703,1240 2653,1240 2603,1239 2553,1239 2503,1239 2453,1238 2403,1239 2380,1239"/>
          <TextEquiv>
            <Unicode>contentement</Unicode>
          </TextEquiv>
        </Word>
        <Word id="word_8081366f-7c41-468f-843c-b17f28981ff9">
          <Coords points="2757,1196 2803,1196 2816,1196 2815,1241 2803,1241 2757,1241"/>
          <TextEquiv>
            <Unicode>te</Unicode>
          </TextEquiv>
        </Word>
        <Word id="word_4ee7372b-86e7-4650-ba4b-d917a5765dce">
          <Coords points="2845,1197 2854,1197 2904,1198 2952,1197 3004,1198 3019,1198 3018,1243 3003,1243 2953,1242 2903,1243 2853,1242 2844,1242"/>
          <TextEquiv>
            <Unicode>geven,</Unicode>
          </TextEquiv>
        </Word>
        <Word id="word_481f2a43-d863-4498-a013-208d84235b50">
          <Coords points="3048,1199 3054,1199 3103,1199 3135,1200 3134,1245 3103,1244 3053,1244 3047,1244"/>
          <TextEquiv>
            <Unicode>aen</Unicode>
          </TextEquiv>
        </Word>
        <Word id="word_f3f21769-5633-453e-9e2c-a4d6fa82554b">
          <Coords points="3162,1200 3202,1199 3221,1199 3221,1244 3203,1244 3163,1245"/>
          <TextEquiv>
            <Unicode>te</Unicode>
          </TextEquiv>
        </Word>
        <Word id="word_2a287f93-a9f4-442b-a09d-3fa951b958e1">
          <Coords points="3250,1199 3253,1199 3304,1200 3353,1200 3397,1202 3395,1247 3353,1245 3303,1245 3253,1244 3250,1244"/>
          <TextEquiv>
            <Unicode>nemen</Unicode>
          </TextEquiv>
        </Word>
        <TextEquiv conf="0.9524958211827597">
          <Unicode>genootsaeckt geweest, omme jder contentement te geven, aen te nemen</Unicode>
        </TextEquiv>
        <TextStyle xHeight="42"/>
      </TextLine>
      <TextLine id="line_305a123a-156c-429a-8ae0-0ff03fa4c466">
        <Coords points="1413,1392 1459,1397 1547,1322 1587,1318 1978,1322 2395,1309 2942,1309 3094,1313 3142,1337 3190,1342 3373,1337 3398,1361 3419,1361 3419,1418 3383,1445 3258,1441 3246,1429 3178,1429 3171,1422 3122,1418 2754,1419 2698,1434 2678,1450 2614,1450 2606,1458 2586,1449 2542,1449 2534,1441 2418,1446 2407,1437 2383,1437 2363,1446 2347,1433 2243,1434 2223,1446 2183,1446 2159,1425 2060,1426 2051,1417 2007,1446 1971,1418 1675,1419 1651,1442 1614,1419 1547,1419 1531,1434 1443,1434 1435,1442 1413,1442"/>
        <Baseline points="1441,1415 1491,1408 1541,1407 1591,1406 1641,1405 1691,1404 1741,1404 1791,1402 1841,1401 1891,1401 1941,1402 1991,1403 2041,1402 2091,1403 2141,1404 2191,1404 2241,1405 2291,1406 2341,1406 2391,1406 2441,1406 2491,1406 2541,1404 2591,1403 2641,1402 2691,1402 2741,1403 2791,1403 2841,1403 2891,1403 2941,1404 2991,1403 3041,1402 3091,1402 3141,1402 3191,1402 3241,1402 3291,1402 3341,1402 3391,1404 3392,1404"/>
        <Word id="word_6bc8b9d8-010f-4eee-b1ec-f25e61342e63">
          <Coords points="1436,1380 1486,1373 1540,1372 1590,1371 1640,1370 1653,1370 1654,1415 1641,1415 1591,1416 1541,1417 1492,1418 1442,1425"/>
          <TextEquiv>
            <Unicode>Nhoewel</Unicode>
          </TextEquiv>
        </Word>
        <Word id="word_a8a65d3c-797f-4cbf-bcb7-d5de4d56202c">
          <Coords points="1684,1369 1690,1369 1741,1369 1790,1367 1840,1366 1891,1366 1942,1367 1992,1368 2019,1367 2020,1412 1991,1413 1941,1412 1891,1411 1841,1411 1791,1412 1741,1414 1691,1414 1685,1414"/>
          <TextEquiv>
            <Unicode>d'overlangh</Unicode>
          </TextEquiv>
        </Word>
        <Word id="word_c5029c25-005e-4541-a5b6-e6d17a05232f">
          <Coords points="2051,1367 2092,1368 2142,1369 2191,1369 2242,1370 2292,1371 2341,1371 2386,1371 2386,1416 2341,1416 2291,1416 2241,1415 2191,1414 2141,1414 2091,1413 2050,1412"/>
          <TextEquiv>
            <Unicode>voorgenomen</Unicode>
          </TextEquiv>
        </Word>
        <Word id="word_5df9fb9f-349a-4b00-af79-0c7c010530fa">
          <Coords points="2416,1371 2441,1371 2491,1371 2540,1369 2590,1368 2640,1367 2691,1367 2722,1368 2721,1413 2691,1412 2641,1412 2591,1413 2541,1414 2491,1416 2441,1416 2416,1416"/>
          <TextEquiv>
            <Unicode>besendinge</Unicode>
          </TextEquiv>
        </Word>
        <Word id="word_19b4e811-9d95-4e6a-a557-612cff409bb0">
          <Coords points="2751,1368 2791,1368 2841,1368 2874,1368 2874,1413 2841,1413 2791,1413 2752,1413"/>
          <TextEquiv>
            <Unicode>naer</Unicode>
          </TextEquiv>
        </Word>
        <Word id="word_59970f13-46ea-47e5-ab50-1fb9660d4457">
          <Coords points="2905,1368 2942,1369 2964,1369 2965,1414 2941,1414 2904,1413"/>
          <TextEquiv>
            <Unicode>d'</Unicode>
          </TextEquiv>
        </Word>
        <Word id="word_d7d6e6f2-1ed9-42a7-bdce-d919ca680ac2">
          <Coords points="2995,1368 3040,1367 3091,1367 3141,1367 3191,1367 3240,1367 3240,1412 3191,1412 3141,1412 3091,1412 3041,1412 2996,1413"/>
          <TextEquiv>
            <Unicode>Maedives</Unicode>
          </TextEquiv>
        </Word>
        <Word id="word_1a7836b7-4979-417c-bd2c-f98f81dfe1f8">
          <Coords points="3270,1367 3291,1367 3341,1367 3392,1369 3392,1369 3392,1414 3391,1414 3341,1412 3291,1412 3270,1412"/>
          <TextEquiv>
            <Unicode>vast</Unicode>
          </TextEquiv>
        </Word>
        <TextEquiv conf="0.915847184237956">
          <Unicode>Nhoewel d'overlangh voorgenomen besendinge naer d' Maedives vast</Unicode>
        </TextEquiv>
        <TextStyle xHeight="43"/>
      </TextLine>
      <TextLine id="line_5dbf39f1-0819-4416-aaff-fad3f2df99fe">
        <Coords points="1432,1440 1534,1432 1550,1416 1647,1412 1973,1419 2005,1448 2050,1416 2064,1428 2149,1423 2181,1448 2225,1448 2233,1440 2293,1431 2345,1431 2361,1444 2608,1443 2624,1456 2676,1452 2692,1436 2748,1424 2756,1416 2940,1415 3375,1429 3382,1436 3390,1429 3412,1451 3412,1510 3403,1510 3376,1536 3367,1530 3295,1530 3263,1520 3139,1520 3114,1541 3076,1541 3041,1513 3015,1525 2995,1509 2965,1506 2844,1506 2832,1517 2720,1517 2712,1525 2588,1525 2568,1512 2496,1516 2483,1505 2452,1501 2432,1502 2394,1529 2297,1524 2274,1536 2253,1520 2133,1521 2125,1529 2085,1528 2062,1536 2045,1528 1921,1532 1901,1512 1825,1508 1506,1509 1486,1525 1432,1525"/>
        <Baseline points="1460,1490 1510,1490 1560,1488 1610,1488 1660,1487 1710,1486 1760,1484 1810,1485 1860,1486 1910,1486 1960,1486 2010,1486 2060,1487 2110,1488 2160,1488 2210,1488 2260,1488 2310,1489 2360,1490 2410,1489 2460,1490 2510,1490 2560,1491 2610,1492 2660,1493 2710,1494 2760,1494 2810,1495 2860,1497 2910,1497 2960,1497 3010,1496 3060,1497 3110,1498 3160,1497 3210,1496 3260,1496 3310,1495 3360,1495 3385,1496"/>
        <Word id="word_0fc319e1-a534-46e0-9826-febbba395edc">
          <Coords points="1460,1455 1510,1455 1559,1453 1610,1453 1659,1452 1673,1452 1674,1497 1660,1497 1610,1498 1560,1498 1510,1500 1460,1500"/>
          <TextEquiv>
            <Unicode>gestelt</Unicode>
          </TextEquiv>
        </Word>
        <Word id="word_92217fad-c6ec-4e7c-b774-7d81f162a347">
          <Coords points="1704,1451 1709,1451 1759,1449 1811,1450 1827,1450 1826,1495 1810,1495 1760,1494 1710,1496 1705,1496"/>
          <TextEquiv>
            <Unicode>ende</Unicode>
          </TextEquiv>
        </Word>
        <Word id="word_622e414d-7c1f-4d31-a35d-e508d7344668">
          <Coords points="1858,1451 1861,1451 1910,1451 1960,1451 2010,1451 2061,1452 2072,1452 2071,1497 2060,1497 2010,1496 1960,1496 1910,1496 1860,1496 1857,1496"/>
          <TextEquiv>
            <Unicode>daertoe</Unicode>
          </TextEquiv>
        </Word>
        <Word id="word_07b8d335-714d-4f96-a79e-2fdf7c109f21">
          <Coords points="2102,1453 2111,1453 2160,1453 2210,1453 2260,1453 2311,1454 2361,1455 2376,1455 2377,1500 2360,1500 2310,1499 2260,1498 2210,1498 2160,1498 2110,1498 2101,1498"/>
          <TextEquiv>
            <Unicode>t'gecofte</Unicode>
          </TextEquiv>
        </Word>
        <Word id="word_3a991a5a-2806-4046-b1d7-32f549821b1a">
          <Coords points="2407,1454 2409,1454 2461,1455 2510,1455 2561,1456 2561,1456 2560,1501 2560,1501 2510,1500 2460,1500 2410,1499 2407,1499"/>
          <TextEquiv>
            <Unicode>Jacht</Unicode>
          </TextEquiv>
        </Word>
        <Word id="word_4d3a85ee-b9ce-40ba-a5c8-aa7c2caf92b4">
          <Coords points="2591,1457 2611,1457 2661,1458 2683,1458 2682,1503 2660,1503 2610,1502 2590,1502"/>
          <TextEquiv>
            <Unicode>van</Unicode>
          </TextEquiv>
        </Word>
        <Word id="word_496198f4-0052-4af2-9545-627b517186dc">
          <Coords points="2713,1459 2760,1459 2811,1460 2861,1462 2910,1462 2960,1462 3009,1461 3061,1462 3111,1463 3140,1462 3141,1507 3110,1508 3060,1507 3010,1506 2960,1507 2910,1507 2860,1507 2810,1505 2760,1504 2713,1504"/>
          <TextEquiv>
            <Unicode>letchemaneijcq</Unicode>
          </TextEquiv>
        </Word>
        <Word id="word_ab4260c4-c5c9-458a-b68e-399ddcc9392e">
          <Coords points="3170,1462 3209,1461 3260,1461 3262,1461 3263,1506 3260,1506 3210,1506 3171,1507"/>
          <TextEquiv>
            <Unicode>(nu</Unicode>
          </TextEquiv>
        </Word>
        <Word id="word_d1120735-320c-4c61-a96d-5b55d94d3664">
          <Coords points="3293,1460 3309,1460 3360,1460 3386,1461 3385,1506 3360,1505 3310,1505 3294,1505"/>
          <TextEquiv>
            <Unicode>van</Unicode>
          </TextEquiv>
        </Word>
        <TextEquiv conf="0.909351939483639">
          <Unicode>gestelt ende daertoe t'gecofte Jacht van letchemaneijcq (nu van</Unicode>
        </TextEquiv>
        <TextStyle xHeight="37"/>
      </TextLine>
      <TextLine id="line_5fd612ed-1dd0-4f94-a0ca-a2a149d16ef0">
        <Coords points="1443,1525 1485,1525 1513,1508 1825,1508 1901,1512 1921,1532 2044,1528 2060,1537 2084,1528 2128,1529 2148,1517 2224,1516 2253,1520 2272,1536 2306,1536 2401,1528 2428,1505 2553,1505 2588,1525 2712,1525 2720,1517 2832,1517 2844,1505 2968,1505 2994,1508 3015,1526 3040,1513 3075,1541 3114,1541 3139,1520 3263,1520 3279,1536 3355,1544 3379,1564 3404,1541 3404,1600 3375,1627 3307,1622 3283,1599 3179,1600 3136,1592 3111,1592 3091,1608 2876,1608 2856,1627 2476,1607 2368,1607 2348,1623 2320,1627 2300,1611 2148,1608 2125,1588 1821,1588 1784,1612 1753,1611 1725,1595 1701,1604 1641,1604 1629,1595 1443,1595"/>
        <Baseline points="1471,1583 1521,1579 1571,1578 1621,1576 1671,1576 1721,1575 1771,1573 1821,1573 1871,1572 1921,1572 1971,1572 2021,1571 2071,1570 2121,1570 2171,1571 2221,1571 2271,1572 2321,1574 2371,1575 2421,1576 2471,1576 2521,1576 2571,1577 2621,1577 2671,1578 2721,1578 2771,1579 2821,1580 2871,1581 2921,1582 2971,1582 3021,1583 3071,1584 3121,1585 3171,1585 3221,1584 3271,1583 3321,1582 3371,1583 3377,1585"/>
        <Word id="word_f3b51b19-2b21-463d-a38a-d715ee8decd0">
          <Coords points="1468,1548 1518,1544 1570,1543 1600,1542 1602,1587 1571,1588 1522,1589 1472,1593"/>
          <TextEquiv>
            <Unicode>alles</Unicode>
          </TextEquiv>
        </Word>
        <Word id="word_5b9e1b53-8763-4e27-afd3-a08cefdf9b15">
          <Coords points="1628,1541 1671,1541 1720,1540 1770,1538 1821,1538 1870,1537 1915,1537 1915,1582 1871,1582 1821,1583 1771,1583 1721,1585 1671,1586 1627,1586"/>
          <TextEquiv>
            <Unicode>behoorlijck</Unicode>
          </TextEquiv>
        </Word>
        <Word id="word_e4f4cecf-04b4-4fbf-99ef-9d5168ca7874">
          <Coords points="1941,1537 1971,1537 2020,1536 2070,1535 2121,1535 2151,1536 2150,1581 2121,1580 2071,1580 2021,1581 1971,1582 1941,1582"/>
          <TextEquiv>
            <Unicode>versien,</Unicode>
          </TextEquiv>
        </Word>
        <Word id="word_e3dc7cf3-30d6-46fd-9b5f-4a03bd69c300">
          <Coords points="2176,1536 2221,1536 2272,1537 2322,1539 2372,1540 2422,1541 2471,1541 2515,1541 2515,1586 2471,1586 2421,1586 2371,1585 2321,1584 2271,1582 2221,1581 2176,1581"/>
          <TextEquiv>
            <Unicode>geprojecteert</Unicode>
          </TextEquiv>
        </Word>
        <Word id="word_f8476d96-fa60-46a7-b521-80fd5bf5b0b6">
          <Coords points="2543,1541 2572,1542 2621,1542 2672,1543 2721,1543 2725,1543 2724,1588 2721,1588 2671,1588 2621,1587 2571,1587 2541,1586"/>
          <TextEquiv>
            <Unicode>hadden,</Unicode>
          </TextEquiv>
        </Word>
        <Word id="word_3fec6f7a-1018-47da-bb7c-90f2fa4c2666">
          <Coords points="2751,1544 2772,1544 2822,1545 2830,1545 2829,1590 2821,1590 2771,1589 2750,1589"/>
          <TextEquiv>
            <Unicode>soo</Unicode>
          </TextEquiv>
        </Word>
        <Word id="word_95c58818-0f26-4672-afab-b1128e038352">
          <Coords points="2856,1546 2872,1546 2922,1547 2971,1547 2986,1547 2985,1592 2971,1592 2921,1592 2871,1591 2855,1591"/>
          <TextEquiv>
            <Unicode>heeft</Unicode>
          </TextEquiv>
        </Word>
        <Word id="word_8d91a573-6dea-4fc5-802c-ee2970b72ede">
          <Coords points="3012,1548 3022,1548 3072,1549 3122,1550 3168,1550 3168,1595 3121,1595 3071,1594 3021,1593 3011,1593"/>
          <TextEquiv>
            <Unicode>echter</Unicode>
          </TextEquiv>
        </Word>
        <Word id="word_e043500a-c56b-438f-80a0-a6a96150e90e">
          <Coords points="3193,1550 3220,1549 3270,1548 3320,1547 3372,1548 3388,1552 3374,1594 3371,1593 3321,1592 3271,1593 3221,1594 3195,1595"/>
          <TextEquiv>
            <Unicode>d'selve</Unicode>
          </TextEquiv>
        </Word>
        <TextEquiv conf="0.9149863004843609">
          <Unicode>alles behoorlijck versien, geprojecteert hadden, soo heeft echter d'selve</Unicode>
        </TextEquiv>
        <TextStyle xHeight="37"/>
      </TextLine>
      <TextLine id="ad71e71f-35da-4047-af25-7a8148f61f4c">
        <Coords points="1449,1593 1631,1593 1647,1606 1739,1597 1751,1609 1787,1610 1827,1586 2123,1589 2147,1606 2303,1613 2319,1626 2348,1625 2371,1605 2479,1605 2571,1609 2587,1622 2763,1617 2775,1629 2860,1629 2879,1610 3091,1610 3107,1594 3263,1597 3283,1601 3303,1621 3331,1621 3339,1629 3371,1629 3384,1616 3384,1673 3371,1663 3299,1675 3219,1675 3191,1695 3159,1695 3147,1686 2783,1690 2771,1678 2755,1678 2735,1691 2599,1691 2588,1702 2559,1706 2539,1690 2499,1690 2487,1678 2187,1687 2147,1682 2139,1674 1983,1675 1971,1687 1955,1687 1943,1678 1851,1679 1839,1670 1591,1664 1511,1667 1503,1675 1449,1679"/>
        <Baseline points="1477,1659 1527,1660 1577,1658 1627,1656 1677,1655 1727,1654 1777,1652 1827,1652 1877,1652 1927,1652 1977,1652 2027,1650 2077,1650 2127,1650 2177,1651 2227,1652 2277,1652 2327,1654 2377,1654 2427,1656 2477,1656 2527,1657 2577,1658 2627,1658 2677,1659 2727,1661 2777,1663 2827,1664 2877,1664 2927,1665 2977,1666 3027,1667 3077,1667 3127,1667 3177,1666 3227,1666 3277,1665 3327,1664 3357,1659"/>
        <Word id="word_04c82b84-893f-4710-ba59-16336f01f424">
          <Coords points="1478,1624 1528,1625 1576,1623 1626,1621 1676,1620 1726,1619 1776,1617 1790,1617 1790,1662 1777,1662 1727,1664 1677,1665 1627,1666 1577,1668 1527,1670 1477,1669"/>
          <TextEquiv>
            <Unicode>alweder(wel</Unicode>
          </TextEquiv>
        </Word>
        <Word id="word_38a887f3-3a1e-4bc1-9483-e68e7c805a57">
          <Coords points="1819,1617 1827,1617 1877,1617 1904,1617 1904,1662 1877,1662 1827,1662 1819,1662"/>
          <TextEquiv>
            <Unicode>tot</Unicode>
          </TextEquiv>
        </Word>
        <Word id="word_692c2a5d-cde5-4334-8177-6ae50f8be46a">
          <Coords points="1933,1617 1977,1617 2017,1615 2019,1660 1977,1662 1933,1662"/>
          <TextEquiv>
            <Unicode>ons</Unicode>
          </TextEquiv>
        </Word>
        <Word id="word_5433d670-bbc4-499e-8d4c-9e973b06164d">
          <Coords points="2048,1614 2078,1615 2127,1615 2178,1616 2228,1617 2277,1617 2328,1619 2332,1619 2332,1664 2327,1664 2277,1662 2227,1662 2177,1661 2127,1660 2077,1660 2046,1659"/>
          <TextEquiv>
            <Unicode>leetwesen)</Unicode>
          </TextEquiv>
        </Word>
        <Word id="word_b747c026-e04b-467c-8c59-25f6c19055a1">
          <Coords points="2360,1619 2377,1619 2428,1621 2474,1621 2474,1666 2427,1666 2377,1664 2360,1664"/>
          <TextEquiv>
            <Unicode>geen</Unicode>
          </TextEquiv>
        </Word>
        <Word id="word_600543ba-9202-4605-8d1c-0cba4e011af0">
          <Coords points="2504,1621 2528,1622 2578,1623 2627,1623 2678,1624 2728,1626 2778,1628 2788,1628 2787,1673 2777,1673 2727,1671 2677,1669 2627,1668 2577,1668 2527,1667 2502,1666"/>
          <TextEquiv>
            <Unicode>voortgangh</Unicode>
          </TextEquiv>
        </Word>
        <Word id="word_9ed2200a-33a9-4dba-a456-69a6912301f4">
          <Coords points="2817,1629 2828,1629 2877,1629 2928,1630 2978,1631 2988,1631 2987,1676 2977,1676 2927,1675 2877,1674 2827,1674 2816,1674"/>
          <TextEquiv>
            <Unicode>cunnen</Unicode>
          </TextEquiv>
        </Word>
        <Word id="word_941ca21a-5454-4914-855c-7bbd041a787f">
          <Coords points="3016,1632 3028,1632 3077,1632 3127,1632 3176,1631 3186,1631 3186,1676 3177,1676 3127,1677 3077,1677 3027,1677 3015,1677"/>
          <TextEquiv>
            <Unicode>nemen,</Unicode>
          </TextEquiv>
        </Word>
        <Word id="word_5e794265-ecfb-4e45-8cd7-5b39b882baa6">
          <Coords points="3215,1631 3227,1631 3276,1630 3326,1629 3351,1624 3359,1669 3327,1674 3277,1675 3227,1676 3215,1676"/>
          <TextEquiv>
            <Unicode>synde</Unicode>
          </TextEquiv>
        </Word>
        <TextEquiv conf="0.9324818292760296">
          <Unicode>alweder(wel tot ons leetwesen) geen voortgangh cunnen nemen, synde</Unicode>
        </TextEquiv>
        <TextStyle xHeight="32"/>
      </TextLine>
      <TextLine id="line_5b29c4fe-6b9b-46ab-811a-5b8547926213">
        <Coords points="1446,1680 1500,1676 1508,1668 1592,1664 1835,1671 1848,1680 1944,1679 1956,1688 1968,1688 1980,1676 2064,1675 2140,1675 2148,1683 2186,1688 2324,1688 2340,1676 2380,1675 2536,1687 2556,1707 2572,1708 2600,1692 2700,1692 2708,1684 2752,1679 2772,1679 2784,1691 3124,1692 3144,1683 3159,1696 3184,1696 3216,1679 3260,1679 3284,1703 3327,1703 3351,1727 3356,1723 3374,1736 3400,1712 3413,1710 3413,1768 3396,1765 3363,1793 3083,1792 3063,1772 2876,1781 2856,1764 2796,1760 2756,1761 2732,1781 2544,1777 2508,1772 2500,1764 2380,1773 2284,1772 2276,1764 1892,1765 1876,1764 1865,1754 1844,1754 1837,1761 1684,1757 1664,1773 1446,1773"/>
        <Baseline points="1474,1749 1524,1747 1574,1745 1624,1743 1674,1741 1724,1738 1774,1737 1824,1735 1874,1733 1924,1733 1974,1732 2024,1732 2074,1732 2124,1733 2174,1733 2224,1735 2274,1735 2324,1737 2374,1738 2424,1740 2474,1740 2524,1740 2574,1743 2624,1745 2674,1746 2724,1747 2774,1748 2824,1749 2874,1751 2924,1752 2974,1752 3024,1753 3074,1754 3124,1754 3174,1754 3224,1753 3274,1753 3324,1752 3374,1753 3386,1754"/>
        <Word id="word_0f54ca43-44ae-4d95-bb04-2529bcb79960">
          <Coords points="1473,1714 1523,1712 1573,1710 1623,1708 1673,1706 1722,1703 1773,1702 1796,1701 1797,1746 1774,1747 1725,1748 1674,1751 1624,1753 1574,1755 1524,1757 1474,1759"/>
          <TextEquiv>
            <Unicode>veroorsaeckt</Unicode>
          </TextEquiv>
        </Word>
        <Word id="word_31236813-0557-4662-bbd0-3b077fbabb30">
          <Coords points="1823,1700 1823,1700 1873,1698 1924,1698 1931,1698 1932,1743 1924,1743 1874,1743 1824,1745 1824,1745"/>
          <TextEquiv>
            <Unicode>maer</Unicode>
          </TextEquiv>
        </Word>
        <Word id="word_16a338a6-9314-4c99-bba5-7e2ac45aff19">
          <Coords points="1958,1697 1973,1697 2024,1697 2074,1697 2125,1698 2174,1698 2176,1698 2174,1743 2174,1743 2124,1743 2074,1742 2024,1742 1974,1742 1959,1742"/>
          <TextEquiv>
            <Unicode>weijnigh</Unicode>
          </TextEquiv>
        </Word>
        <Word id="word_6e2ce62c-9996-433f-8657-172fe8eb21d8">
          <Coords points="2202,1699 2225,1700 2274,1700 2325,1702 2375,1703 2391,1704 2389,1749 2374,1748 2324,1747 2274,1745 2224,1745 2201,1744"/>
          <TextEquiv>
            <Unicode>reghen,</Unicode>
          </TextEquiv>
        </Word>
        <Word id="word_c90627d6-73ca-428c-b38e-dd29cdacf14f">
          <Coords points="2418,1705 2425,1705 2474,1705 2524,1705 2526,1705 2524,1750 2524,1750 2474,1750 2424,1750 2416,1750"/>
          <TextEquiv>
            <Unicode>ende</Unicode>
          </TextEquiv>
        </Word>
        <Word id="word_afed9eba-861c-44f6-af24-6a364ee43952">
          <Coords points="2553,1707 2576,1708 2625,1710 2659,1711 2659,1756 2624,1755 2573,1753 2550,1752"/>
          <TextEquiv>
            <Unicode>geen</Unicode>
          </TextEquiv>
        </Word>
        <Word id="word_d815b869-551b-4e51-9c06-51f100d4be4e">
          <Coords points="2686,1711 2725,1712 2775,1713 2825,1714 2875,1716 2925,1717 2974,1717 3010,1718 3009,1763 2974,1762 2924,1762 2874,1761 2824,1759 2774,1758 2724,1757 2686,1756"/>
          <TextEquiv>
            <Unicode>affwateringh</Unicode>
          </TextEquiv>
        </Word>
        <Word id="word_a57f427e-0f3c-4dc0-9c14-74259c864f24">
          <Coords points="3037,1718 3075,1719 3124,1719 3144,1719 3144,1764 3124,1764 3074,1764 3036,1763"/>
          <TextEquiv>
            <Unicode>uijt</Unicode>
          </TextEquiv>
        </Word>
        <Word id="word_587ae42b-dcdb-47c7-9bca-ae2a6d5bf72f">
          <Coords points="3171,1719 3174,1719 3223,1718 3224,1718 3224,1763 3224,1763 3174,1764 3171,1764"/>
          <TextEquiv>
            <Unicode>t'</Unicode>
          </TextEquiv>
        </Word>
        <Word id="word_d49c9658-bb5c-490f-9e77-624910a2e77c">
          <Coords points="3251,1718 3274,1718 3323,1717 3375,1718 3389,1719 3385,1764 3374,1763 3324,1762 3274,1763 3251,1763"/>
          <TextEquiv>
            <Unicode>geber</Unicode>
          </TextEquiv>
        </Word>
        <TextEquiv conf="0.9198143884105937">
          <Unicode>veroorsaeckt maer weijnigh reghen, ende geen affwateringh uijt t' geber</Unicode>
        </TextEquiv>
        <TextStyle xHeight="35"/>
      </TextLine>
      <TextLine id="b0002ae5-cdbb-49fb-a37a-ed00e470bd7c">
        <Coords points="1433,1772 1667,1772 1687,1752 1707,1748 1839,1747 1891,1764 2019,1759 2130,1763 2163,1772 2375,1776 2383,1768 2498,1763 2510,1775 2738,1780 2754,1764 2798,1763 2862,1767 2878,1780 3066,1775 3086,1792 3294,1787 3306,1796 3362,1796 3378,1787 3391,1796 3391,1854 3346,1849 3030,1865 2970,1861 2962,1869 2946,1869 2930,1885 2842,1876 2806,1848 2742,1849 2723,1842 2526,1845 2502,1861 2183,1852 2172,1842 2047,1842 2035,1853 1879,1853 1858,1842 1763,1842 1739,1865 1699,1864 1673,1849 1491,1849 1433,1881"/>
        <Baseline points="1461,1838 1511,1835 1561,1834 1611,1831 1661,1829 1711,1827 1761,1825 1811,1823 1861,1822 1911,1821 1961,1821 2011,1820 2061,1820 2111,1821 2161,1821 2211,1821 2261,1822 2311,1823 2361,1823 2411,1823 2461,1824 2511,1825 2561,1827 2611,1828 2661,1829 2711,1830 2761,1831 2811,1832 2861,1833 2911,1834 2961,1836 3011,1838 3061,1839 3111,1840 3161,1840 3211,1841 3261,1842 3311,1842 3361,1840 3364,1840"/>
        <Word id="word_abc5e4ec-9299-493b-97b2-419fa8d4a35b">
          <Coords points="1459,1803 1509,1800 1560,1799 1609,1796 1614,1796 1616,1841 1612,1841 1561,1844 1512,1845 1462,1848"/>
          <TextEquiv>
            <Unicode>hebben</Unicode>
          </TextEquiv>
        </Word>
        <Word id="word_8d143b28-de26-4fed-832a-4da5e2d39a68">
          <Coords points="1639,1795 1660,1794 1710,1792 1760,1790 1810,1788 1820,1788 1821,1833 1811,1833 1761,1835 1711,1837 1661,1839 1641,1840"/>
          <TextEquiv>
            <Unicode>gehadt,</Unicode>
          </TextEquiv>
        </Word>
        <Word id="word_9ef6a1d8-f152-4242-b4a4-40363b8b5d95">
          <Coords points="1846,1787 1860,1787 1910,1786 1949,1786 1949,1831 1911,1831 1861,1832 1847,1832"/>
          <TextEquiv>
            <Unicode>daer</Unicode>
          </TextEquiv>
        </Word>
        <Word id="word_2a227500-a382-405c-87b9-1bebe5e00a0f">
          <Coords points="1974,1786 2010,1785 2061,1785 2079,1785 2078,1830 2061,1830 2011,1830 1975,1831"/>
          <TextEquiv>
            <Unicode>door</Unicode>
          </TextEquiv>
        </Word>
        <Word id="word_a1c3effc-b22c-4873-a6bd-576b2a56b26c">
          <Coords points="2104,1786 2112,1786 2161,1786 2211,1786 2262,1787 2310,1788 2309,1833 2261,1832 2211,1831 2161,1831 2111,1831 2104,1831"/>
          <TextEquiv>
            <Unicode>d'revier</Unicode>
          </TextEquiv>
        </Word>
        <Word id="word_7e02f4e2-5025-4359-86b3-d363d1c86bb2">
          <Coords points="2335,1788 2360,1788 2411,1788 2413,1788 2412,1833 2411,1833 2361,1833 2335,1833"/>
          <TextEquiv>
            <Unicode>soo</Unicode>
          </TextEquiv>
        </Word>
        <Word id="word_eec10666-5699-4377-a0aa-20fcf6930eeb">
          <Coords points="2439,1789 2462,1789 2512,1790 2562,1792 2612,1793 2619,1793 2618,1838 2611,1838 2561,1837 2511,1835 2461,1834 2438,1834"/>
          <TextEquiv>
            <Unicode>ondiep,</Unicode>
          </TextEquiv>
        </Word>
        <Word id="word_a93bff8c-ee9d-44be-b8b9-993e6b4bb8ce">
          <Coords points="2645,1794 2662,1794 2712,1795 2747,1796 2747,1841 2711,1840 2661,1839 2644,1839"/>
          <TextEquiv>
            <Unicode>ende</Unicode>
          </TextEquiv>
        </Word>
        <Word id="word_a6a18cda-2b56-45e9-812a-21b5f8afb551">
          <Coords points="2773,1796 2812,1797 2850,1798 2849,1843 2811,1842 2772,1841"/>
          <TextEquiv>
            <Unicode>vol</Unicode>
          </TextEquiv>
        </Word>
        <Word id="word_8f906c5e-b907-42e5-954a-fdbd7406b48f">
          <Coords points="2876,1798 2912,1799 2962,1801 3012,1803 3062,1804 3107,1805 3107,1850 3061,1849 3011,1848 2961,1846 2911,1844 2875,1843"/>
          <TextEquiv>
            <Unicode>drooghten</Unicode>
          </TextEquiv>
        </Word>
        <Word id="word_bf1ef70b-415c-47a2-9455-cc12215f6331">
          <Coords points="3132,1805 3160,1805 3212,1806 3262,1807 3311,1807 3360,1805 3364,1805 3364,1850 3361,1850 3311,1852 3261,1852 3211,1851 3161,1850 3133,1850"/>
          <TextEquiv>
            <Unicode>gebleven,</Unicode>
          </TextEquiv>
        </Word>
        <TextEquiv conf="0.9501788473622876">
          <Unicode>hebben gehadt, daer door d'revier soo ondiep, ende vol drooghten gebleven,</Unicode>
        </TextEquiv>
        <TextStyle xHeight="35"/>
      </TextLine>
      <TextLine id="line_68ed69f0-300d-4cad-be3c-10b172f2c6ff">
        <Coords points="1440,1878 1490,1850 1673,1849 1694,1861 1738,1862 1762,1838 1853,1838 1862,1830 1993,1833 2045,1842 2173,1841 2185,1853 2329,1853 2385,1862 2501,1862 2529,1845 2662,1838 2677,1846 2721,1841 2729,1849 2817,1849 2845,1877 2877,1882 3004,1861 3016,1861 3032,1874 3364,1873 3373,1879 3373,1938 3280,1935 3260,1955 2928,1957 2921,1950 2813,1950 2797,1939 2689,1944 2677,1934 2629,1934 2622,1927 2517,1939 2410,1931 2401,1937 2301,1937 2285,1931 2224,1973 2205,1973 2137,1946 2013,1942 2005,1934 1989,1934 1968,1947 1944,1927 1714,1927 1706,1935 1666,1935 1655,1927 1566,1927 1440,1935"/>
        <Baseline points="1468,1924 1518,1924 1568,1920 1618,1915 1668,1912 1718,1909 1768,1907 1818,1906 1868,1904 1918,1903 1968,1902 2018,1903 2068,1903 2118,1904 2168,1905 2218,1905 2268,1906 2318,1907 2368,1908 2418,1910 2468,1911 2518,1912 2568,1913 2618,1913 2668,1913 2718,1915 2768,1916 2818,1917 2868,1918 2918,1919 2968,1921 3018,1922 3068,1924 3118,1925 3168,1926 3218,1927 3268,1927 3318,1926 3346,1924"/>
        <Word id="word_797db9df-4c42-4050-be96-0a12a46e9dde">
          <Coords points="1468,1889 1518,1889 1547,1887 1550,1931 1518,1934 1468,1934"/>
          <TextEquiv>
            <Unicode>dat</Unicode>
          </TextEquiv>
        </Word>
        <Word id="word_08bf13ec-48cd-49d7-b372-338e7f6f7ed5">
          <Coords points="1573,1884 1614,1880 1666,1877 1683,1876 1686,1921 1669,1922 1619,1925 1578,1929"/>
          <TextEquiv>
            <Unicode>niet</Unicode>
          </TextEquiv>
        </Word>
        <Word id="word_215ada2e-d537-4072-abdc-a0963feef293">
          <Coords points="1710,1874 1716,1874 1767,1872 1817,1871 1867,1869 1917,1868 1967,1867 2013,1868 2012,1913 1968,1912 1918,1913 1868,1914 1818,1916 1768,1917 1719,1919 1713,1919"/>
          <TextEquiv>
            <Unicode>practicabel</Unicode>
          </TextEquiv>
        </Word>
        <Word id="word_90169530-c0c8-4d0c-8260-71f7a51ff968">
          <Coords points="2039,1868 2067,1868 2119,1869 2149,1870 2148,1915 2118,1914 2068,1913 2039,1913"/>
          <TextEquiv>
            <Unicode>noch</Unicode>
          </TextEquiv>
        </Word>
        <Word id="word_3dc7df65-1d73-4ed2-b483-6810f218055f">
          <Coords points="2175,1870 2218,1870 2269,1871 2319,1872 2369,1873 2419,1875 2421,1875 2420,1920 2418,1920 2368,1918 2318,1917 2268,1916 2218,1915 2175,1915"/>
          <TextEquiv>
            <Unicode>doenlijck</Unicode>
          </TextEquiv>
        </Word>
        <Word id="word_ec8e5f7c-f016-41e4-924a-bec025314b51">
          <Coords points="2448,1876 2469,1876 2519,1877 2569,1878 2618,1878 2638,1878 2638,1923 2618,1923 2568,1923 2518,1922 2468,1921 2447,1921"/>
          <TextEquiv>
            <Unicode>geweest</Unicode>
          </TextEquiv>
        </Word>
        <Word id="word_b526d8f9-9779-4f16-abd4-92760fff7637">
          <Coords points="2665,1878 2668,1878 2719,1880 2748,1881 2747,1926 2718,1925 2668,1923 2665,1923"/>
          <TextEquiv>
            <Unicode>js,</Unicode>
          </TextEquiv>
        </Word>
        <Word id="word_2421eb51-dd94-4cd0-9c6f-8ef67ad46fb6">
          <Coords points="2775,1881 2819,1882 2829,1882 2829,1927 2818,1927 2774,1926"/>
          <TextEquiv>
            <Unicode>t'</Unicode>
          </TextEquiv>
        </Word>
        <Word id="word_196a8c40-8b5f-4c08-a5e2-883a93bc7b50">
          <Coords points="2857,1883 2869,1883 2919,1884 2969,1886 3019,1887 3069,1889 3074,1889 3074,1934 3068,1934 3018,1932 2968,1931 2918,1929 2868,1928 2856,1928"/>
          <TextEquiv>
            <Unicode>genoemde</Unicode>
          </TextEquiv>
        </Word>
        <Word id="word_e413d180-49c2-4da7-acb7-13bb0d525b6b">
          <Coords points="3102,1890 3119,1890 3169,1891 3219,1892 3237,1892 3237,1937 3218,1937 3168,1936 3118,1935 3101,1935"/>
          <TextEquiv>
            <Unicode>Jacht</Unicode>
          </TextEquiv>
        </Word>
        <Word id="word_b1b1c8c7-68c7-4a91-924d-e42ce069770c">
          <Coords points="3264,1892 3268,1892 3317,1891 3343,1889 3347,1934 3318,1936 3268,1937 3264,1937"/>
          <TextEquiv>
            <Unicode>In—</Unicode>
          </TextEquiv>
        </Word>
        <TextEquiv conf="0.9138188690081315">
          <Unicode>dat niet practicabel noch doenlijck geweest js, t' genoemde Jacht In—</Unicode>
        </TextEquiv>
        <TextStyle xHeight="37"/>
      </TextLine>
      <TextLine id="line_2ca7087c-61be-40e6-97a4-d5e9502b2f93">
        <Coords points="1430,1935 1612,1923 1653,1923 1668,1935 1708,1935 1724,1922 1976,1922 1988,1934 2148,1935 2188,1931 2204,1915 2227,1915 2256,1938 2296,1934 2316,1951 2380,1951 2424,1935 2572,1935 2584,1923 2613,1923 2628,1934 2676,1934 2692,1948 2792,1948 2804,1942 2820,1958 2868,1958 2880,1967 2908,1967 2940,1955 3260,1955 3280,1935 3340,1934 3372,1934 3409,1964 3409,2022 3372,2051 3232,2047 3204,2027 3132,2027 3116,2040 2868,2040 2792,2039 2776,2023 2556,2023 2544,2032 2524,2032 2348,2027 2336,2015 1812,2015 1796,2020 1776,2040 1672,2040 1652,2054 1624,2050 1613,2039 1580,2039 1560,2051 1529,2027 1430,2027"/>
        <Baseline points="1458,2009 1508,2008 1558,2005 1608,2001 1658,1998 1708,1996 1758,1993 1808,1991 1858,1990 1908,1989 1958,1988 2008,1987 2058,1987 2108,1987 2158,1989 2208,1991 2258,1992 2308,1992 2358,1992 2408,1993 2458,1994 2508,1995 2558,1996 2608,1997 2658,1998 2708,2000 2758,2002 2808,2004 2858,2006 2908,2007 2958,2009 3008,2009 3058,2010 3108,2011 3158,2012 3208,2012 3258,2011 3308,2010 3358,2011 3382,2008"/>
        <Word id="word_c0b7976a-649d-4046-b1b5-2ce672bc88eb">
          <Coords points="1457,1974 1507,1973 1541,1971 1543,2016 1508,2018 1458,2019"/>
          <TextEquiv>
            <Unicode>zee</Unicode>
          </TextEquiv>
        </Word>
        <Word id="word_93139fad-bd68-4d62-ab7b-1be29c892af8">
          <Coords points="1568,1969 1605,1966 1625,1965 1628,2010 1609,2011 1572,2014"/>
          <TextEquiv>
            <Unicode>te</Unicode>
          </TextEquiv>
        </Word>
        <Word id="word_b88f9bfd-d727-439b-9e8b-197c0ba19a45">
          <Coords points="1654,1963 1656,1963 1707,1961 1756,1958 1807,1956 1857,1955 1881,1955 1882,2000 1858,2000 1808,2001 1759,2003 1708,2006 1659,2008 1656,2008"/>
          <TextEquiv>
            <Unicode>brengen,</Unicode>
          </TextEquiv>
        </Word>
        <Word id="word_89f1d147-3680-4453-81d1-8a209ca180d7">
          <Coords points="1910,1954 1957,1953 2007,1952 2052,1952 2052,1997 2008,1997 1958,1998 1911,1999"/>
          <TextEquiv>
            <Unicode>sulcx</Unicode>
          </TextEquiv>
        </Word>
        <Word id="word_688f9b84-749a-4615-8bb9-7f627ec63ab6">
          <Coords points="2080,1952 2108,1952 2138,1953 2136,1998 2108,1997 2080,1997"/>
          <TextEquiv>
            <Unicode>v:</Unicode>
          </TextEquiv>
        </Word>
        <Word id="word_0350f140-f0b2-4775-8c27-79eb5a902691">
          <Coords points="2167,1954 2209,1956 2259,1957 2278,1957 2278,2002 2258,2002 2208,2001 2165,1999"/>
          <TextEquiv>
            <Unicode>E:d:</Unicode>
          </TextEquiv>
        </Word>
        <Word id="word_5d9ec5d0-a5cc-4d4b-ae5d-ad3513fc2f8b">
          <Coords points="2307,1957 2308,1957 2358,1957 2409,1958 2449,1959 2448,2004 2408,2003 2358,2002 2308,2002 2307,2002"/>
          <TextEquiv>
            <Unicode>nader</Unicode>
          </TextEquiv>
        </Word>
        <Word id="word_5452517b-54ea-4833-9322-8f66633aac1f">
          <Coords points="2477,1959 2509,1960 2559,1961 2590,1962 2590,2007 2558,2006 2508,2005 2476,2004"/>
          <TextEquiv>
            <Unicode>uijt</Unicode>
          </TextEquiv>
        </Word>
        <Word id="word_28d171f9-18a7-4ec9-aa3a-91b3def0bd0e">
          <Coords points="2619,1962 2659,1963 2709,1965 2759,1967 2809,1969 2859,1971 2909,1972 2959,1974 2957,2019 2908,2017 2858,2016 2808,2014 2758,2012 2708,2010 2658,2008 2618,2007"/>
          <TextEquiv>
            <Unicode>t'mondelingh</Unicode>
          </TextEquiv>
        </Word>
        <Word id="word_ed4445ec-47f1-48c4-b6b9-231d76063201">
          <Coords points="2984,1975 3006,1974 3059,1975 3109,1976 3159,1977 3208,1977 3212,1977 3212,2022 3208,2022 3158,2022 3108,2021 3058,2020 3009,2019 2986,2020"/>
          <TextEquiv>
            <Unicode>rapport,</Unicode>
          </TextEquiv>
        </Word>
        <Word id="word_1926a462-689d-4485-8be0-7428cc6121e6">
          <Coords points="3240,1976 3257,1976 3307,1975 3359,1976 3378,1973 3383,2018 3358,2021 3308,2020 3258,2021 3241,2021"/>
          <TextEquiv>
            <Unicode>vande</Unicode>
          </TextEquiv>
        </Word>
        <TextEquiv conf="0.9124208381270066">
          <Unicode>zee te brengen, sulcx v: E:d: nader uijt t'mondelingh rapport, vande</Unicode>
        </TextEquiv>
        <TextStyle xHeight="35"/>
      </TextLine>
      <TextLine id="dd88ecdf-f462-4229-90ec-c187e3464059">
        <Coords points="1447,2028 1533,2028 1560,2053 1581,2040 1617,2040 1629,2052 1653,2053 1673,2041 1772,2041 1792,2022 1816,2013 2336,2017 2348,2028 2523,2033 2547,2033 2559,2022 2772,2021 2791,2040 2867,2041 3114,2041 3130,2028 3206,2028 3230,2049 3364,2048 3387,2058 3387,2117 3374,2124 3130,2119 3118,2107 2959,2112 2927,2124 2875,2124 2863,2136 2851,2136 2819,2107 2675,2112 2664,2104 2443,2103 2408,2108 2400,2116 2331,2120 1988,2120 1936,2128 1904,2127 1892,2115 1780,2115 1754,2096 1729,2096 1720,2104 1447,2112"/>
        <Baseline points="1475,2090 1525,2089 1575,2087 1625,2085 1675,2082 1725,2080 1775,2079 1825,2078 1875,2076 1925,2075 1975,2074 2025,2074 2075,2074 2125,2074 2175,2074 2225,2075 2275,2076 2325,2076 2375,2076 2425,2078 2475,2079 2525,2080 2575,2081 2625,2082 2675,2083 2725,2085 2775,2087 2825,2088 2875,2090 2925,2092 2975,2093 3025,2094 3075,2096 3125,2097 3175,2098 3225,2099 3275,2099 3325,2100 3360,2102"/>
        <Word id="word_dc2b2a62-386e-419e-b285-c77804dd7218">
          <Coords points="1474,2055 1524,2054 1574,2052 1624,2050 1673,2047 1713,2045 1715,2090 1676,2092 1625,2095 1575,2097 1525,2099 1475,2100"/>
          <TextEquiv>
            <Unicode>stuerman</Unicode>
          </TextEquiv>
        </Word>
        <Word id="word_17e97f67-df61-47bb-a35a-92912aec01a9">
          <Coords points="1744,2044 1775,2044 1824,2043 1874,2041 1924,2040 1974,2039 2025,2039 2075,2039 2103,2039 2103,2084 2075,2084 2025,2084 1975,2084 1925,2085 1875,2086 1825,2088 1775,2089 1744,2089"/>
          <TextEquiv>
            <Unicode>Bartholomeus</Unicode>
          </TextEquiv>
        </Word>
        <Word id="word_bc40aba8-732a-4297-bec7-15b4bd617c75">
          <Coords points="2133,2039 2175,2039 2226,2040 2276,2041 2325,2041 2373,2041 2373,2086 2325,2086 2275,2086 2225,2085 2175,2084 2133,2084"/>
          <TextEquiv>
            <Unicode>bouverij</Unicode>
          </TextEquiv>
        </Word>
        <Word id="word_d6716872-f391-4d4a-a618-120153ea47fa">
          <Coords points="2406,2041 2428,2043 2476,2044 2526,2045 2576,2046 2626,2047 2643,2047 2642,2092 2625,2092 2575,2091 2525,2090 2475,2089 2424,2088 2402,2086"/>
          <TextEquiv>
            <Unicode>(welcken</Unicode>
          </TextEquiv>
        </Word>
        <Word id="word_4589e3df-2a01-4c9b-908f-81e933d47ead">
          <Coords points="2673,2048 2676,2048 2726,2050 2776,2052 2792,2052 2791,2097 2775,2097 2725,2095 2675,2093 2672,2093"/>
          <TextEquiv>
            <Unicode>daer</Unicode>
          </TextEquiv>
        </Word>
        <Word id="word_e45ff9fb-fc47-4b60-9776-3bd712a94e15">
          <Coords points="2822,2053 2826,2053 2876,2055 2913,2056 2911,2101 2875,2100 2825,2098 2821,2098"/>
          <TextEquiv>
            <Unicode>op,</Unicode>
          </TextEquiv>
        </Word>
        <Word id="word_d76c6564-4976-4807-a293-2fba5b3c9fba">
          <Coords points="2941,2058 2975,2058 3026,2059 3032,2059 3030,2104 3025,2104 2975,2103 2941,2103"/>
          <TextEquiv>
            <Unicode>als</Unicode>
          </TextEquiv>
        </Word>
        <Word id="word_9c4eea4f-c7ba-4d04-a64a-bfbc62a7fad4">
          <Coords points="3062,2060 3076,2061 3126,2062 3176,2063 3181,2063 3180,2108 3175,2108 3125,2107 3075,2106 3060,2105"/>
          <TextEquiv>
            <Unicode>voor</Unicode>
          </TextEquiv>
        </Word>
        <Word id="word_f4291cc9-b3bf-4914-b36a-606f56a322f5">
          <Coords points="3211,2064 3226,2064 3275,2064 3326,2065 3362,2067 3359,2112 3325,2110 3275,2109 3225,2109 3210,2109"/>
          <TextEquiv>
            <Unicode>desen</Unicode>
          </TextEquiv>
        </Word>
        <TextEquiv conf="0.9335431137440027">
          <Unicode>stuerman Bartholomeus bouverij (welcken daer op, als voor desen</Unicode>
        </TextEquiv>
        <TextStyle xHeight="37"/>
      </TextLine>
      <TextLine id="line_541e42d0-7b56-4da6-ac9d-ee5cab1db22f">
        <Coords points="1441,2101 1751,2094 1763,2105 2338,2114 2402,2114 2434,2110 2446,2101 2662,2101 2678,2114 2766,2114 2782,2105 2818,2105 2830,2117 2877,2122 2949,2122 2961,2110 3118,2106 3129,2117 3221,2117 3233,2129 3334,2131 3334,2189 3161,2185 3137,2205 2981,2205 2962,2212 2925,2185 2873,2185 2862,2196 2582,2192 2563,2181 2374,2181 2202,2193 2042,2192 2034,2184 1631,2181 1615,2193 1441,2192"/>
        <Baseline points="1469,2177 1519,2176 1569,2175 1619,2172 1669,2170 1719,2169 1769,2166 1819,2165 1869,2164 1919,2164 1969,2163 2019,2163 2069,2163 2119,2163 2169,2163 2219,2163 2269,2163 2319,2163 2369,2163 2419,2164 2469,2165 2519,2166 2569,2168 2619,2168 2669,2169 2719,2171 2769,2172 2819,2173 2869,2174 2919,2175 2969,2175 3019,2176 3069,2177 3119,2177 3169,2177 3219,2178 3269,2178 3307,2175"/>
        <Word id="word_a6c63bdc-4f9d-4574-b364-18a4340fc361">
          <Coords points="1468,2142 1518,2141 1531,2141 1532,2186 1519,2186 1469,2187"/>
          <TextEquiv>
            <Unicode>in</Unicode>
          </TextEquiv>
        </Word>
        <Word id="word_245c4462-3d1f-4ea2-90dd-050f4dc6f894">
          <Coords points="1562,2140 1568,2140 1617,2137 1668,2135 1718,2134 1747,2132 1750,2177 1719,2179 1669,2180 1620,2182 1569,2185 1563,2185"/>
          <TextEquiv>
            <Unicode>dienst</Unicode>
          </TextEquiv>
        </Word>
        <Word id="word_71fe18f0-164b-426b-ae1f-16450de9362e">
          <Coords points="1780,2130 1819,2130 1868,2129 1874,2129 1874,2174 1869,2174 1819,2175 1780,2175"/>
          <TextEquiv>
            <Unicode>des</Unicode>
          </TextEquiv>
        </Word>
        <Word id="word_b1964e75-972e-4a2d-a6e8-d28969ee1fab">
          <Coords points="1905,2129 1919,2129 1968,2128 2019,2128 2069,2128 2119,2128 2123,2128 2123,2173 2119,2173 2069,2173 2019,2173 1969,2173 1919,2174 1905,2174"/>
          <TextEquiv>
            <Unicode>Conincx</Unicode>
          </TextEquiv>
        </Word>
        <Word id="word_a22914cd-ec30-4955-ad9b-410286d63211">
          <Coords points="2154,2128 2169,2128 2219,2128 2248,2128 2248,2173 2219,2173 2169,2173 2154,2173"/>
          <TextEquiv>
            <Unicode>van</Unicode>
          </TextEquiv>
        </Word>
        <Word id="word_055b38ba-f16b-41e0-aa23-8dfd83ce9420">
          <Coords points="2279,2128 2319,2128 2369,2128 2420,2129 2467,2130 2466,2175 2419,2174 2369,2173 2319,2173 2279,2173"/>
          <TextEquiv>
            <Unicode>aracan</Unicode>
          </TextEquiv>
        </Word>
        <Word id="word_0e493632-1369-4115-a6b0-c4f5e6a43d1f">
          <Coords points="2498,2131 2520,2131 2570,2133 2619,2133 2622,2133 2621,2178 2619,2178 2569,2178 2519,2176 2497,2176"/>
          <TextEquiv>
            <Unicode>naer</Unicode>
          </TextEquiv>
        </Word>
        <Word id="word_16e59c98-2a63-443d-b1c6-3c3941728d61">
          <Coords points="2654,2134 2670,2134 2720,2136 2770,2137 2820,2138 2870,2139 2920,2140 2964,2140 2964,2185 2919,2185 2869,2184 2819,2183 2769,2182 2719,2181 2669,2179 2653,2179"/>
          <TextEquiv>
            <Unicode>d'Maldives</Unicode>
          </TextEquiv>
        </Word>
        <Word id="word_49f814a4-1acf-4d2c-a575-0d6aef22459c">
          <Coords points="2997,2140 3020,2141 3070,2142 3119,2142 3169,2142 3220,2143 3269,2143 3304,2140 3308,2185 3269,2188 3219,2188 3169,2187 3119,2187 3069,2187 3019,2186 2995,2185"/>
          <TextEquiv>
            <Unicode>gebruijckt</Unicode>
          </TextEquiv>
        </Word>
        <TextEquiv conf="0.9371950572507174">
          <Unicode>in dienst des Conincx van aracan naer d'Maldives gebruijckt</Unicode>
        </TextEquiv>
        <TextStyle xHeight="33"/>
      </TextLine>
      <TextLine id="bd8aedfe-7ac0-4eb6-8eba-8cc9a4a9040b">
        <Coords points="1433,2194 1615,2191 1631,2180 1695,2179 1990,2182 2102,2195 2374,2182 2570,2182 2582,2190 2798,2195 2866,2195 2878,2186 2920,2186 2941,2206 2959,2211 2981,2199 2989,2206 3133,2207 3153,2194 3311,2194 3325,2203 3369,2203 3389,2219 3410,2216 3410,2273 3289,2270 3256,2298 3153,2298 3125,2273 2794,2278 2751,2266 2638,2266 2610,2278 2470,2282 2398,2273 2371,2297 2338,2285 2087,2270 1867,2282 1783,2282 1772,2274 1615,2277 1507,2282 1491,2294 1433,2294"/>
        <Baseline points="1461,2271 1511,2266 1561,2263 1611,2259 1661,2257 1711,2255 1761,2253 1811,2251 1861,2251 1911,2249 1961,2248 2011,2247 2061,2247 2111,2246 2161,2245 2211,2245 2261,2244 2311,2245 2361,2245 2411,2245 2461,2245 2511,2247 2561,2248 2611,2249 2661,2251 2711,2252 2761,2253 2811,2254 2861,2256 2911,2257 2961,2258 3011,2260 3061,2261 3111,2262 3161,2262 3211,2263 3261,2264 3311,2262 3361,2262 3383,2259"/>
        <Word id="word_06bd32ed-574a-4d07-941b-3e907e508a1b">
          <Coords points="1458,2236 1508,2231 1559,2228 1608,2224 1636,2223 1638,2268 1612,2269 1562,2273 1512,2276 1462,2281"/>
          <TextEquiv>
            <Unicode>geweest</Unicode>
          </TextEquiv>
        </Word>
        <Word id="word_c01ca714-53a4-45b0-b779-d1cd507eed80">
          <Coords points="1662,2222 1710,2220 1760,2218 1810,2216 1840,2216 1840,2261 1811,2261 1761,2263 1711,2265 1663,2267"/>
          <TextEquiv>
            <Unicode>sijnde,</Unicode>
          </TextEquiv>
        </Word>
        <Word id="word_e1324376-fc1b-49ff-a2a8-60762eaa2479">
          <Coords points="1864,2216 1909,2214 1940,2213 1941,2258 1911,2259 1866,2261"/>
          <TextEquiv>
            <Unicode>tot</Unicode>
          </TextEquiv>
        </Word>
        <Word id="word_8546a412-2bfc-4966-bb7b-84426867b942">
          <Coords points="1966,2213 2010,2212 2061,2212 2110,2211 2160,2210 2169,2210 2169,2255 2161,2255 2111,2256 2061,2257 2011,2257 1967,2258"/>
          <TextEquiv>
            <Unicode>schipper</Unicode>
          </TextEquiv>
        </Word>
        <Word id="word_9965ff82-4e0c-42c7-ab49-86cf2868444f">
          <Coords points="2194,2210 2211,2210 2260,2209 2312,2210 2361,2210 2411,2210 2461,2210 2512,2212 2549,2213 2548,2258 2511,2257 2461,2255 2411,2255 2361,2255 2311,2255 2261,2254 2211,2255 2194,2255"/>
          <TextEquiv>
            <Unicode>provisionelijk</Unicode>
          </TextEquiv>
        </Word>
        <Word id="word_fa82efef-5030-498b-baa1-87b1689da5ff">
          <Coords points="2574,2213 2612,2214 2662,2216 2712,2217 2751,2218 2751,2263 2711,2262 2661,2261 2611,2259 2573,2258"/>
          <TextEquiv>
            <Unicode>hadden,</Unicode>
          </TextEquiv>
        </Word>
        <Word id="word_c0a0c895-c5de-470e-8f01-824af8816253">
          <Coords points="2777,2218 2812,2219 2862,2221 2912,2222 2962,2223 2980,2224 2978,2269 2961,2268 2911,2267 2861,2266 2811,2264 2776,2263"/>
          <TextEquiv>
            <Unicode>gestelt,</Unicode>
          </TextEquiv>
        </Word>
        <Word id="word_b5aef80d-9d5e-4244-a9a2-bb778c5e53db">
          <Coords points="3005,2225 3012,2225 3062,2226 3106,2227 3105,2272 3061,2271 3011,2270 3003,2270"/>
          <TextEquiv>
            <Unicode>ende</Unicode>
          </TextEquiv>
        </Word>
        <Word id="word_5eeabeeb-f267-4ccc-99ef-bf74da38761e">
          <Coords points="3130,2227 3161,2227 3181,2227 3181,2272 3161,2272 3130,2272"/>
          <TextEquiv>
            <Unicode>in</Unicode>
          </TextEquiv>
        </Word>
        <Word id="word_7e31ecae-aa81-41a7-ae9c-e48ea4c168b0">
          <Coords points="3207,2228 3212,2228 3262,2229 3281,2228 3282,2273 3261,2274 3211,2273 3206,2273"/>
          <TextEquiv>
            <Unicode>p=r</Unicode>
          </TextEquiv>
        </Word>
        <Word id="word_83d5d293-704c-496c-9c7a-c9433302f529">
          <Coords points="3306,2227 3310,2227 3361,2227 3378,2224 3384,2269 3361,2272 3311,2272 3308,2272"/>
          <TextEquiv>
            <Unicode>lie</Unicode>
          </TextEquiv>
        </Word>
        <TextEquiv conf="0.9024550521406489">
          <Unicode>geweest sijnde, tot schipper provisionelijk hadden, gestelt, ende in p=r lie</Unicode>
        </TextEquiv>
        <TextStyle xHeight="38"/>
      </TextLine>
      <TextLine id="line_71a956ca-8fcf-431f-b0c6-59a283c481ff">
        <Coords points="1437,2305 1531,2305 1539,2297 1599,2297 1607,2289 1729,2281 1758,2268 2082,2269 2278,2256 2378,2260 2394,2276 2430,2280 2598,2280 2606,2288 2638,2289 2830,2273 3121,2272 3149,2300 3249,2301 3285,2277 3316,2276 3341,2300 3382,2299 3382,2357 3349,2351 3329,2370 3101,2357 3009,2370 2973,2369 2961,2357 2642,2351 2618,2374 2554,2373 2546,2365 2482,2361 2462,2351 2407,2365 2394,2355 2350,2355 2334,2370 2166,2365 2100,2355 2062,2366 1958,2366 1946,2378 1841,2377 1835,2383 1731,2377 1715,2385 1675,2365 1437,2366"/>
        <Baseline points="1465,2355 1515,2351 1565,2349 1615,2346 1665,2343 1715,2341 1765,2339 1815,2336 1865,2334 1915,2332 1965,2332 2015,2331 2065,2331 2115,2330 2165,2330 2215,2329 2265,2329 2315,2329 2365,2329 2415,2329 2465,2330 2515,2332 2565,2332 2615,2333 2665,2334 2715,2335 2765,2336 2815,2338 2865,2339 2915,2340 2965,2341 3015,2342 3065,2343 3115,2342 3165,2343 3215,2344 3265,2345 3315,2345 3355,2343"/>
        <Word id="word_95d7b9e2-3e7c-48ca-a0b7-4729cc28f6f4">
          <Coords points="1462,2320 1512,2316 1564,2314 1576,2313 1578,2358 1565,2359 1516,2361 1466,2365"/>
          <TextEquiv>
            <Unicode>naer</Unicode>
          </TextEquiv>
        </Word>
        <Word id="word_43f50ab5-025b-495a-bae1-d7ec9d77c42d">
          <Coords points="1604,2312 1613,2311 1663,2308 1714,2306 1745,2305 1747,2350 1715,2351 1666,2353 1616,2356 1606,2357"/>
          <TextEquiv>
            <Unicode>costi</Unicode>
          </TextEquiv>
        </Word>
        <Word id="word_96b5102c-039a-4fce-aeff-6ba2979b604f">
          <Coords points="1773,2304 1813,2301 1864,2299 1914,2297 1965,2297 2014,2296 2057,2296 2057,2341 2015,2341 1965,2342 1915,2342 1865,2344 1816,2346 1776,2349"/>
          <TextEquiv>
            <Unicode>gelargeert</Unicode>
          </TextEquiv>
        </Word>
        <Word id="word_4f5f801a-a477-4d5a-83a2-136bee2396fd">
          <Coords points="2084,2296 2114,2295 2165,2295 2214,2294 2265,2294 2283,2294 2283,2339 2265,2339 2215,2339 2165,2340 2115,2340 2086,2341"/>
          <TextEquiv>
            <Unicode>hebben)</Unicode>
          </TextEquiv>
        </Word>
        <Word id="word_0767cb12-b350-41e9-b218-0152bed3295b">
          <Coords points="2311,2294 2315,2294 2365,2294 2415,2294 2466,2295 2482,2296 2480,2341 2465,2340 2415,2339 2365,2339 2315,2339 2311,2339"/>
          <TextEquiv>
            <Unicode>sullen</Unicode>
          </TextEquiv>
        </Word>
        <Word id="word_d00fd5c2-41d6-4c34-9b1d-0ff763fbf258">
          <Coords points="2510,2297 2516,2297 2565,2297 2616,2298 2666,2299 2716,2300 2735,2300 2734,2345 2715,2345 2665,2344 2615,2343 2565,2342 2515,2342 2508,2342"/>
          <TextEquiv>
            <Unicode>gelieven</Unicode>
          </TextEquiv>
        </Word>
        <Word id="word_680512f1-d595-45ef-8e46-d642e7a0b63e">
          <Coords points="2763,2301 2766,2301 2816,2303 2820,2303 2819,2348 2815,2348 2765,2346 2762,2346"/>
          <TextEquiv>
            <Unicode>te</Unicode>
          </TextEquiv>
        </Word>
        <Word id="word_cdd44806-c5c4-4138-be44-f45851c17c3c">
          <Coords points="2848,2304 2866,2304 2916,2305 2966,2306 3016,2307 3066,2308 3100,2307 3101,2352 3065,2353 3015,2352 2965,2351 2915,2350 2865,2349 2847,2349"/>
          <TextEquiv>
            <Unicode>vernemen,</Unicode>
          </TextEquiv>
        </Word>
        <Word id="word_59ab232c-2d82-463f-a325-8be2d5d59f8c">
          <Coords points="3131,2307 3166,2308 3216,2309 3243,2310 3242,2355 3215,2354 3165,2353 3129,2352"/>
          <TextEquiv>
            <Unicode>daer</Unicode>
          </TextEquiv>
        </Word>
        <Word id="word_97b23005-b9cb-45b6-869f-ccec75a80d76">
          <Coords points="3270,2310 3315,2310 3353,2308 3355,2353 3315,2355 3270,2355"/>
          <TextEquiv>
            <Unicode>toe</Unicode>
          </TextEquiv>
        </Word>
        <TextEquiv conf="0.9642197719084417">
          <Unicode>naer costi gelargeert hebben) sullen gelieven te vernemen, daer toe</Unicode>
        </TextEquiv>
        <TextStyle xHeight="37"/>
      </TextLine>
      <TextLine id="dabb954e-52cb-4c22-b3c7-5c5e6a5d2035">
        <Coords points="1446,2365 1668,2364 1684,2368 1700,2384 1721,2384 1752,2373 1769,2356 1808,2357 1817,2348 1832,2348 1864,2377 1944,2377 1972,2364 2060,2369 2068,2361 2095,2361 2128,2348 2268,2353 2280,2344 2432,2344 2440,2352 2476,2353 2684,2348 2692,2356 2740,2356 2756,2372 2884,2372 2892,2380 2916,2381 3036,2373 3064,2360 3104,2360 3116,2372 3373,2380 3373,2439 3360,2425 3348,2434 3284,2434 3220,2450 2960,2445 2876,2446 2867,2454 2848,2437 2577,2434 2276,2446 2264,2438 1928,2438 1612,2445 1556,2450 1529,2465 1446,2465"/>
        <Baseline points="1474,2438 1524,2435 1574,2432 1624,2429 1674,2427 1724,2424 1774,2422 1824,2420 1874,2418 1924,2416 1974,2415 2024,2413 2074,2411 2124,2410 2174,2409 2224,2409 2274,2409 2324,2410 2374,2411 2424,2412 2474,2414 2524,2414 2574,2416 2624,2416 2674,2417 2724,2418 2774,2419 2824,2420 2874,2420 2924,2422 2974,2423 3024,2423 3074,2424 3124,2424 3174,2424 3224,2424 3274,2425 3324,2425 3346,2425"/>
        <Word id="word_1d7faf95-8bb8-4993-bcc0-170eccdfa5b4">
          <Coords points="1472,2403 1522,2400 1547,2399 1549,2443 1525,2445 1475,2448"/>
          <TextEquiv>
            <Unicode>mij</Unicode>
          </TextEquiv>
        </Word>
        <Word id="word_686ea0e0-1852-446c-a107-8a5628f14ff1">
          <Coords points="1572,2397 1572,2397 1622,2394 1673,2392 1722,2389 1747,2388 1749,2433 1725,2434 1674,2437 1625,2439 1575,2442 1574,2442"/>
          <TextEquiv>
            <Unicode>vorders</Unicode>
          </TextEquiv>
        </Word>
        <Word id="word_4f509eeb-269b-4438-862c-f8af161a20ce">
          <Coords points="1772,2387 1773,2387 1823,2385 1873,2383 1923,2381 1972,2380 1973,2425 1924,2426 1874,2428 1824,2430 1774,2432 1774,2432"/>
          <TextEquiv>
            <Unicode>gedrage,</Unicode>
          </TextEquiv>
        </Word>
        <Word id="word_174771dd-967f-490d-bb71-2821e791c4b4">
          <Coords points="1996,2380 2022,2378 2073,2376 2123,2375 2147,2375 2148,2420 2124,2420 2074,2421 2025,2423 1998,2425"/>
          <TextEquiv>
            <Unicode>sijnde</Unicode>
          </TextEquiv>
        </Word>
        <Word id="word_8dcf1f33-4393-45b4-b6b5-631beb7746b3">
          <Coords points="2172,2374 2173,2374 2224,2374 2247,2374 2247,2419 2224,2419 2174,2419 2173,2419"/>
          <TextEquiv>
            <Unicode>ons</Unicode>
          </TextEquiv>
        </Word>
        <Word id="word_f683dce8-164d-4abb-84c4-94e394b8cf3c">
          <Coords points="2272,2374 2274,2374 2325,2375 2375,2376 2425,2377 2449,2378 2447,2423 2424,2422 2374,2421 2324,2420 2274,2419 2272,2419"/>
          <TextEquiv>
            <Unicode>buijten</Unicode>
          </TextEquiv>
        </Word>
        <Word id="word_418b7855-6e73-4e93-98ca-7f55530cf6fc">
          <Coords points="2474,2379 2475,2379 2524,2379 2573,2381 2572,2426 2524,2424 2474,2424 2472,2424"/>
          <TextEquiv>
            <Unicode>dien</Unicode>
          </TextEquiv>
        </Word>
        <Word id="word_99e7b895-ec75-4dac-9284-acafce3e7ff0">
          <Coords points="2596,2382 2623,2381 2675,2382 2697,2382 2697,2427 2674,2427 2624,2426 2597,2427"/>
          <TextEquiv>
            <Unicode>geen</Unicode>
          </TextEquiv>
        </Word>
        <Word id="word_cf44aa26-63a4-4231-bd30-b910a32fa0a6">
          <Coords points="2722,2383 2725,2383 2775,2384 2825,2385 2874,2385 2898,2386 2896,2431 2874,2430 2824,2430 2774,2429 2724,2428 2722,2428"/>
          <TextEquiv>
            <Unicode>scheeps</Unicode>
          </TextEquiv>
        </Word>
        <Word id="word_c03864ab-8185-4e17-a944-b3b082fad021">
          <Coords points="2923,2387 2925,2387 2975,2388 3024,2388 3075,2389 3096,2389 3096,2434 3074,2434 3024,2433 2974,2433 2924,2432 2921,2432"/>
          <TextEquiv>
            <Unicode>ruijmte</Unicode>
          </TextEquiv>
        </Word>
        <Word id="word_9a7fb114-bd12-4cf0-bed9-d1aa60a7414a">
          <Coords points="3121,2389 3124,2389 3174,2389 3224,2389 3275,2390 3324,2390 3346,2390 3346,2435 3324,2435 3274,2435 3224,2434 3174,2434 3124,2434 3121,2434"/>
          <TextEquiv>
            <Unicode>overich,—</Unicode>
          </TextEquiv>
        </Word>
        <TextEquiv conf="0.9237455427572004">
          <Unicode>mij vorders gedrage, sijnde ons buijten dien geen scheeps ruijmte overich,—</Unicode>
        </TextEquiv>
        <TextStyle xHeight="35"/>
      </TextLine>
      <TextLine id="line_08193ad0-17c1-4ec9-87d6-994428465981">
        <Coords points="1449,2466 1531,2466 1555,2450 1607,2445 1923,2442 1935,2434 2031,2434 2047,2425 2095,2425 2367,2434 2438,2429 2454,2438 2742,2433 2847,2438 2854,2445 3030,2450 3222,2450 3282,2434 3342,2434 3395,2468 3395,2526 3363,2519 3351,2531 3146,2530 3106,2547 3010,2547 2990,2530 2702,2531 2694,2539 2642,2539 2626,2538 2607,2519 2494,2531 2363,2526 2279,2535 2159,2535 2144,2523 2115,2523 2099,2531 2059,2531 2048,2523 1943,2523 1875,2527 1854,2544 1843,2535 1823,2538 1811,2527 1743,2527 1711,2558 1639,2550 1616,2569 1599,2569 1547,2565 1532,2550 1449,2542"/>
        <Baseline points="1477,2523 1527,2521 1577,2519 1627,2516 1677,2514 1727,2511 1777,2508 1827,2507 1877,2505 1927,2503 1977,2502 2027,2501 2077,2500 2127,2499 2177,2499 2227,2498 2277,2498 2327,2498 2377,2499 2427,2499 2477,2500 2527,2501 2577,2502 2627,2503 2677,2505 2727,2506 2777,2506 2827,2507 2877,2508 2927,2509 2977,2510 3027,2512 3077,2512 3127,2513 3177,2513 3227,2513 3277,2513 3327,2514 3368,2512"/>
        <Word id="word_5f1dc210-ad9e-4d23-b609-3681fc4e43c6">
          <Coords points="1476,2488 1526,2486 1576,2484 1580,2484 1583,2529 1577,2529 1527,2531 1477,2533"/>
          <TextEquiv>
            <Unicode>noch</Unicode>
          </TextEquiv>
        </Word>
        <Word id="word_a68bfe34-3482-4b43-a7a1-162df1f9230b">
          <Coords points="1606,2482 1625,2481 1676,2479 1711,2477 1714,2522 1677,2524 1628,2526 1609,2527"/>
          <TextEquiv>
            <Unicode>oocq</Unicode>
          </TextEquiv>
        </Word>
        <Word id="word_7364b365-5ee3-426e-810a-063b50e8bfd9">
          <Coords points="1737,2475 1775,2473 1826,2472 1876,2470 1896,2469 1897,2514 1877,2515 1827,2517 1778,2518 1740,2520"/>
          <TextEquiv>
            <Unicode>eenigh</Unicode>
          </TextEquiv>
        </Word>
        <Word id="word_f617dc87-14cb-48b4-9ab9-411bc21a0faa">
          <Coords points="1922,2468 1926,2468 1976,2467 2026,2466 2076,2465 2126,2464 2177,2464 2185,2464 2186,2509 2177,2509 2127,2509 2077,2510 2027,2511 1977,2512 1927,2513 1924,2513"/>
          <TextEquiv>
            <Unicode>vaertuijgh</Unicode>
          </TextEquiv>
        </Word>
        <Word id="word_c3d17597-08b4-4650-aed9-1d2e32f1c73c">
          <Coords points="2211,2463 2226,2463 2277,2463 2291,2463 2291,2508 2277,2508 2227,2508 2212,2508"/>
          <TextEquiv>
            <Unicode>ter</Unicode>
          </TextEquiv>
        </Word>
        <Word id="word_6ebaced7-1402-48e7-aaab-fe9f902e5038">
          <Coords points="2317,2463 2327,2463 2378,2464 2427,2464 2478,2465 2528,2466 2578,2467 2628,2468 2634,2468 2632,2513 2627,2513 2577,2512 2527,2511 2477,2510 2427,2509 2377,2509 2327,2508 2317,2508"/>
          <TextEquiv>
            <Unicode>vereijschter</Unicode>
          </TextEquiv>
        </Word>
        <Word id="word_effb0def-a499-43e9-800c-c715a501574a">
          <Coords points="2660,2469 2678,2470 2728,2471 2777,2471 2791,2471 2790,2516 2777,2516 2727,2516 2677,2515 2658,2514"/>
          <TextEquiv>
            <Unicode>tijdt</Unicode>
          </TextEquiv>
        </Word>
        <Word id="word_56604151-4105-4fca-b38b-957a240e74b6">
          <Coords points="2817,2472 2828,2472 2878,2473 2896,2473 2895,2518 2877,2518 2827,2517 2816,2517"/>
          <TextEquiv>
            <Unicode>bij</Unicode>
          </TextEquiv>
        </Word>
        <Word id="word_48d66e5a-1868-437e-85d1-70397f326a7d">
          <Coords points="2922,2474 2928,2474 2978,2475 3002,2476 3000,2521 2977,2520 2927,2519 2921,2519"/>
          <TextEquiv>
            <Unicode>der</Unicode>
          </TextEquiv>
        </Word>
        <Word id="word_e7d1e98b-3ef7-40f8-a090-312f66622337">
          <Coords points="3028,2477 3028,2477 3077,2477 3128,2478 3158,2478 3158,2523 3127,2523 3077,2522 3027,2522 3026,2522"/>
          <TextEquiv>
            <Unicode>handt</Unicode>
          </TextEquiv>
        </Word>
        <Word id="word_872e3b8f-ae9f-40fd-9b44-5a31e87cb6d3">
          <Coords points="3184,2478 3227,2478 3277,2478 3328,2479 3366,2477 3368,2522 3327,2524 3277,2523 3227,2523 3184,2523"/>
          <TextEquiv>
            <Unicode>geweest</Unicode>
          </TextEquiv>
        </Word>
        <TextEquiv conf="0.9398665630446947">
          <Unicode>noch oocq eenigh vaertuijgh ter vereijschter tijdt bij der handt geweest</Unicode>
        </TextEquiv>
        <TextStyle xHeight="39"/>
      </TextLine>
      <TextLine id="ed0ce043-d506-46ff-a729-28a5ae5f5f9f">
        <Coords points="1458,2558 1475,2558 1484,2549 1528,2549 1544,2565 1617,2569 1640,2549 1712,2558 1740,2531 1803,2530 1837,2562 1876,2527 1936,2527 1956,2518 2044,2518 2060,2531 2144,2522 2164,2538 2277,2538 2284,2531 2364,2526 2496,2531 2532,2518 2604,2518 2624,2537 2644,2542 2696,2542 2704,2534 2988,2526 3012,2546 3112,2546 3148,2530 3355,2531 3371,2523 3397,2549 3397,2608 3371,2627 3336,2629 3208,2629 3188,2612 3128,2612 3121,2605 3098,2621 2992,2621 2972,2604 2820,2605 2800,2621 2668,2616 2635,2644 2618,2632 2572,2624 2553,2605 2408,2605 2388,2613 2300,2608 2264,2633 2112,2628 2072,2616 2012,2616 1996,2629 1949,2640 1892,2640 1868,2616 1848,2612 1752,2612 1715,2645 1620,2632 1573,2652 1458,2648"/>
        <Baseline points="1486,2607 1536,2605 1586,2602 1636,2600 1686,2598 1736,2595 1786,2593 1836,2591 1886,2589 1936,2587 1986,2586 2036,2586 2086,2587 2136,2586 2186,2585 2236,2584 2286,2584 2336,2583 2386,2583 2436,2584 2486,2585 2536,2586 2586,2587 2636,2587 2686,2589 2736,2590 2786,2590 2836,2591 2886,2592 2936,2591 2986,2592 3036,2593 3086,2594 3136,2595 3186,2596 3236,2596 3286,2597 3336,2597 3370,2594"/>
        <Word id="word_6645b465-fb98-450d-a417-004f8bfa7466">
          <Coords points="1485,2572 1514,2571 1515,2616 1486,2617"/>
          <TextEquiv>
            <Unicode>t</Unicode>
          </TextEquiv>
        </Word>
        <Word id="word_89451460-236b-4c5d-9d04-9d8d96987517">
          <Coords points="1542,2570 1584,2567 1635,2565 1685,2563 1734,2560 1745,2560 1747,2605 1737,2605 1686,2608 1636,2610 1587,2612 1545,2615"/>
          <TextEquiv>
            <Unicode>Galjoot</Unicode>
          </TextEquiv>
        </Word>
        <Word id="word_318b160a-1d1b-4769-961a-776bb86926e0">
          <Coords points="1774,2558 1785,2558 1835,2556 1885,2554 1935,2552 1978,2551 1979,2596 1936,2597 1886,2599 1836,2601 1786,2603 1776,2603"/>
          <TextEquiv>
            <Unicode>d'bracq</Unicode>
          </TextEquiv>
        </Word>
        <Word id="word_08dbe16f-a6a5-4f03-861a-c07dbf8805b8">
          <Coords points="2008,2551 2037,2551 2066,2552 2065,2597 2036,2596 2007,2596"/>
          <TextEquiv>
            <Unicode>Is</Unicode>
          </TextEquiv>
        </Word>
        <Word id="word_73b94bb0-38cb-4483-bd1a-33621498c20b">
          <Coords points="2093,2552 2135,2551 2181,2550 2182,2595 2136,2596 2095,2597"/>
          <TextEquiv>
            <Unicode>ten</Unicode>
          </TextEquiv>
        </Word>
        <Word id="word_5400d91a-8b94-4b34-8308-6f885c56ee05">
          <Coords points="2210,2550 2235,2549 2286,2549 2335,2548 2386,2548 2437,2549 2487,2550 2501,2550 2500,2595 2486,2595 2436,2594 2386,2593 2336,2593 2286,2594 2236,2594 2211,2595"/>
          <TextEquiv>
            <Unicode>principale</Unicode>
          </TextEquiv>
        </Word>
        <Word id="word_a71ffece-5491-47a3-95e6-99cc25f4a610">
          <Coords points="2530,2551 2537,2551 2587,2552 2616,2552 2616,2597 2586,2597 2536,2596 2529,2596"/>
          <TextEquiv>
            <Unicode>tot</Unicode>
          </TextEquiv>
        </Word>
        <Word id="word_1a0e525b-9d73-49c5-80bb-311e0130a651">
          <Coords points="2647,2552 2688,2554 2737,2555 2786,2555 2837,2556 2878,2557 2877,2602 2836,2601 2786,2600 2736,2600 2686,2599 2645,2597"/>
          <TextEquiv>
            <Unicode>vervolgh</Unicode>
          </TextEquiv>
        </Word>
        <Word id="word_b7d22424-6644-44df-a26f-3223da0896de">
          <Coords points="2905,2557 2934,2556 2987,2557 3037,2558 3081,2559 3080,2604 3036,2603 2986,2602 2936,2601 2907,2602"/>
          <TextEquiv>
            <Unicode>vanden</Unicode>
          </TextEquiv>
        </Word>
        <Word id="word_83cfd5e5-3cd5-4f91-91dd-446be2d5ccc9">
          <Coords points="3110,2559 3137,2560 3187,2561 3236,2561 3284,2562 3283,2607 3236,2606 3186,2606 3136,2605 3109,2604"/>
          <TextEquiv>
            <Unicode>handel</Unicode>
          </TextEquiv>
        </Word>
        <Word id="word_0cec9b72-fcf1-4366-b4fe-274b285b0fb1">
          <Coords points="3311,2563 3335,2562 3367,2559 3371,2604 3336,2607 3312,2608"/>
          <TextEquiv>
            <Unicode>op</Unicode>
          </TextEquiv>
        </Word>
        <TextEquiv conf="0.9240607461171302">
          <Unicode>t Galjoot d'bracq Is ten principale tot vervolgh vanden handel op</Unicode>
        </TextEquiv>
        <TextStyle xHeight="37"/>
      </TextLine>
      <TextLine id="ea5aa0b1-8d78-4172-98a4-f7fc3785c39b">
        <Coords points="1452,2651 1575,2652 1622,2632 1714,2645 1746,2613 1785,2612 1865,2616 1889,2640 1953,2640 1973,2629 1997,2629 2013,2616 2073,2616 2109,2628 2265,2633 2301,2608 2518,2612 2561,2648 2620,2652 2668,2616 2800,2621 2820,2605 2972,2604 2992,2621 3099,2621 3124,2605 3131,2612 3191,2612 3211,2629 3379,2624 3391,2635 3404,2635 3404,2694 3367,2729 3336,2721 3131,2713 3107,2689 3096,2690 3072,2714 2884,2713 2876,2705 2764,2705 2756,2697 2736,2697 2684,2710 2568,2705 2549,2721 2536,2721 2520,2705 2464,2705 2444,2697 2305,2697 2281,2706 2249,2706 2225,2723 2197,2717 2069,2718 2049,2701 1904,2697 1841,2710 1658,2709 1622,2718 1547,2721 1518,2717 1510,2709 1452,2710"/>
        <Baseline points="1480,2690 1530,2686 1580,2683 1630,2681 1680,2680 1730,2679 1780,2677 1830,2675 1880,2675 1930,2674 1980,2672 2030,2672 2080,2672 2130,2671 2180,2671 2230,2670 2280,2670 2330,2670 2380,2669 2430,2669 2480,2670 2530,2670 2580,2669 2630,2670 2680,2671 2730,2672 2780,2673 2830,2674 2880,2675 2930,2676 2980,2676 3030,2676 3080,2677 3130,2678 3180,2679 3230,2680 3280,2680 3330,2680 3377,2679"/>
        <Word id="word_ca668241-dd72-41a6-87fe-5aa9c7f277c5">
          <Coords points="1477,2655 1527,2651 1578,2648 1629,2646 1679,2645 1680,2645 1681,2690 1680,2690 1630,2691 1581,2693 1531,2696 1481,2700"/>
          <TextEquiv>
            <Unicode>Ouglij,</Unicode>
          </TextEquiv>
        </Word>
        <Word id="word_788254b8-eea7-4ca9-a42e-7ff6c9210bb7">
          <Coords points="1709,2644 1729,2644 1779,2642 1823,2640 1825,2685 1780,2687 1730,2689 1710,2689"/>
          <TextEquiv>
            <Unicode>ende</Unicode>
          </TextEquiv>
        </Word>
        <Word id="word_101737c1-0d76-4846-aac7-1f3dc8e623c0">
          <Coords points="1855,2639 1881,2640 1929,2639 1938,2639 1940,2684 1930,2684 1880,2685 1853,2684"/>
          <TextEquiv>
            <Unicode>ome</Unicode>
          </TextEquiv>
        </Word>
        <Word id="word_1af55bcc-056d-47cc-8541-046bf81697d4">
          <Coords points="1967,2637 1979,2637 2030,2637 2080,2637 2129,2636 2180,2636 2226,2635 2227,2680 2180,2681 2130,2681 2080,2682 2030,2682 1980,2682 1969,2682"/>
          <TextEquiv>
            <Unicode>s'Compj=e</Unicode>
          </TextEquiv>
        </Word>
        <Word id="word_dcdff2f0-9754-4d9a-a716-3afd3886b828">
          <Coords points="2257,2634 2281,2635 2330,2635 2379,2634 2430,2634 2481,2635 2486,2635 2486,2680 2480,2680 2430,2679 2380,2679 2330,2680 2280,2680 2256,2679"/>
          <TextEquiv>
            <Unicode>goederen</Unicode>
          </TextEquiv>
        </Word>
        <Word id="word_b10f63bd-18c1-434f-b46f-6f76cade3056">
          <Coords points="2515,2635 2530,2635 2579,2634 2631,2635 2681,2636 2731,2637 2745,2637 2744,2682 2730,2682 2680,2681 2630,2680 2580,2679 2530,2680 2515,2680"/>
          <TextEquiv>
            <Unicode>d'Ganges</Unicode>
          </TextEquiv>
        </Word>
        <Word id="word_4d8e7057-774d-4ad6-b33c-98ef4b47ee4d">
          <Coords points="2774,2638 2781,2638 2831,2639 2831,2639 2831,2684 2830,2684 2780,2683 2773,2683"/>
          <TextEquiv>
            <Unicode>op</Unicode>
          </TextEquiv>
        </Word>
        <Word id="word_70d203e2-a778-4d77-91b9-9566f6ebcf66">
          <Coords points="2860,2640 2881,2640 2931,2641 2974,2641 2974,2686 2930,2686 2880,2685 2859,2685"/>
          <TextEquiv>
            <Unicode>ende</Unicode>
          </TextEquiv>
        </Word>
        <Word id="word_d2e73dfc-35b5-484f-a19c-b0abd3a7bb29">
          <Coords points="3003,2641 3030,2641 3081,2642 3090,2642 3089,2687 3080,2687 3030,2686 3003,2686"/>
          <TextEquiv>
            <Unicode>aff</Unicode>
          </TextEquiv>
        </Word>
        <Word id="word_65bebf26-27fe-485a-a29b-8c322d8e03f5">
          <Coords points="3119,2643 3131,2643 3176,2644 3176,2689 3130,2688 3118,2688"/>
          <TextEquiv>
            <Unicode>te</Unicode>
          </TextEquiv>
        </Word>
        <Word id="word_2fc21370-2471-4567-b73c-51faa4dba0ca">
          <Coords points="3205,2644 3231,2645 3280,2645 3330,2645 3376,2644 3377,2689 3330,2690 3280,2690 3230,2690 3204,2689"/>
          <TextEquiv>
            <Unicode>voeren</Unicode>
          </TextEquiv>
        </Word>
        <TextEquiv conf="0.8688723665977192">
          <Unicode>Ouglij, ende ome s'Compj=e goederen d'Ganges op ende aff te voeren</Unicode>
        </TextEquiv>
        <TextStyle xHeight="37"/>
      </TextLine>
      <TextLine id="line_238f3182-d3b7-47f8-a7d4-54b36c2b9b0d">
        <Coords points="1443,2710 1513,2709 1545,2722 1657,2709 1841,2710 1904,2697 2224,2705 2240,2714 2248,2706 2280,2706 2304,2697 2444,2697 2464,2705 2520,2705 2536,2721 2548,2722 2568,2705 2684,2710 2736,2697 2756,2697 2764,2705 2876,2705 2884,2713 3072,2714 3096,2690 3107,2689 3131,2713 3307,2717 3361,2730 3383,2716 3404,2716 3404,2774 3367,2803 3345,2790 3311,2790 3287,2811 3275,2810 3248,2783 2934,2787 2907,2803 2871,2803 2860,2794 2480,2798 2456,2775 2220,2772 2189,2783 1889,2783 1869,2791 1709,2786 1677,2799 1533,2794 1504,2819 1443,2819"/>
        <Baseline points="1471,2776 1521,2774 1571,2773 1621,2770 1671,2768 1721,2766 1771,2765 1821,2764 1871,2763 1921,2762 1971,2761 2021,2761 2071,2761 2121,2761 2171,2761 2221,2760 2271,2760 2321,2759 2371,2760 2421,2759 2471,2758 2521,2758 2571,2758 2621,2758 2671,2758 2721,2758 2771,2758 2821,2759 2871,2761 2921,2762 2971,2762 3021,2762 3071,2761 3121,2761 3171,2760 3221,2760 3271,2759 3321,2759 3371,2759 3377,2760"/>
        <Word id="word_af6fc286-7f93-4cf1-9021-108a21ccaee9">
          <Coords points="1470,2741 1520,2739 1529,2739 1530,2784 1521,2784 1471,2786"/>
          <TextEquiv>
            <Unicode>Jn</Unicode>
          </TextEquiv>
        </Word>
        <Word id="word_93fc580c-a65a-446b-9975-12c8183e1b51">
          <Coords points="1558,2738 1570,2738 1619,2735 1670,2733 1720,2731 1770,2730 1793,2730 1794,2775 1771,2775 1721,2776 1671,2778 1622,2780 1571,2783 1559,2783"/>
          <TextEquiv>
            <Unicode>bengalen</Unicode>
          </TextEquiv>
        </Word>
        <Word id="word_c044433f-b4a1-4526-85b7-43cf40c95f78">
          <Coords points="1822,2729 1870,2728 1920,2727 1970,2726 2021,2726 2071,2726 2116,2726 2116,2771 2071,2771 2021,2771 1971,2771 1921,2772 1871,2773 1823,2774"/>
          <TextEquiv>
            <Unicode>verbleven,</Unicode>
          </TextEquiv>
        </Word>
        <Word id="word_f5454090-8ec4-4e69-b002-8bbb6ae42c14">
          <Coords points="2145,2726 2171,2726 2220,2725 2263,2725 2263,2770 2221,2770 2171,2771 2145,2771"/>
          <TextEquiv>
            <Unicode>ende</Unicode>
          </TextEquiv>
        </Word>
        <Word id="word_d8e92b6b-8946-40ab-8b00-8e174a4f0073">
          <Coords points="2291,2725 2320,2724 2372,2725 2420,2724 2470,2723 2521,2723 2556,2723 2556,2768 2521,2768 2471,2768 2421,2769 2371,2770 2321,2769 2292,2770"/>
          <TextEquiv>
            <Unicode>d'Chaloup</Unicode>
          </TextEquiv>
        </Word>
        <Word id="word_32d8eb96-9681-4d34-a140-c065009e5c27">
          <Coords points="2585,2723 2621,2723 2671,2723 2721,2723 2732,2723 2732,2768 2721,2768 2671,2768 2621,2768 2585,2768"/>
          <TextEquiv>
            <Unicode>cleen</Unicode>
          </TextEquiv>
        </Word>
        <Word id="word_56d9f874-bc78-4cdc-9402-989f468fc2af">
          <Coords points="2761,2723 2771,2723 2822,2724 2872,2726 2922,2727 2971,2727 2996,2727 2996,2772 2971,2772 2921,2772 2871,2771 2821,2769 2771,2768 2761,2768"/>
          <TextEquiv>
            <Unicode>pijpelij</Unicode>
          </TextEquiv>
        </Word>
        <Word id="word_fd816eb7-74d2-417c-b57d-7a9fd4206baf">
          <Coords points="3024,2727 3070,2726 3113,2726 3113,2771 3071,2771 3025,2772"/>
          <TextEquiv>
            <Unicode>van</Unicode>
          </TextEquiv>
        </Word>
        <Word id="word_e4b4b112-6983-4f15-94f4-56a5d92b1a1d">
          <Coords points="3141,2726 3170,2725 3221,2725 3230,2725 3231,2770 3221,2770 3171,2770 3143,2771"/>
          <TextEquiv>
            <Unicode>den</Unicode>
          </TextEquiv>
        </Word>
        <Word id="word_81ef1ff0-bcb6-44ce-ad3d-81ec6d70dd8a">
          <Coords points="3259,2724 3270,2724 3321,2724 3371,2724 3383,2725 3375,2770 3371,2769 3321,2769 3271,2769 3260,2769"/>
          <TextEquiv>
            <Unicode>worm</Unicode>
          </TextEquiv>
        </Word>
        <TextEquiv conf="0.9175592141115843">
          <Unicode>Jn bengalen verbleven, ende d'Chaloup cleen pijpelij van den worm</Unicode>
        </TextEquiv>
        <TextStyle xHeight="36"/>
      </TextLine>
      <TextLine id="line_0a89ee10-b6a2-43fd-987d-2b23118c761a">
        <Coords points="1445,2820 1503,2820 1539,2791 1579,2791 1587,2799 1695,2796 1719,2773 2302,2772 2458,2776 2478,2792 2907,2796 2949,2785 3245,2784 3280,2812 3290,2811 3313,2788 3342,2788 3365,2804 3406,2800 3406,2858 3385,2855 3335,2899 3165,2899 3049,2874 3029,2883 2953,2883 2941,2895 2746,2894 2662,2882 2574,2887 2546,2862 2335,2859 2254,2863 2230,2879 2154,2879 2138,2866 2014,2867 2006,2875 1859,2870 1831,2891 1767,2882 1445,2882"/>
        <Baseline points="1473,2860 1523,2861 1573,2860 1623,2858 1673,2855 1723,2854 1773,2854 1823,2853 1873,2851 1923,2850 1973,2849 2023,2849 2073,2848 2123,2847 2173,2845 2223,2845 2273,2844 2323,2843 2373,2842 2423,2841 2473,2842 2523,2842 2573,2843 2623,2843 2673,2844 2723,2844 2773,2846 2823,2846 2873,2846 2923,2846 2973,2847 3023,2847 3073,2846 3123,2846 3173,2845 3223,2845 3273,2844 3323,2844 3373,2843 3379,2844"/>
        <Word id="word_7cd600ad-561c-48b4-b55d-fbb8b3593a77">
          <Coords points="1474,2825 1524,2826 1556,2825 1557,2870 1523,2871 1473,2870"/>
          <TextEquiv>
            <Unicode>soo</Unicode>
          </TextEquiv>
        </Word>
        <Word id="word_a1de6ba6-a39e-4e92-a7a1-1f4d49ae9cc9">
          <Coords points="1584,2825 1621,2823 1671,2820 1696,2820 1697,2865 1674,2865 1623,2868 1586,2870"/>
          <TextEquiv>
            <Unicode>seer</Unicode>
          </TextEquiv>
        </Word>
        <Word id="word_4a9f66b6-57f2-49fb-9c37-4c86becca9be">
          <Coords points="1725,2819 1773,2819 1822,2818 1872,2816 1922,2815 1972,2814 2005,2814 2005,2859 1973,2859 1923,2860 1873,2861 1823,2863 1773,2864 1725,2864"/>
          <TextEquiv>
            <Unicode>doorgeten,</Unicode>
          </TextEquiv>
        </Word>
        <Word id="word_a4ca9741-c991-40d9-8300-d3aaf219ebd2">
          <Coords points="2033,2814 2072,2813 2117,2812 2118,2857 2073,2858 2034,2859"/>
          <TextEquiv>
            <Unicode>dat</Unicode>
          </TextEquiv>
        </Word>
        <Word id="word_d3daacc5-b060-491e-afec-a6cbb9e5d4d9">
          <Coords points="2144,2812 2171,2810 2223,2810 2272,2809 2313,2808 2314,2853 2273,2854 2223,2855 2174,2855 2146,2857"/>
          <TextEquiv>
            <Unicode>langer</Unicode>
          </TextEquiv>
        </Word>
        <Word id="word_21ca3d6b-8389-4b10-880d-ce5df5af9c36">
          <Coords points="2341,2808 2372,2807 2422,2806 2455,2807 2454,2852 2423,2851 2373,2852 2342,2853"/>
          <TextEquiv>
            <Unicode>miet</Unicode>
          </TextEquiv>
        </Word>
        <Word id="word_4d570e74-8224-463c-a988-25fe9fe83249">
          <Coords points="2482,2807 2523,2807 2574,2808 2594,2808 2594,2853 2573,2853 2523,2852 2482,2852"/>
          <TextEquiv>
            <Unicode>voor</Unicode>
          </TextEquiv>
        </Word>
        <Word id="word_e50833d1-b59a-4bf0-bee8-c18f32fe8c32">
          <Coords points="2622,2808 2623,2808 2674,2809 2678,2809 2678,2854 2673,2854 2623,2853 2622,2853"/>
          <TextEquiv>
            <Unicode>en</Unicode>
          </TextEquiv>
        </Word>
        <Word id="word_9a4d2d85-13b7-413e-966e-cc262cc56c9e">
          <Coords points="2706,2809 2723,2809 2774,2811 2823,2811 2846,2811 2846,2856 2823,2856 2773,2856 2723,2854 2706,2854"/>
          <TextEquiv>
            <Unicode>aleer</Unicode>
          </TextEquiv>
        </Word>
        <Word id="word_dabcb715-ae6c-4ff7-be60-00244821c312">
          <Coords points="2874,2811 2923,2811 2974,2812 3023,2812 3072,2811 3123,2811 3126,2811 3127,2856 3123,2856 3073,2856 3023,2857 2973,2857 2923,2856 2874,2856"/>
          <TextEquiv>
            <Unicode>andermael</Unicode>
          </TextEquiv>
        </Word>
        <Word id="word_c79a10e0-2fe6-4457-923d-94653321a25e">
          <Coords points="3154,2810 3172,2810 3223,2810 3272,2809 3323,2809 3372,2808 3385,2809 3377,2854 3373,2853 3323,2854 3273,2854 3223,2855 3173,2855 3155,2855"/>
          <TextEquiv>
            <Unicode>verdubbe</Unicode>
          </TextEquiv>
        </Word>
        <TextEquiv conf="0.9445227087828857">
          <Unicode>soo seer doorgeten, dat langer miet voor en aleer andermael verdubbe</Unicode>
        </TextEquiv>
        <TextStyle xHeight="36"/>
      </TextLine>
      <TextLine id="f352934c-cd5b-48f0-95e1-806e4a5e32e9">
        <Coords points="1433,2884 1787,2884 1831,2893 1855,2873 2138,2869 2150,2877 2235,2877 2262,2854 2291,2854 2338,2861 2546,2861 2578,2889 2598,2889 2610,2880 2774,2880 2798,2892 2945,2893 2957,2881 3089,2880 3109,2884 3121,2896 3165,2900 3333,2901 3360,2877 3385,2876 3406,2885 3406,2944 3381,2944 3369,2956 2921,2952 2893,2980 2858,2979 2834,2955 2686,2964 2482,2963 2463,2944 2426,2944 2178,2960 1859,2960 1851,2968 1663,2968 1651,2980 1433,2984"/>
        <Baseline points="1461,2950 1511,2949 1561,2947 1611,2945 1661,2942 1711,2941 1761,2939 1811,2937 1861,2935 1911,2934 1961,2933 2011,2933 2061,2933 2111,2932 2161,2930 2211,2929 2261,2928 2311,2928 2361,2927 2411,2926 2461,2927 2511,2926 2561,2927 2611,2927 2661,2927 2711,2927 2761,2928 2811,2928 2861,2929 2911,2930 2961,2931 3011,2931 3061,2933 3111,2933 3161,2932 3211,2932 3261,2934 3311,2933 3361,2933 3379,2930"/>
        <Word id="word_fa1e79cd-2baf-4999-b08e-be0e967ec358">
          <Coords points="1460,2915 1510,2914 1560,2912 1610,2910 1654,2907 1657,2952 1611,2955 1561,2957 1511,2959 1461,2960"/>
          <TextEquiv>
            <Unicode>(welcq</Unicode>
          </TextEquiv>
        </Word>
        <Word id="word_43a29eeb-cb97-455c-b5f5-2c94af33a18d">
          <Coords points="1689,2905 1712,2906 1752,2904 1754,2949 1711,2951 1688,2950"/>
          <TextEquiv>
            <Unicode>op</Unicode>
          </TextEquiv>
        </Word>
        <Word id="word_c30cb2b0-2fd5-42b1-90a2-a60a219fd028">
          <Coords points="1785,2903 1810,2902 1860,2900 1910,2899 1960,2898 2011,2898 2061,2898 2078,2898 2079,2943 2061,2943 2011,2943 1961,2943 1911,2944 1861,2945 1811,2947 1786,2948"/>
          <TextEquiv>
            <Unicode>Masulipat</Unicode>
          </TextEquiv>
        </Word>
        <Word id="word_3eea69e3-b6f6-46aa-a8a7-c583e607ef19">
          <Coords points="2110,2897 2160,2895 2210,2894 2240,2893 2241,2938 2211,2939 2161,2940 2111,2942"/>
          <TextEquiv>
            <Unicode>door</Unicode>
          </TextEquiv>
        </Word>
        <Word id="word_c89d700c-3119-4600-87ce-a7b3542b646c">
          <Coords points="2274,2893 2311,2893 2360,2892 2410,2891 2462,2892 2510,2891 2562,2892 2611,2892 2661,2892 2696,2892 2696,2937 2661,2937 2611,2937 2561,2937 2511,2936 2461,2937 2411,2936 2361,2937 2311,2938 2274,2938"/>
          <TextEquiv>
            <Unicode>Jegenwoordigh</Unicode>
          </TextEquiv>
        </Word>
        <Word id="word_c16249ed-cb03-4a2e-afb0-17312b9c1b9c">
          <Coords points="2730,2892 2762,2893 2811,2893 2862,2894 2912,2895 2962,2896 3011,2896 3062,2898 3087,2898 3087,2943 3061,2943 3011,2941 2961,2941 2911,2940 2861,2939 2811,2938 2761,2938 2729,2937"/>
          <TextEquiv>
            <Unicode>mancquement</Unicode>
          </TextEquiv>
        </Word>
        <Word id="word_96a991a0-3e3c-4e25-b52e-b76a13e4a617">
          <Coords points="3118,2898 3160,2897 3211,2897 3218,2897 3216,2942 3211,2942 3161,2942 3119,2943"/>
          <TextEquiv>
            <Unicode>van</Unicode>
          </TextEquiv>
        </Word>
        <Word id="word_f932b2cd-4858-41ff-a2ab-fe06856a961a">
          <Coords points="3251,2899 3262,2899 3310,2898 3361,2898 3373,2895 3381,2940 3361,2943 3311,2943 3261,2944 3249,2944"/>
          <TextEquiv>
            <Unicode>hout</Unicode>
          </TextEquiv>
        </Word>
        <TextEquiv conf="0.9363334214210391">
          <Unicode>(welcq op Masulipat door Jegenwoordigh mancquement van hout</Unicode>
        </TextEquiv>
        <TextStyle xHeight="33"/>
      </TextLine>
      <TextLine id="line_67c0245a-c954-4b36-ba74-065f60f09146">
        <Coords points="1444,2984 1650,2980 1662,2968 1849,2968 1857,2960 2285,2956 2421,2943 2460,2943 2480,2963 2688,2964 2836,2955 2860,2976 2900,2976 2924,2955 3351,2951 3367,2960 3393,2959 3404,2970 3404,3029 3379,3030 3363,3045 3355,3041 3328,3068 3291,3033 3076,3030 3065,3041 3052,3041 3019,3072 2904,3064 2868,3029 2752,3029 2729,3041 2636,3044 2600,3057 2468,3052 2444,3048 2429,3034 2273,3038 2261,3049 2121,3038 2105,3053 1961,3052 1945,3040 1837,3041 1826,3049 1710,3049 1682,3057 1522,3057 1498,3077 1444,3081"/>
        <Baseline points="1472,3042 1522,3040 1572,3039 1622,3037 1672,3034 1722,3033 1772,3031 1822,3030 1872,3028 1922,3026 1972,3023 2022,3021 2072,3019 2122,3017 2172,3014 2222,3013 2272,3013 2322,3012 2372,3012 2422,3012 2472,3013 2522,3014 2572,3013 2622,3014 2672,3014 2722,3015 2772,3015 2822,3016 2872,3017 2922,3017 2972,3018 3022,3019 3072,3020 3122,3020 3172,3020 3222,3020 3272,3020 3322,3019 3372,3017 3377,3015"/>
        <Word id="word_5bc01924-399b-453d-a212-a1b3e5659247">
          <Coords points="1471,3007 1521,3005 1571,3004 1621,3002 1658,3000 1660,3045 1622,3047 1572,3049 1522,3050 1472,3052"/>
          <TextEquiv>
            <Unicode>alhier,</Unicode>
          </TextEquiv>
        </Word>
        <Word id="word_61682150-388f-4ed4-951a-cf19d2af53f7">
          <Coords points="1686,2998 1722,2998 1771,2996 1821,2995 1871,2993 1921,2991 1953,2989 1955,3034 1922,3036 1872,3038 1822,3040 1772,3041 1722,3043 1687,3043"/>
          <TextEquiv>
            <Unicode>geschieden</Unicode>
          </TextEquiv>
        </Word>
        <Word id="word_12c6056f-1166-4f37-b33d-b4b8a3a3a016">
          <Coords points="1980,2987 2021,2986 2071,2984 2114,2982 2116,3027 2072,3029 2022,3031 1982,3032"/>
          <TextEquiv>
            <Unicode>moet)</Unicode>
          </TextEquiv>
        </Word>
        <Word id="word_fd8931cb-20ed-4e4b-895c-f35200b78b49">
          <Coords points="2140,2981 2169,2979 2221,2978 2272,2978 2321,2977 2372,2977 2384,2977 2384,3022 2372,3022 2322,3022 2272,3023 2222,3023 2173,3024 2143,3026"/>
          <TextEquiv>
            <Unicode>navigabel</Unicode>
          </TextEquiv>
        </Word>
        <Word id="word_64ae695d-8fea-4881-88d4-c1b84ae7d100">
          <Coords points="2411,2977 2422,2977 2473,2978 2492,2978 2491,3023 2472,3023 2422,3022 2411,3022"/>
          <TextEquiv>
            <Unicode>der</Unicode>
          </TextEquiv>
        </Word>
        <Word id="word_d9c95d80-2d7e-4ae3-bb45-5e0f6c5654a6">
          <Coords points="2519,2979 2523,2979 2571,2978 2623,2979 2653,2979 2653,3024 2622,3024 2572,3023 2522,3024 2518,3024"/>
          <TextEquiv>
            <Unicode>wegen</Unicode>
          </TextEquiv>
        </Word>
        <Word id="word_2b1afc49-9cd1-43d3-b649-0b60914cecca">
          <Coords points="2680,2979 2723,2980 2760,2980 2760,3025 2722,3025 2679,3024"/>
          <TextEquiv>
            <Unicode>ons</Unicode>
          </TextEquiv>
        </Word>
        <Word id="word_1d3be99f-d235-4141-b296-5a1b456648c1">
          <Coords points="2788,2980 2823,2981 2868,2982 2867,3027 2822,3026 2787,3025"/>
          <TextEquiv>
            <Unicode>dan</Unicode>
          </TextEquiv>
        </Word>
        <Word id="word_cca4c72a-6755-41f6-b68b-483f3bc5e53b">
          <Coords points="2894,2982 2921,2982 2973,2983 3002,2984 3001,3029 2972,3028 2922,3027 2894,3027"/>
          <TextEquiv>
            <Unicode>oocq</Unicode>
          </TextEquiv>
        </Word>
        <Word id="word_97c9820a-faf0-4f7b-b2e7-76c82f9c14b7">
          <Coords points="3029,2984 3073,2985 3122,2985 3136,2985 3136,3030 3122,3030 3072,3030 3028,3029"/>
          <TextEquiv>
            <Unicode>geen</Unicode>
          </TextEquiv>
        </Word>
        <Word id="word_1566ed36-7dc7-4ed4-8d0d-ceb40fead332">
          <Coords points="3163,2985 3172,2985 3222,2985 3272,2985 3321,2984 3364,2983 3371,2982 3381,3024 3372,3027 3322,3029 3272,3030 3222,3030 3172,3030 3163,3030"/>
          <TextEquiv>
            <Unicode>vaertuij</Unicode>
          </TextEquiv>
        </Word>
        <TextEquiv conf="0.9532700672625488">
          <Unicode>alhier, geschieden moet) navigabel der wegen ons dan oocq geen vaertuij</Unicode>
        </TextEquiv>
        <TextStyle xHeight="33"/>
      </TextLine>
      <TextLine id="line_19c54ced-5660-4fcb-99f1-e5b83b66622c">
        <Coords points="1448,3082 1494,3078 1510,3062 1534,3054 1682,3058 1710,3046 1966,3033 2178,3037 2190,3046 2429,3033 2441,3045 2465,3045 2473,3053 2601,3054 2641,3041 2729,3042 2745,3029 2865,3029 2901,3065 3008,3065 3018,3073 3049,3042 3065,3042 3077,3030 3214,3030 3293,3035 3329,3066 3348,3061 3394,3067 3394,3125 3389,3119 3345,3124 3321,3139 3065,3138 3041,3157 2917,3157 2878,3120 2666,3131 2302,3131 2293,3139 2221,3147 2146,3142 2115,3131 1942,3131 1906,3135 1886,3147 1646,3146 1626,3163 1592,3139 1448,3143"/>
        <Baseline points="1476,3136 1526,3131 1576,3127 1626,3124 1676,3122 1726,3120 1776,3118 1826,3117 1876,3115 1926,3114 1976,3113 2026,3111 2076,3108 2126,3106 2176,3105 2226,3103 2276,3102 2326,3103 2376,3102 2426,3102 2476,3103 2526,3103 2576,3102 2626,3103 2676,3104 2726,3104 2776,3104 2826,3104 2876,3104 2926,3104 2976,3105 3026,3105 3076,3107 3126,3107 3176,3108 3226,3108 3276,3109 3326,3110 3367,3111"/>
        <Word id="word_7380bf3e-14c3-4a52-874b-2488943a9a20">
          <Coords points="1473,3101 1523,3096 1552,3094 1555,3139 1527,3141 1477,3146"/>
          <TextEquiv>
            <Unicode>ome</Unicode>
          </TextEquiv>
        </Word>
        <Word id="word_663c1fd0-3b2d-4007-b4e2-1ece139c0dbd">
          <Coords points="1579,3092 1624,3089 1675,3087 1684,3087 1686,3132 1676,3132 1627,3134 1581,3137"/>
          <TextEquiv>
            <Unicode>naer</Unicode>
          </TextEquiv>
        </Word>
        <Word id="word_ca990b1c-d4c0-40b0-8dac-93c069f6a84a">
          <Coords points="1711,3086 1725,3085 1763,3083 1765,3128 1726,3130 1712,3131"/>
          <TextEquiv>
            <Unicode>d'</Unicode>
          </TextEquiv>
        </Word>
        <Word id="word_b3d41be8-890d-46c6-b60f-c714a7a93328">
          <Coords points="1790,3082 1826,3082 1875,3080 1925,3079 1974,3078 1975,3123 1926,3124 1876,3125 1826,3127 1791,3127"/>
          <TextEquiv>
            <Unicode>Zuijdt,</Unicode>
          </TextEquiv>
        </Word>
        <Word id="word_51f16b77-faa3-4744-9bbf-863c27a4d076">
          <Coords points="1999,3078 2024,3076 2074,3073 2078,3073 2080,3118 2077,3118 2027,3121 2001,3122"/>
          <TextEquiv>
            <Unicode>als</Unicode>
          </TextEquiv>
        </Word>
        <Word id="word_e61f7b30-eb67-493d-b1b6-13bb6024d48e">
          <Coords points="2104,3072 2125,3071 2175,3070 2225,3068 2263,3067 2264,3112 2226,3113 2176,3115 2126,3116 2106,3117"/>
          <TextEquiv>
            <Unicode>elders</Unicode>
          </TextEquiv>
        </Word>
        <Word id="word_1fa66cda-224d-492d-bb5d-32352fe889d1">
          <Coords points="2291,3067 2327,3068 2368,3067 2369,3112 2326,3113 2289,3112"/>
          <TextEquiv>
            <Unicode>bij</Unicode>
          </TextEquiv>
        </Word>
        <Word id="word_b2778a4d-356e-4054-8d1a-fb9da41e675f">
          <Coords points="2395,3067 2426,3067 2477,3068 2526,3068 2552,3067 2553,3112 2526,3113 2476,3113 2426,3112 2395,3112"/>
          <TextEquiv>
            <Unicode>nodigh</Unicode>
          </TextEquiv>
        </Word>
        <Word id="word_520be69f-e902-4032-8c48-395444ad486b">
          <Coords points="2579,3067 2627,3068 2677,3069 2726,3069 2776,3069 2815,3069 2815,3114 2776,3114 2726,3114 2676,3114 2626,3113 2578,3112"/>
          <TextEquiv>
            <Unicode>vereijsch</Unicode>
          </TextEquiv>
        </Word>
        <Word id="word_d13692d4-0355-44df-a0de-085c0d1c16be">
          <Coords points="2841,3069 2876,3069 2894,3069 2894,3114 2876,3114 2841,3114"/>
          <TextEquiv>
            <Unicode>te</Unicode>
          </TextEquiv>
        </Word>
        <Word id="word_4ab9e55c-1847-4a5f-a41b-7ed10a4edb68">
          <Coords points="2920,3069 2926,3069 2977,3070 3026,3070 3053,3071 3051,3116 3026,3115 2976,3115 2926,3114 2920,3114"/>
          <TextEquiv>
            <Unicode>mogen</Unicode>
          </TextEquiv>
        </Word>
        <Word id="word_361aff24-0211-4feb-80de-bb27c52b87d9">
          <Coords points="3078,3072 3126,3072 3177,3073 3226,3073 3277,3074 3327,3075 3368,3076 3367,3121 3326,3120 3276,3119 3226,3118 3176,3118 3126,3117 3078,3117"/>
          <TextEquiv>
            <Unicode>gebruijcken</Unicode>
          </TextEquiv>
        </Word>
        <TextEquiv conf="0.8934083281249293">
          <Unicode>ome naer d' Zuijdt, als elders bij nodigh vereijsch te mogen gebruijcken</Unicode>
        </TextEquiv>
        <TextStyle xHeight="40"/>
      </TextLine>
      <TextLine id="f1e7ae8c-1204-41c4-a03f-e989c27bd13d">
        <Coords points="1441,3145 1587,3133 1899,3141 1915,3129 1954,3128 1990,3128 1998,3136 2215,3141 2302,3132 2877,3120 2917,3159 3041,3159 3061,3141 3085,3140 3137,3149 3273,3152 3285,3164 3348,3164 3366,3176 3389,3154 3402,3154 3402,3212 3377,3211 3346,3234 3292,3233 3270,3211 3169,3211 3145,3222 3021,3222 3009,3234 2977,3238 2798,3233 2790,3225 2519,3222 2510,3230 2478,3230 2454,3253 2386,3245 2366,3225 2257,3230 2248,3221 1679,3222 1441,3230"/>
        <Baseline points="1469,3222 1519,3220 1569,3217 1619,3214 1669,3212 1719,3210 1769,3208 1819,3206 1869,3203 1919,3201 1969,3201 2019,3199 2069,3199 2119,3198 2169,3197 2219,3195 2269,3195 2319,3195 2369,3195 2419,3194 2469,3193 2519,3194 2569,3194 2619,3195 2669,3196 2719,3197 2769,3197 2819,3198 2869,3199 2919,3199 2969,3200 3019,3200 3069,3201 3119,3201 3169,3201 3219,3203 3269,3203 3319,3202 3369,3201 3375,3198"/>
        <Word id="word_aee9d3d0-e819-46e9-9113-12f68a055c0e">
          <Coords points="1468,3187 1518,3185 1567,3182 1617,3179 1668,3177 1718,3175 1725,3175 1727,3220 1719,3220 1669,3222 1620,3224 1570,3227 1519,3230 1469,3232"/>
          <TextEquiv>
            <Unicode>resterende</Unicode>
          </TextEquiv>
        </Word>
        <Word id="word_bf83b99d-5f41-429a-9b1c-71c144d727ef">
          <Coords points="1751,3174 1768,3173 1818,3171 1827,3170 1830,3215 1819,3216 1769,3218 1753,3219"/>
          <TextEquiv>
            <Unicode>is,</Unicode>
          </TextEquiv>
        </Word>
        <Word id="word_a1b71ecc-416a-4706-9c7a-aec06971fde5">
          <Coords points="1853,3169 1867,3168 1918,3166 1969,3166 2018,3164 2061,3164 2061,3209 2019,3209 1969,3211 1919,3211 1870,3213 1856,3214"/>
          <TextEquiv>
            <Unicode>mitsdien</Unicode>
          </TextEquiv>
        </Word>
        <Word id="word_a734c5ed-e806-49da-bf7a-fa914e05e49e">
          <Coords points="2086,3164 2118,3163 2138,3163 2139,3208 2119,3208 2087,3209"/>
          <TextEquiv>
            <Unicode>jn</Unicode>
          </TextEquiv>
        </Word>
        <Word id="word_e5136391-584a-4447-853a-d83451358c91">
          <Coords points="2164,3162 2168,3162 2218,3160 2269,3160 2319,3160 2369,3160 2396,3159 2397,3204 2369,3205 2319,3205 2269,3205 2219,3205 2169,3207 2165,3207"/>
          <TextEquiv>
            <Unicode>voornemen</Unicode>
          </TextEquiv>
        </Word>
        <Word id="word_dd014741-97d1-4dca-9f06-cb462ab85c09">
          <Coords points="2421,3159 2468,3158 2520,3159 2569,3159 2603,3160 2602,3205 2569,3204 2519,3204 2469,3203 2422,3204"/>
          <TextEquiv>
            <Unicode>blijven</Unicode>
          </TextEquiv>
        </Word>
        <Word id="word_4bade92a-678a-49de-945a-93bfb459a681">
          <Coords points="2629,3160 2670,3161 2681,3161 2680,3206 2669,3206 2628,3205"/>
          <TextEquiv>
            <Unicode>op</Unicode>
          </TextEquiv>
        </Word>
        <Word id="word_5c62c69b-7267-47ee-ab9a-9de945fc4250">
          <Coords points="2706,3162 2720,3162 2757,3162 2757,3207 2719,3207 2705,3207"/>
          <TextEquiv>
            <Unicode>v:</Unicode>
          </TextEquiv>
        </Word>
        <Word id="word_6b7ad0a2-a6b3-4e74-8d72-2d803e8f1de3">
          <Coords points="2784,3162 2820,3163 2870,3164 2886,3164 2886,3209 2869,3209 2819,3208 2783,3207"/>
          <TextEquiv>
            <Unicode>E:d:</Unicode>
          </TextEquiv>
        </Word>
        <Word id="word_07177969-e331-4b7b-b573-e40fa70130d2">
          <Coords points="2912,3164 2919,3164 2970,3165 3015,3165 3015,3210 2969,3210 2919,3209 2912,3209"/>
          <TextEquiv>
            <Unicode>voor</Unicode>
          </TextEquiv>
        </Word>
        <Word id="word_3336f190-d28f-4452-a41c-33a1064cdf8c">
          <Coords points="3042,3165 3070,3166 3119,3166 3169,3166 3171,3166 3169,3211 3169,3211 3119,3211 3069,3211 3040,3210"/>
          <TextEquiv>
            <Unicode>desen</Unicode>
          </TextEquiv>
        </Word>
        <Word id="word_e67343c9-e47a-4242-9d59-9419c1c16888">
          <Coords points="3197,3167 3220,3168 3269,3168 3272,3168 3273,3213 3269,3213 3219,3213 3195,3212"/>
          <TextEquiv>
            <Unicode>aen</Unicode>
          </TextEquiv>
        </Word>
        <Word id="word_eed49efe-7bfd-4486-8ef4-db39c21dd51f">
          <Coords points="3298,3167 3318,3167 3359,3167 3368,3166 3379,3207 3369,3211 3319,3212 3299,3212"/>
          <TextEquiv>
            <Unicode>mij</Unicode>
          </TextEquiv>
        </Word>
        <TextEquiv conf="0.9012626731862232">
          <Unicode>resterende is, mitsdien jn voornemen blijven op v: E:d: voor desen aen mij</Unicode>
        </TextEquiv>
        <TextStyle xHeight="36"/>
      </TextLine>
      <TextLine id="line_59d0fa25-ffeb-4da4-b9de-8f6252df6779">
        <Coords points="1432,3235 1550,3235 1558,3227 1582,3226 1614,3226 1626,3235 1769,3235 1794,3227 2118,3227 2150,3207 2254,3202 2274,3222 2362,3222 2386,3246 2410,3250 2457,3251 2477,3231 2505,3231 2521,3222 2713,3227 2725,3215 2953,3210 3129,3219 3169,3211 3270,3211 3297,3235 3345,3235 3366,3219 3397,3250 3406,3250 3406,3309 3366,3347 3257,3347 3241,3343 3198,3305 3153,3305 3129,3320 3025,3319 3018,3312 2853,3313 2846,3320 2740,3324 2681,3323 2658,3312 2529,3320 2510,3305 2461,3305 2433,3332 2376,3332 2351,3308 2326,3313 2315,3305 2202,3305 2154,3309 2114,3344 2002,3344 1986,3339 1955,3309 1654,3309 1586,3313 1558,3336 1510,3331 1478,3348 1432,3343"/>
        <Baseline points="1460,3308 1510,3309 1560,3307 1610,3305 1660,3302 1710,3300 1760,3298 1810,3296 1860,3295 1910,3292 1960,3291 2010,3291 2060,3290 2110,3289 2160,3287 2210,3287 2260,3288 2310,3288 2360,3288 2410,3288 2460,3288 2510,3289 2560,3290 2610,3290 2660,3291 2710,3291 2760,3292 2810,3293 2860,3293 2910,3294 2960,3294 3010,3295 3060,3295 3110,3296 3160,3296 3210,3296 3260,3297 3310,3297 3360,3298 3379,3294"/>
        <Word id="word_873d8e60-f1d0-47d4-b715-998b5ee0e3f4">
          <Coords points="1461,3273 1511,3274 1559,3272 1609,3270 1644,3268 1647,3313 1610,3315 1560,3317 1510,3319 1460,3318"/>
          <TextEquiv>
            <Unicode>gegeven</Unicode>
          </TextEquiv>
        </Word>
        <Word id="word_024e1a9f-4aae-4f83-8f7e-ed9b748d095b">
          <Coords points="1672,3266 1709,3265 1759,3263 1805,3261 1807,3306 1760,3308 1710,3310 1673,3311"/>
          <TextEquiv>
            <Unicode>ordre</Unicode>
          </TextEquiv>
        </Word>
        <Word id="word_90b714f5-23ad-4b44-9a9b-36d6ff2eaccb">
          <Coords points="1833,3260 1860,3260 1908,3257 1939,3256 1940,3301 1911,3302 1860,3305 1833,3305"/>
          <TextEquiv>
            <Unicode>voor</Unicode>
          </TextEquiv>
        </Word>
        <Word id="word_71b9dbad-0787-4fc1-9fb1-f91994e59ccf">
          <Coords points="1966,3256 2010,3256 2059,3255 2109,3254 2151,3252 2153,3297 2110,3299 2060,3300 2010,3301 1966,3301"/>
          <TextEquiv>
            <Unicode>t'eerst</Unicode>
          </TextEquiv>
        </Word>
        <Word id="word_8bb87d87-47a6-48d1-a13c-d92bf2175ba5">
          <Coords points="2180,3251 2211,3252 2260,3253 2259,3298 2210,3297 2179,3296"/>
          <TextEquiv>
            <Unicode>een</Unicode>
          </TextEquiv>
        </Word>
        <Word id="word_4ade25c4-a17e-439c-ac96-119287e7631b">
          <Coords points="2285,3254 2309,3253 2360,3253 2410,3253 2460,3253 2500,3254 2499,3299 2460,3298 2410,3298 2360,3298 2310,3298 2286,3299"/>
          <TextEquiv>
            <Unicode>bequaem,</Unicode>
          </TextEquiv>
        </Word>
        <Word id="word_db3c27dc-43ea-4705-89c0-7b739e14f476">
          <Coords points="2527,3254 2561,3255 2610,3255 2633,3255 2633,3300 2610,3300 2560,3300 2526,3299"/>
          <TextEquiv>
            <Unicode>ende</Unicode>
          </TextEquiv>
        </Word>
        <Word id="word_d8395673-078c-439c-983a-5198e5020f68">
          <Coords points="2660,3256 2661,3256 2710,3256 2761,3257 2811,3258 2819,3258 2819,3303 2810,3303 2760,3302 2710,3301 2660,3301 2659,3301"/>
          <TextEquiv>
            <Unicode>licht,</Unicode>
          </TextEquiv>
        </Word>
        <Word id="word_28f5465b-fdde-425e-83cd-e793134262ff">
          <Coords points="2846,3258 2860,3258 2911,3259 2960,3259 3007,3260 3006,3305 2960,3304 2910,3304 2860,3303 2846,3303"/>
          <TextEquiv>
            <Unicode>echter</Unicode>
          </TextEquiv>
        </Word>
        <Word id="word_73eb94f2-57c6-4760-aff6-08b707095e50">
          <Coords points="3032,3260 3059,3260 3111,3261 3160,3261 3210,3261 3247,3262 3246,3307 3210,3306 3160,3306 3110,3306 3060,3305 3033,3305"/>
          <TextEquiv>
            <Unicode>redelijk</Unicode>
          </TextEquiv>
        </Word>
        <Word id="word_f688e690-8e04-4f23-9f3d-8efe0ee46a5b">
          <Coords points="3272,3262 3310,3262 3361,3263 3372,3260 3381,3304 3360,3308 3310,3307 3273,3307"/>
          <TextEquiv>
            <Unicode>last</Unicode>
          </TextEquiv>
        </Word>
        <TextEquiv conf="0.9018706803151088">
          <Unicode>gegeven ordre voor t'eerst een bequaem, ende licht, echter redelijk last</Unicode>
        </TextEquiv>
        <TextStyle xHeight="38"/>
      </TextLine>
      <TextLine id="line_097a7058-600b-4b4c-8dfe-69c0a87369f9">
        <Coords points="1444,3348 1478,3348 1510,3331 1558,3336 1586,3313 2038,3297 2314,3304 2326,3313 2351,3308 2377,3332 2434,3332 2466,3304 2510,3304 2530,3320 2659,3312 2686,3324 2846,3320 2854,3313 3015,3312 3022,3319 3130,3320 3154,3305 3199,3305 3242,3343 3351,3344 3351,3402 3234,3398 3213,3415 3182,3419 3150,3442 3114,3422 2918,3427 2806,3418 2779,3426 2606,3426 2598,3418 2422,3419 2398,3402 2250,3403 2234,3419 2218,3423 2162,3418 2154,3410 2082,3411 2073,3419 2014,3423 1998,3410 1914,3411 1903,3403 1886,3403 1866,3423 1690,3427 1654,3410 1622,3410 1598,3431 1583,3434 1550,3434 1534,3422 1444,3419"/>
        <Baseline points="1472,3404 1522,3402 1572,3400 1622,3398 1672,3395 1722,3394 1772,3392 1822,3388 1872,3387 1922,3385 1972,3384 2022,3383 2072,3383 2122,3382 2172,3381 2222,3379 2272,3379 2322,3378 2372,3377 2422,3377 2472,3377 2522,3377 2572,3377 2622,3379 2672,3380 2722,3382 2772,3383 2822,3384 2872,3385 2922,3386 2972,3386 3022,3386 3072,3386 3122,3385 3172,3386 3222,3387 3272,3386 3322,3388 3324,3388"/>
        <Word id="word_24bd2e58-65e3-4687-87a5-2045d255fd73">
          <Coords points="1471,3369 1521,3367 1571,3365 1621,3363 1670,3360 1714,3359 1715,3404 1673,3405 1622,3408 1572,3410 1522,3412 1472,3414"/>
          <TextEquiv>
            <Unicode>dragende</Unicode>
          </TextEquiv>
        </Word>
        <Word id="word_2bb5a6d4-525a-45f9-b8e1-3699cc14b21c">
          <Coords points="1743,3359 1770,3357 1819,3353 1871,3352 1921,3350 1971,3349 2018,3348 2018,3393 1972,3394 1922,3395 1872,3397 1823,3398 1773,3402 1746,3404"/>
          <TextEquiv>
            <Unicode>Jachtgen,</Unicode>
          </TextEquiv>
        </Word>
        <Word id="word_a6bd6d74-5eac-4c0a-bb5c-2bdf0989aaf9">
          <Coords points="2049,3347 2073,3348 2121,3347 2139,3347 2140,3392 2122,3392 2072,3393 2048,3392"/>
          <TextEquiv>
            <Unicode>ome</Unicode>
          </TextEquiv>
        </Word>
        <Word id="word_80d21878-790f-4215-a3e6-fabd23bc15e9">
          <Coords points="2169,3346 2171,3346 2221,3344 2272,3344 2291,3344 2292,3389 2272,3389 2222,3389 2172,3391 2170,3391"/>
          <TextEquiv>
            <Unicode>daer</Unicode>
          </TextEquiv>
        </Word>
        <Word id="word_d6c22f1b-2d31-485e-b6e7-d85e2e5c02c9">
          <Coords points="2321,3343 2321,3343 2371,3342 2422,3342 2443,3342 2443,3387 2422,3387 2372,3387 2322,3388 2322,3388"/>
          <TextEquiv>
            <Unicode>door</Unicode>
          </TextEquiv>
        </Word>
        <Word id="word_3e385012-5023-433d-af61-9ef508342062">
          <Coords points="2474,3342 2522,3342 2572,3342 2623,3344 2673,3345 2723,3347 2773,3348 2778,3348 2777,3393 2772,3393 2722,3392 2672,3390 2622,3389 2572,3387 2522,3387 2474,3387"/>
          <TextEquiv>
            <Unicode>d'waerder,</Unicode>
          </TextEquiv>
        </Word>
        <Word id="word_ce9b6fe5-a9f8-4f55-ba8d-b6ed84cee811">
          <Coords points="2808,3349 2823,3349 2873,3350 2923,3351 2929,3351 2929,3396 2922,3396 2872,3395 2822,3394 2808,3394"/>
          <TextEquiv>
            <Unicode>ende</Unicode>
          </TextEquiv>
        </Word>
        <Word id="word_b6fbace4-5300-4adb-8960-5ed9c8e4c5fe">
          <Coords points="2960,3351 2972,3351 3022,3351 3072,3351 3121,3350 3173,3351 3223,3352 3271,3351 3323,3353 3324,3353 3324,3398 3322,3398 3272,3396 3222,3397 3172,3396 3122,3395 3072,3396 3022,3396 2972,3396 2960,3396"/>
          <TextEquiv>
            <Unicode>ondienstiger</Unicode>
          </TextEquiv>
        </Word>
        <TextEquiv conf="0.9369667400774269">
          <Unicode>dragende Jachtgen, ome daer door d'waerder, ende ondienstiger</Unicode>
        </TextEquiv>
        <TextStyle xHeight="41"/>
      </TextLine>
      <TextLine id="line_3f390924-f1c1-49af-bb5e-02f8c7a53d97">
        <Coords points="1443,3417 1474,3413 1493,3424 1593,3433 1621,3409 1665,3402 1694,3402 1709,3412 1796,3413 1812,3398 1865,3397 1912,3413 2000,3412 2012,3421 2044,3421 2075,3417 2112,3397 2232,3397 2240,3404 2403,3404 2419,3417 2707,3428 2780,3428 2787,3421 2823,3420 3125,3424 3150,3448 3178,3425 3222,3425 3234,3413 3262,3408 3322,3408 3346,3428 3387,3432 3387,3490 3354,3484 3346,3492 3318,3496 2495,3503 2480,3488 2464,3496 2415,3488 2399,3504 2348,3504 2336,3495 2284,3496 2276,3504 2116,3504 1952,3499 1945,3492 1844,3500 1793,3492 1641,3492 1613,3516 1501,3519 1493,3511 1443,3511"/>
        <Baseline points="1471,3489 1521,3489 1571,3486 1621,3484 1671,3482 1721,3481 1771,3479 1821,3477 1871,3476 1921,3474 1971,3473 2021,3471 2071,3469 2121,3468 2171,3467 2221,3466 2271,3466 2321,3466 2371,3466 2421,3466 2471,3467 2521,3468 2571,3470 2621,3471 2671,3473 2721,3475 2771,3475 2821,3477 2871,3478 2921,3478 2971,3479 3021,3480 3071,3480 3121,3480 3171,3480 3221,3480 3271,3480 3321,3480 3360,3476"/>
        <Word id="word_920c22ee-837c-4c08-a37b-26f38566314a">
          <Coords points="1471,3454 1521,3454 1569,3451 1620,3449 1670,3447 1720,3446 1770,3444 1820,3442 1830,3442 1831,3487 1821,3487 1771,3489 1721,3491 1671,3492 1621,3494 1572,3496 1521,3499 1471,3499"/>
          <TextEquiv>
            <Unicode>t'excuseren,</Unicode>
          </TextEquiv>
        </Word>
        <Word id="word_60682447-6410-4bee-94e2-2a106a14176f">
          <Coords points="1860,3441 1870,3441 1920,3439 1970,3438 2009,3436 2011,3481 1971,3483 1921,3484 1871,3486 1861,3486"/>
          <TextEquiv>
            <Unicode>t'sij</Unicode>
          </TextEquiv>
        </Word>
        <Word id="word_25cd176f-119b-4d13-bade-9030438e624e">
          <Coords points="2039,3435 2070,3434 2100,3433 2101,3478 2071,3479 2041,3480"/>
          <TextEquiv>
            <Unicode>In</Unicode>
          </TextEquiv>
        </Word>
        <Word id="word_93e6c280-a4a2-44ce-801d-a3a38ab3679e">
          <Coords points="2130,3433 2170,3432 2220,3431 2271,3431 2321,3431 2371,3431 2400,3431 2400,3476 2371,3476 2321,3476 2271,3476 2221,3476 2171,3477 2131,3478"/>
          <TextEquiv>
            <Unicode>Masulipat</Unicode>
          </TextEquiv>
        </Word>
        <Word id="word_59aaf9e8-6f00-4df4-bab0-8160c5361a8c">
          <Coords points="2431,3431 2472,3432 2522,3433 2552,3434 2550,3479 2521,3478 2471,3477 2430,3476"/>
          <TextEquiv>
            <Unicode>ofte</Unicode>
          </TextEquiv>
        </Word>
        <Word id="word_d502a42a-c3d9-4b25-8ed9-c869846b8b28">
          <Coords points="2581,3435 2622,3436 2672,3438 2722,3440 2771,3440 2822,3442 2872,3443 2880,3443 2880,3488 2871,3488 2821,3487 2771,3485 2721,3485 2671,3483 2621,3481 2580,3480"/>
          <TextEquiv>
            <Unicode>Narsapour,</Unicode>
          </TextEquiv>
        </Word>
        <Word id="word_8d02459e-5dc1-4946-98c5-bdfb434a9b1f">
          <Coords points="2910,3443 2921,3443 2972,3444 3001,3445 3000,3490 2971,3489 2921,3488 2910,3488"/>
          <TextEquiv>
            <Unicode>van</Unicode>
          </TextEquiv>
        </Word>
        <Word id="word_576bcbfa-e3a2-4a71-9dab-25821f4c6c7c">
          <Coords points="3030,3445 3071,3445 3121,3445 3171,3445 3180,3445 3180,3490 3171,3490 3121,3490 3071,3490 3030,3490"/>
          <TextEquiv>
            <Unicode>nieuw</Unicode>
          </TextEquiv>
        </Word>
        <Word id="word_e289f8a9-f629-40b3-a7ee-b42fef4b62c6">
          <Coords points="3210,3445 3221,3445 3270,3445 3270,3490 3221,3490 3210,3490"/>
          <TextEquiv>
            <Unicode>op</Unicode>
          </TextEquiv>
        </Word>
        <Word id="word_51351ee3-6c50-4373-b910-aa7fac2967c6">
          <Coords points="3300,3445 3321,3445 3356,3441 3361,3486 3321,3490 3300,3490"/>
          <TextEquiv>
            <Unicode>te</Unicode>
          </TextEquiv>
        </Word>
        <TextEquiv conf="0.8963537228500634">
          <Unicode>t'excuseren, t'sij In Masulipat ofte Narsapour, van nieuw op te</Unicode>
        </TextEquiv>
        <TextStyle xHeight="34"/>
      </TextLine>
      <TextLine id="baa54af8-33b9-467a-a23b-8e4d91c3b269">
        <Coords points="1447,3513 1605,3518 1641,3493 1832,3493 1844,3502 1929,3490 1948,3497 2108,3501 2120,3510 2277,3506 2292,3497 2399,3506 2419,3487 2442,3486 2461,3498 2480,3483 2503,3505 2583,3505 2619,3518 3182,3517 3190,3525 3302,3525 3331,3537 3331,3597 3274,3592 3258,3601 2906,3593 2467,3597 2459,3605 2427,3609 1960,3604 1944,3620 1561,3620 1537,3632 1447,3632"/>
        <Baseline points="1475,3575 1525,3576 1575,3574 1625,3572 1675,3570 1725,3569 1775,3567 1825,3566 1875,3565 1925,3564 1975,3562 2025,3561 2075,3560 2125,3558 2175,3556 2225,3556 2275,3555 2325,3557 2375,3559 2425,3560 2475,3560 2525,3560 2575,3560 2625,3561 2675,3562 2725,3564 2775,3565 2825,3566 2875,3568 2925,3569 2975,3570 3025,3571 3075,3572 3125,3574 3175,3575 3225,3577 3275,3579 3304,3582"/>
        <Word id="word_99e074e5-4e8a-455c-8b39-2b4cf1de0e80">
          <Coords points="1476,3540 1526,3541 1574,3539 1592,3538 1593,3583 1575,3584 1525,3586 1475,3585"/>
          <TextEquiv>
            <Unicode>doen</Unicode>
          </TextEquiv>
        </Word>
        <Word id="word_a8aacd70-3ae3-44f7-9611-cbbab83ecd89">
          <Coords points="1621,3537 1624,3537 1674,3535 1724,3534 1774,3532 1824,3531 1858,3530 1859,3575 1825,3576 1775,3577 1725,3579 1675,3580 1625,3582 1623,3582"/>
          <TextEquiv>
            <Unicode>maecken,</Unicode>
          </TextEquiv>
        </Word>
        <Word id="word_e673862d-ef91-4245-a5e4-1a5a905db9e0">
          <Coords points="1887,3530 1924,3529 1974,3527 1976,3527 1977,3572 1975,3572 1925,3574 1888,3575"/>
          <TextEquiv>
            <Unicode>dat</Unicode>
          </TextEquiv>
        </Word>
        <Word id="word_67b3cabd-fffd-4767-b5f2-b25fe9949e86">
          <Coords points="2005,3526 2024,3526 2074,3525 2124,3523 2174,3521 2225,3521 2271,3520 2272,3565 2225,3566 2175,3566 2125,3568 2075,3570 2025,3571 2006,3571"/>
          <TextEquiv>
            <Unicode>vertrouwe</Unicode>
          </TextEquiv>
        </Word>
        <Word id="word_4922b9d7-e37e-490b-8bd0-15786e297b72">
          <Coords points="2305,3520 2329,3522 2361,3523 2360,3568 2324,3567 2300,3564"/>
          <TextEquiv>
            <Unicode>v:</Unicode>
          </TextEquiv>
        </Word>
        <Word id="word_8f541ca1-7861-4d63-940c-e0bb5febe688">
          <Coords points="2390,3525 2425,3525 2475,3525 2507,3525 2507,3570 2475,3570 2425,3570 2389,3570"/>
          <TextEquiv>
            <Unicode>E:d:</Unicode>
          </TextEquiv>
        </Word>
        <Word id="word_85eb5e99-b58f-432d-9b61-32626c99417f">
          <Coords points="2537,3525 2575,3525 2626,3526 2626,3526 2625,3571 2625,3571 2575,3570 2537,3570"/>
          <TextEquiv>
            <Unicode>als</Unicode>
          </TextEquiv>
        </Word>
        <Word id="word_d0de54eb-b611-4aee-98c0-ec10260963e2">
          <Coords points="2656,3527 2676,3527 2726,3529 2774,3530 2773,3575 2725,3574 2675,3572 2655,3572"/>
          <TextEquiv>
            <Unicode>noch</Unicode>
          </TextEquiv>
        </Word>
        <Word id="word_dc7c0314-2db7-486e-8186-680396407d6d">
          <Coords points="2803,3531 2826,3531 2876,3533 2892,3533 2891,3578 2875,3578 2825,3576 2802,3576"/>
          <TextEquiv>
            <Unicode>wel</Unicode>
          </TextEquiv>
        </Word>
        <Word id="word_b4c5285a-5c69-4a90-8647-3d6c91eaeafe">
          <Coords points="2921,3534 2926,3534 2976,3535 3026,3536 3076,3537 3126,3539 3157,3540 3156,3585 3125,3584 3075,3582 3025,3581 2975,3580 2925,3579 2920,3579"/>
          <TextEquiv>
            <Unicode>gevallen</Unicode>
          </TextEquiv>
        </Word>
        <Word id="word_ad838d22-756d-4126-9a00-45c6ca8fa34f">
          <Coords points="3188,3540 3227,3542 3276,3544 3307,3547 3303,3592 3275,3589 3225,3587 3186,3585"/>
          <TextEquiv>
            <Unicode>sal.</Unicode>
          </TextEquiv>
        </Word>
        <TextEquiv conf="0.9319391529167332">
          <Unicode>doen maecken, dat vertrouwe v: E:d: als noch wel gevallen sal.</Unicode>
        </TextEquiv>
        <TextStyle xHeight="40"/>
      </TextLine>
    </TextRegion>
    <TextRegion id="region_c0688138-5874-48b7-b4a2-98592416869e_1" custom="structure {type:paragraph;}">
      <Coords points="1451,3737 1451,3841 1472,3880 1472,3897 1475,3901 1479,3936 1482,3939 1482,3981 1479,3985 1482,4062 1475,4083 1475,4104 1479,4107 1479,4128 1482,4132 1479,4135 1479,4201 1489,4240 1486,4247 1486,4289 1503,4310 1549,4313 1552,4310 1584,4310 1587,4306 1696,4306 1699,4310 1724,4310 1727,4313 1797,4313 1800,4310 1902,4310 1905,4306 2101,4306 2105,4303 2147,4303 2150,4299 2297,4299 2300,4296 2552,4296 2556,4299 2622,4296 2626,4299 2947,4303 2951,4306 3045,4306 3049,4310 3080,4310 3084,4306 3146,4306 3153,4310 3157,4306 3216,4306 3223,4303 3244,4310 3269,4310 3272,4313 3290,4313 3304,4320 3318,4320 3346,4296 3356,4268 3360,4226 3367,4208 3367,4125 3370,4121 3370,4086 3363,4065 3363,3981 3360,3978 3360,3918 3356,3915 3356,3848 3353,3845 3353,3813 3349,3810 3349,3751 3346,3740 3328,3723 3318,3719 3150,3726 3146,3723 2996,3723 2993,3719 2800,3716 2797,3712 2612,3709 2608,3705 2010,3705 2007,3709 1902,3705 1898,3709 1489,3712 1461,3723"/>
      <TextLine id="line_5a38d0ef-7a8c-40cc-87a6-490356a95037">
        <Coords points="1363,3640 1405,3640 1413,3632 1556,3631 1578,3652 1661,3659 1673,3671 2444,3667 2456,3675 2756,3675 2764,3683 2844,3688 3119,3683 3347,3691 3367,3699 3392,3724 3392,3782 3187,3788 3179,3796 3047,3796 3031,3783 2983,3796 2660,3796 2644,3783 2212,3783 2193,3764 1821,3764 1793,3792 1741,3800 1729,3812 1705,3811 1693,3799 1541,3795 1527,3807 1513,3800 1498,3807 1445,3803 1393,3832 1363,3836"/>
        <Baseline points="1391,3752 1441,3752 1491,3756 1541,3757 1591,3757 1641,3757 1691,3756 1741,3756 1791,3756 1841,3756 1891,3756 1941,3755 1991,3755 2041,3754 2091,3753 2141,3752 2191,3751 2241,3751 2291,3750 2341,3751 2391,3750 2441,3750 2491,3751 2541,3751 2591,3752 2641,3752 2691,3754 2741,3755 2791,3757 2841,3759 2891,3760 2941,3761 2991,3763 3041,3765 3091,3767 3141,3767 3191,3768 3241,3768 3291,3770 3341,3770 3365,3768"/>
        <Word id="word_65ed8ae8-8f0c-4657-b6b3-db927ea796dd">
          <Coords points="1391,3717 1441,3717 1491,3721 1487,3766 1441,3762 1391,3762"/>
          <TextEquiv>
            <Unicode>Bij</Unicode>
          </TextEquiv>
        </Word>
        <Word id="word_a2bd4825-1cf5-41b7-93f8-b031e1d01fd6">
          <Coords points="1518,3723 1539,3722 1591,3722 1641,3722 1681,3721 1682,3766 1641,3767 1591,3767 1542,3767 1521,3768"/>
          <TextEquiv>
            <Unicode>desen</Unicode>
          </TextEquiv>
        </Word>
        <Word id="word_b6c4bb56-7478-42c8-bf61-1e6b6576ddfd">
          <Coords points="1715,3721 1742,3721 1791,3721 1841,3721 1844,3721 1844,3766 1841,3766 1791,3766 1741,3766 1714,3766"/>
          <TextEquiv>
            <Unicode>gaet</Unicode>
          </TextEquiv>
        </Word>
        <Word id="word_af9f4f8e-3b26-4622-97ad-4fa3e70012e2">
          <Coords points="1876,3721 1891,3721 1940,3720 1991,3720 2005,3720 2006,3765 1991,3765 1941,3765 1891,3766 1876,3766"/>
          <TextEquiv>
            <Unicode>mede</Unicode>
          </TextEquiv>
        </Word>
        <Word id="word_fa469056-86a8-4ee7-ae86-dc7a4899531a">
          <Coords points="2037,3719 2040,3719 2090,3718 2140,3717 2190,3716 2241,3716 2264,3716 2265,3761 2241,3761 2191,3761 2141,3762 2091,3763 2041,3764 2038,3764"/>
          <TextEquiv>
            <Unicode>memorie</Unicode>
          </TextEquiv>
        </Word>
        <Word id="word_f981338c-002a-4cfb-a516-7e6ce15c5435">
          <Coords points="2298,3715 2342,3716 2390,3715 2441,3715 2460,3715 2459,3760 2441,3760 2391,3760 2341,3761 2297,3760"/>
          <TextEquiv>
            <Unicode>vande</Unicode>
          </TextEquiv>
        </Word>
        <Word id="word_715911f9-c08a-40f5-8368-044797975e79">
          <Coords points="2491,3716 2541,3716 2592,3717 2641,3717 2692,3719 2742,3720 2792,3722 2816,3723 2814,3768 2791,3767 2741,3765 2691,3764 2641,3762 2591,3762 2541,3761 2491,3761"/>
          <TextEquiv>
            <Unicode>bevindinge</Unicode>
          </TextEquiv>
        </Word>
        <Word id="word_fe4d8823-f005-43b0-846d-e27a63c24152">
          <Coords points="2848,3724 2892,3725 2942,3726 2992,3728 3042,3730 3075,3731 3073,3776 3041,3775 2991,3773 2941,3771 2891,3770 2847,3769"/>
          <TextEquiv>
            <Unicode>eeniger</Unicode>
          </TextEquiv>
        </Word>
        <Word id="word_5acc9bc3-35da-48d7-b913-10fb624d6f8d">
          <Coords points="3105,3733 3140,3732 3192,3733 3241,3733 3292,3735 3341,3735 3362,3733 3366,3778 3341,3780 3291,3780 3241,3778 3191,3778 3141,3777 3106,3778"/>
          <TextEquiv>
            <Unicode>coopman„</Unicode>
          </TextEquiv>
        </Word>
        <TextEquiv conf="0.9174575508640957">
          <Unicode>Bij desen gaet mede memorie vande bevindinge eeniger coopman„</Unicode>
        </TextEquiv>
        <TextStyle xHeight="42"/>
      </TextLine>
      <TextLine id="line_38f3ff1e-3b79-4898-9897-ce5617a15876">
        <Coords points="1426,3812 1444,3803 1504,3800 1527,3807 1543,3795 1696,3799 1708,3811 1731,3812 1758,3796 1769,3803 1811,3777 1931,3777 1939,3769 2019,3761 2191,3764 2211,3783 2646,3783 2662,3796 2982,3796 3030,3783 3046,3799 3261,3803 3281,3823 3325,3823 3340,3838 3361,3819 3372,3819 3374,3878 3121,3882 3109,3890 3096,3882 2814,3882 2791,3863 2602,3871 2323,3870 2159,3867 2148,3859 2115,3859 2103,3867 1843,3859 1787,3863 1775,3871 1664,3866 1640,3882 1628,3870 1426,3867"/>
        <Baseline points="1454,3851 1504,3848 1554,3847 1604,3847 1654,3846 1704,3845 1754,3844 1804,3843 1854,3844 1904,3842 1954,3842 2004,3842 2054,3842 2104,3841 2154,3842 2204,3842 2254,3842 2304,3843 2354,3843 2404,3843 2454,3844 2504,3844 2554,3846 2604,3847 2654,3849 2704,3850 2754,3851 2804,3852 2854,3853 2904,3855 2954,3856 3004,3858 3054,3859 3104,3859 3154,3859 3204,3860 3254,3861 3304,3862 3347,3864"/>
        <Word id="word_285b154b-07cd-4ab3-962c-7fda31839c1f">
          <Coords points="1452,3816 1502,3813 1553,3812 1604,3812 1653,3811 1703,3810 1732,3809 1733,3854 1704,3855 1654,3856 1604,3857 1554,3857 1505,3858 1455,3861"/>
          <TextEquiv>
            <Unicode>„schappen,</Unicode>
          </TextEquiv>
        </Word>
        <Word id="word_54f5cf72-4094-4803-8108-8ff9d1e43d25">
          <Coords points="1759,3809 1803,3808 1855,3809 1903,3807 1954,3807 1955,3807 1955,3852 1954,3852 1904,3852 1854,3854 1804,3853 1760,3854"/>
          <TextEquiv>
            <Unicode>Jappans</Unicode>
          </TextEquiv>
        </Word>
        <Word id="word_f2a367a7-1a40-420d-91a6-d3dad5ff9ba1">
          <Coords points="1983,3807 2004,3807 2054,3807 2103,3806 2155,3807 2178,3807 2178,3852 2154,3852 2104,3851 2054,3852 2004,3852 1983,3852"/>
          <TextEquiv>
            <Unicode>schuijt</Unicode>
          </TextEquiv>
        </Word>
        <Word id="word_942fdf8d-4474-4ea9-a3ee-3ad7e5673fea">
          <Coords points="2206,3807 2254,3807 2305,3808 2354,3808 2401,3808 2401,3853 2354,3853 2304,3853 2254,3852 2206,3852"/>
          <TextEquiv>
            <Unicode>silver,</Unicode>
          </TextEquiv>
        </Word>
        <Word id="word_a4c1316e-7406-49e6-a710-95f14e7d03c2">
          <Coords points="2430,3808 2455,3809 2504,3809 2513,3809 2512,3854 2504,3854 2454,3854 2428,3853"/>
          <TextEquiv>
            <Unicode>als</Unicode>
          </TextEquiv>
        </Word>
        <Word id="word_922a4e92-bad0-4995-bbf8-aec32f910361">
          <Coords points="2541,3810 2555,3811 2605,3812 2655,3814 2705,3815 2755,3816 2805,3817 2847,3818 2846,3863 2804,3862 2754,3861 2704,3860 2654,3859 2604,3857 2554,3856 2539,3855"/>
          <TextEquiv>
            <Unicode>t'rendement</Unicode>
          </TextEquiv>
        </Word>
        <Word id="word_30246c2e-c315-4567-877f-9dbb3eea9b6a">
          <Coords points="2876,3818 2906,3820 2955,3821 2959,3821 2957,3866 2954,3866 2903,3865 2873,3863"/>
          <TextEquiv>
            <Unicode>van</Unicode>
          </TextEquiv>
        </Word>
        <Word id="word_4c040819-70d3-4f2b-9239-35603d5155b9">
          <Coords points="2986,3822 3005,3823 3041,3824 3041,3869 3004,3868 2985,3867"/>
          <TextEquiv>
            <Unicode>t'</Unicode>
          </TextEquiv>
        </Word>
        <Word id="word_d9437002-a7f4-42f9-81b4-a0d9629236f8">
          <Coords points="3068,3824 3104,3824 3154,3824 3205,3825 3255,3826 3305,3827 3349,3829 3347,3874 3304,3872 3254,3871 3204,3870 3154,3869 3104,3869 3069,3869"/>
          <TextEquiv>
            <Unicode>Schineesch</Unicode>
          </TextEquiv>
        </Word>
        <TextEquiv conf="0.9291021806786652">
          <Unicode>„schappen, Jappans schuijt silver, als t'rendement van t' Schineesch</Unicode>
        </TextEquiv>
        <TextStyle xHeight="36"/>
      </TextLine>
      <TextLine id="b3e26af5-9ba6-49d0-9c27-7285b9988102">
        <Coords points="1461,3869 1555,3874 1642,3870 1655,3861 1691,3865 1703,3874 1767,3874 1851,3870 1863,3861 2106,3866 2126,3857 2146,3857 2162,3870 2602,3870 2815,3862 2834,3880 3365,3884 3394,3906 3394,3965 3273,3971 3265,3963 3213,3963 3157,3968 3145,3980 3124,3984 3105,3971 2886,3976 2870,3963 2290,3959 2275,3948 2244,3948 2218,3960 2182,3960 2150,3972 2125,3955 1842,3947 1819,3956 1804,3944 1715,3944 1703,3956 1671,3955 1656,3944 1627,3944 1611,3956 1461,3956"/>
        <Baseline points="1489,3938 1539,3939 1589,3935 1639,3933 1689,3932 1739,3931 1789,3930 1839,3929 1889,3928 1939,3927 1989,3926 2039,3926 2089,3927 2139,3927 2189,3927 2239,3928 2289,3928 2339,3929 2389,3929 2439,3929 2489,3929 2539,3930 2589,3931 2639,3933 2689,3935 2739,3936 2789,3938 2839,3939 2889,3941 2939,3943 2989,3944 3039,3944 3089,3945 3139,3947 3189,3948 3239,3950 3289,3952 3339,3954 3367,3951"/>
        <Word id="word_8e970227-646f-4638-be55-7c22e1a2150f">
          <Coords points="1490,3903 1540,3904 1586,3900 1638,3898 1688,3897 1738,3896 1788,3895 1801,3895 1802,3940 1789,3940 1739,3941 1689,3942 1639,3943 1590,3945 1539,3949 1489,3948"/>
          <TextEquiv>
            <Unicode>schuijtgout</Unicode>
          </TextEquiv>
        </Word>
        <Word id="word_aadc501c-809e-4a9a-9aad-3b26eb3ad198">
          <Coords points="1830,3894 1838,3894 1888,3893 1915,3892 1916,3937 1889,3938 1839,3939 1831,3939"/>
          <TextEquiv>
            <Unicode>als</Unicode>
          </TextEquiv>
        </Word>
        <Word id="word_00c1cfdf-1ce8-4c3f-8fa4-64a3ae2cd87a">
          <Coords points="1944,3892 1988,3891 2001,3891 2001,3936 1989,3936 1944,3937"/>
          <TextEquiv>
            <Unicode>nu</Unicode>
          </TextEquiv>
        </Word>
        <Word id="word_dfa27b6c-91bc-4cbc-a6fa-b1c1e42cfb5a">
          <Coords points="2030,3891 2039,3891 2090,3892 2115,3892 2115,3937 2089,3937 2039,3936 2030,3936"/>
          <TextEquiv>
            <Unicode>p=r</Unicode>
          </TextEquiv>
        </Word>
        <Word id="word_de858bf7-6f16-429c-8398-876fb2526df7">
          <Coords points="2143,3892 2189,3892 2230,3893 2229,3938 2189,3937 2143,3937"/>
          <TextEquiv>
            <Unicode>den</Unicode>
          </TextEquiv>
        </Word>
        <Word id="word_9f527c35-2411-43fe-9865-8fb49228eaf9">
          <Coords points="2257,3893 2289,3893 2340,3894 2371,3894 2371,3939 2339,3939 2289,3938 2257,3938"/>
          <TextEquiv>
            <Unicode>haen</Unicode>
          </TextEquiv>
        </Word>
        <Word id="word_f7394d60-71ff-46f2-8baa-23b28fbff142">
          <Coords points="2400,3894 2439,3894 2489,3894 2540,3895 2590,3896 2629,3898 2627,3943 2589,3941 2539,3940 2489,3939 2439,3939 2400,3939"/>
          <TextEquiv>
            <Unicode>becomen,</Unicode>
          </TextEquiv>
        </Word>
        <Word id="word_24a48ad4-3986-48f3-bfc6-25a40cfd67db">
          <Coords points="2657,3899 2690,3900 2740,3901 2771,3902 2769,3947 2739,3946 2689,3945 2655,3944"/>
          <TextEquiv>
            <Unicode>vant</Unicode>
          </TextEquiv>
        </Word>
        <Word id="word_435e8d41-cb8e-4a95-addc-cd6203b93a11">
          <Coords points="2799,3903 2840,3904 2890,3906 2940,3908 2990,3909 2997,3909 2997,3954 2989,3954 2939,3953 2889,3951 2839,3949 2798,3948"/>
          <TextEquiv>
            <Unicode>verdere</Unicode>
          </TextEquiv>
        </Word>
        <Word id="word_849a263d-8080-441c-9457-89f4e39cf1cf">
          <Coords points="3026,3909 3039,3909 3090,3910 3112,3911 3111,3956 3089,3955 3039,3954 3026,3954"/>
          <TextEquiv>
            <Unicode>aff</Unicode>
          </TextEquiv>
        </Word>
        <Word id="word_9766b9ac-7492-4399-9dab-5d833f1e6a58">
          <Coords points="3140,3912 3190,3913 3240,3915 3290,3917 3340,3919 3363,3916 3368,3961 3339,3964 3289,3962 3239,3960 3189,3958 3139,3957"/>
          <TextEquiv>
            <Unicode>gesonden</Unicode>
          </TextEquiv>
        </Word>
        <TextEquiv conf="0.9084719787703146">
          <Unicode>schuijtgout als nu p=r den haen becomen, vant verdere aff gesonden</Unicode>
        </TextEquiv>
        <TextStyle xHeight="37"/>
      </TextLine>
      <TextLine id="line_7bb3be89-6671-4a6f-9c85-1293e7c082a1">
        <Coords points="1453,3958 1615,3954 1635,3942 1656,3942 1679,3958 1703,3958 1723,3941 1799,3941 1815,3954 1834,3954 1844,3946 1851,3953 2126,3957 2138,3969 2159,3970 2183,3958 2219,3958 2242,3949 2255,3956 2271,3945 2287,3957 2367,3961 3110,3973 3127,3986 3143,3982 3159,3966 3263,3961 3275,3970 3327,3970 3376,3962 3400,3986 3400,4045 3348,4042 3327,4063 3314,4050 3288,4054 3248,4039 3067,4039 3035,4069 2994,4046 2983,4055 2903,4055 2787,4050 2771,4042 2395,4042 2359,4062 2336,4039 2319,4042 2300,4028 1907,4028 1851,4031 1843,4039 1453,4034"/>
        <Baseline points="1481,4021 1531,4021 1581,4020 1631,4019 1681,4016 1731,4015 1781,4015 1831,4014 1881,4013 1931,4012 1981,4012 2031,4011 2081,4011 2131,4011 2181,4010 2231,4010 2281,4010 2331,4011 2381,4011 2431,4010 2481,4011 2531,4012 2581,4013 2631,4015 2681,4016 2731,4016 2781,4018 2831,4019 2881,4021 2931,4023 2981,4025 3031,4026 3081,4027 3131,4027 3181,4028 3231,4029 3281,4030 3331,4029 3373,4031"/>
        <Word id="word_cf8a78c3-dd6f-4aa5-9b8f-439e9ada8553">
          <Coords points="1481,3986 1531,3986 1580,3985 1622,3984 1622,4029 1581,4030 1531,4031 1481,4031"/>
          <TextEquiv>
            <Unicode>werdt</Unicode>
          </TextEquiv>
        </Word>
        <Word id="word_e11665bc-21fc-4c16-ac5e-d384f8ed4caa">
          <Coords points="1647,3984 1676,3981 1679,4026 1651,4029"/>
          <TextEquiv>
            <Unicode>v</Unicode>
          </TextEquiv>
        </Word>
        <Word id="word_19124898-9b34-4781-bea8-5a35677d0f06">
          <Coords points="1708,3979 1733,3980 1735,3980 1735,4025 1731,4025 1706,4024"/>
          <TextEquiv>
            <Unicode>E</Unicode>
          </TextEquiv>
        </Word>
        <Word id="word_e10a9d30-1fee-4964-ae35-9d8989d02f7d">
          <Coords points="1763,3980 1781,3980 1819,3979 1820,4024 1781,4025 1763,4025"/>
          <TextEquiv>
            <Unicode>d:</Unicode>
          </TextEquiv>
        </Word>
        <Word id="word_be88c145-c9db-47d5-a51d-c4f5c2ab5aa7">
          <Coords points="1847,3979 1880,3978 1930,3977 1933,3977 1933,4022 1931,4022 1881,4023 1848,4024"/>
          <TextEquiv>
            <Unicode>p=r</Unicode>
          </TextEquiv>
        </Word>
        <Word id="word_0feb8d84-80ba-41b1-a235-5e361338387f">
          <Coords points="1961,3977 1981,3977 2030,3976 2081,3976 2131,3976 2158,3975 2159,4020 2131,4021 2081,4021 2031,4021 1981,4022 1961,4022"/>
          <TextEquiv>
            <Unicode>naesten</Unicode>
          </TextEquiv>
        </Word>
        <Word id="word_dffd7d62-5ad9-4c3f-b7b7-25fc0458bc9b">
          <Coords points="2187,3975 2231,3975 2281,3975 2332,3976 2356,3976 2356,4021 2331,4021 2281,4020 2231,4020 2187,4020"/>
          <TextEquiv>
            <Unicode>advijs</Unicode>
          </TextEquiv>
        </Word>
        <Word id="word_01437c94-60d8-49fb-bc40-ad10f82e2b84">
          <Coords points="2384,3976 2430,3975 2482,3976 2532,3977 2582,3978 2612,3979 2610,4024 2581,4023 2531,4022 2481,4021 2431,4020 2385,4021"/>
          <TextEquiv>
            <Unicode>gegeven,</Unicode>
          </TextEquiv>
        </Word>
        <Word id="word_468ab72e-d956-4c5c-b155-b702d2ef886a">
          <Coords points="2639,3980 2682,3981 2723,3981 2723,4026 2681,4026 2639,4025"/>
          <TextEquiv>
            <Unicode>soo</Unicode>
          </TextEquiv>
        </Word>
        <Word id="word_e4b80bd6-dd06-4103-9dd3-f8672c1e593b">
          <Coords points="2754,3981 2783,3983 2832,3984 2866,3985 2864,4030 2831,4029 2780,4028 2751,4026"/>
          <TextEquiv>
            <Unicode>gaet</Unicode>
          </TextEquiv>
        </Word>
        <Word id="word_35fbd892-4ee4-4eca-9ead-faf84deb8002">
          <Coords points="2894,3987 2932,3988 2982,3990 3006,3991 3006,4035 2981,4035 2931,4033 2892,4031"/>
          <TextEquiv>
            <Unicode>noch</Unicode>
          </TextEquiv>
        </Word>
        <Word id="word_268455d9-c05d-4ecb-bfcb-7154c4c99b63">
          <Coords points="3035,3991 3082,3992 3131,3992 3182,3993 3232,3994 3232,3994 3231,4039 3231,4039 3181,4038 3131,4037 3081,4037 3034,4036"/>
          <TextEquiv>
            <Unicode>extract</Unicode>
          </TextEquiv>
        </Word>
        <Word id="word_eb5f51e0-f81b-4dbd-9ee9-20203dcaa567">
          <Coords points="3261,3995 3282,3995 3330,3994 3374,3996 3372,4041 3331,4039 3281,4040 3260,4040"/>
          <TextEquiv>
            <Unicode>uijt</Unicode>
          </TextEquiv>
        </Word>
        <TextEquiv conf="0.9339671122153772">
          <Unicode>werdt v E d: p=r naesten advijs gegeven, soo gaet noch extract uijt</Unicode>
        </TextEquiv>
        <TextStyle xHeight="33"/>
      </TextLine>
      <TextLine id="line_660d7da7-3e52-4f0f-8b8b-0742cb80ba6d">
        <Coords points="1450,4032 1708,4032 1839,4041 1847,4033 1903,4033 1915,4021 2223,4020 2301,4024 2320,4041 2351,4024 2367,4040 2966,4045 2984,4033 2997,4041 3006,4033 3039,4033 3046,4040 3249,4040 3257,4048 3300,4048 3307,4055 3325,4044 3354,4044 3366,4052 3381,4048 3406,4073 3406,4133 3381,4157 3205,4152 3198,4145 3149,4145 3129,4137 2946,4133 2935,4122 2906,4122 2886,4137 2872,4125 2774,4122 2726,4130 2718,4138 2698,4137 2690,4129 2590,4125 2215,4125 2204,4133 2187,4130 2175,4142 2063,4149 2051,4148 2024,4122 1963,4122 1927,4156 1895,4137 1856,4146 1839,4137 1776,4137 1750,4122 1720,4122 1704,4134 1450,4126"/>
        <Baseline points="1478,4117 1528,4112 1578,4108 1628,4104 1678,4103 1728,4101 1778,4099 1828,4098 1878,4098 1928,4096 1978,4096 2028,4095 2078,4095 2128,4094 2178,4094 2228,4094 2278,4093 2328,4094 2378,4095 2428,4096 2478,4097 2528,4098 2578,4099 2628,4099 2678,4101 2728,4101 2778,4102 2828,4103 2878,4104 2928,4106 2978,4107 3028,4108 3078,4111 3128,4112 3178,4113 3228,4114 3278,4115 3328,4118 3378,4118 3379,4118"/>
        <Word id="word_cc086ebb-c869-4d5b-ab03-57c127043c0a">
          <Coords points="1475,4082 1525,4077 1575,4073 1594,4072 1597,4116 1579,4118 1529,4122 1479,4127"/>
          <TextEquiv>
            <Unicode>onse</Unicode>
          </TextEquiv>
        </Word>
        <Word id="word_798bbb9a-7f7f-41f5-aac4-6efe0ec7ab61">
          <Coords points="1623,4069 1625,4069 1677,4068 1727,4066 1777,4064 1827,4063 1834,4063 1834,4108 1828,4108 1778,4109 1728,4111 1678,4113 1629,4114 1627,4114"/>
          <TextEquiv>
            <Unicode>Negotie</Unicode>
          </TextEquiv>
        </Word>
        <Word id="word_36583d14-1560-4b83-88db-e9626f81df57">
          <Coords points="1864,4063 1878,4063 1927,4061 1978,4061 2027,4060 2078,4060 2101,4060 2102,4105 2078,4105 2028,4105 1978,4106 1928,4106 1878,4108 1864,4108"/>
          <TextEquiv>
            <Unicode>boucken,</Unicode>
          </TextEquiv>
        </Word>
        <Word id="word_f1bed334-1aaf-4a77-8794-06ae32d77cfb">
          <Coords points="2131,4059 2178,4059 2228,4059 2277,4058 2280,4058 2280,4103 2278,4103 2228,4104 2178,4104 2131,4104"/>
          <TextEquiv>
            <Unicode>wegen</Unicode>
          </TextEquiv>
        </Word>
        <Word id="word_914cddfb-e04a-43f8-aced-c5e2473ec1ea">
          <Coords points="2310,4059 2329,4059 2379,4060 2429,4061 2479,4062 2518,4063 2517,4108 2478,4107 2428,4106 2378,4105 2328,4104 2309,4104"/>
          <TextEquiv>
            <Unicode>d'debet</Unicode>
          </TextEquiv>
        </Word>
        <Word id="word_ba7d71e8-1aab-436b-a9a1-76f4a621452f">
          <Coords points="2548,4063 2579,4064 2628,4064 2667,4066 2666,4111 2628,4109 2578,4109 2547,4108"/>
          <TextEquiv>
            <Unicode>ende</Unicode>
          </TextEquiv>
        </Word>
        <Word id="word_e3c568bb-ea39-4e6e-b20a-522c99b9a189">
          <Coords points="2695,4067 2727,4066 2779,4067 2829,4068 2875,4069 2874,4114 2828,4113 2778,4112 2728,4111 2696,4112"/>
          <TextEquiv>
            <Unicode>credit</Unicode>
          </TextEquiv>
        </Word>
        <Word id="word_e44c8fc8-dbbb-4879-9389-23375a5d9837">
          <Coords points="2906,4070 2930,4071 2979,4072 3029,4073 3080,4076 3083,4076 3082,4121 3077,4121 3028,4118 2978,4117 2927,4116 2903,4114"/>
          <TextEquiv>
            <Unicode>posten</Unicode>
          </TextEquiv>
        </Word>
        <Word id="word_30a0401e-3069-462d-9433-ddf9b551ec74">
          <Coords points="3112,4077 3129,4077 3179,4078 3229,4079 3279,4080 3330,4083 3378,4083 3379,4083 3379,4128 3378,4128 3327,4128 3278,4125 3228,4124 3178,4123 3128,4122 3111,4122"/>
          <TextEquiv>
            <Unicode>raeckende</Unicode>
          </TextEquiv>
        </Word>
        <TextEquiv conf="0.9234860874602377">
          <Unicode>onse Negotie boucken, wegen d'debet ende credit posten raeckende</Unicode>
        </TextEquiv>
        <TextStyle xHeight="43"/>
      </TextLine>
      <TextLine id="eaa941f9-d2f4-4246-8b19-14f029f10e49">
        <Coords points="1448,4126 1706,4134 1722,4121 1762,4121 1822,4125 1842,4141 1866,4146 1914,4106 1935,4106 1946,4117 1962,4118 2006,4114 2014,4106 2162,4103 2218,4125 2273,4126 2286,4114 2727,4110 2766,4113 2774,4121 2926,4117 2946,4133 3130,4137 3146,4145 3198,4145 3206,4153 3383,4158 3383,4216 3367,4230 3278,4235 3210,4235 3162,4214 2898,4214 2886,4223 2846,4223 2833,4235 2818,4225 2246,4230 2214,4215 1818,4208 1806,4219 1690,4218 1678,4227 1658,4227 1639,4242 1598,4242 1578,4222 1448,4223"/>
        <Baseline points="1476,4202 1526,4203 1576,4201 1626,4198 1676,4196 1726,4194 1776,4192 1826,4190 1876,4188 1926,4186 1976,4185 2026,4184 2076,4183 2126,4183 2176,4182 2226,4182 2276,4182 2326,4182 2376,4183 2426,4184 2476,4184 2526,4186 2576,4188 2626,4188 2676,4188 2726,4190 2776,4190 2826,4191 2876,4193 2926,4195 2976,4197 3026,4197 3076,4198 3126,4199 3176,4199 3226,4201 3276,4203 3326,4204 3356,4202"/>
        <Word id="word_0ba7424a-6446-4210-b846-af7cdb9ca84a">
          <Coords points="1477,4167 1527,4168 1532,4168 1534,4213 1526,4213 1476,4212"/>
          <TextEquiv>
            <Unicode>t'</Unicode>
          </TextEquiv>
        </Word>
        <Word id="word_fbf8a1b8-528b-487c-bd3d-8f356f92c94c">
          <Coords points="1561,4167 1575,4166 1624,4163 1675,4161 1725,4159 1764,4157 1766,4202 1726,4204 1676,4206 1627,4208 1576,4211 1563,4212"/>
          <TextEquiv>
            <Unicode>compt=r</Unicode>
          </TextEquiv>
        </Word>
        <Word id="word_1d8968e8-0380-482a-90e7-e7fb015568f3">
          <Coords points="1793,4156 1825,4155 1875,4153 1925,4151 1975,4150 1996,4150 1997,4195 1976,4195 1926,4196 1876,4198 1826,4200 1794,4201"/>
          <TextEquiv>
            <Unicode>Gener=l</Unicode>
          </TextEquiv>
        </Word>
        <Word id="word_cc1c2358-65de-4335-9771-ebc1fd2344b2">
          <Coords points="2025,4149 2025,4149 2075,4148 2112,4148 2112,4193 2076,4193 2026,4194 2026,4194"/>
          <TextEquiv>
            <Unicode>van</Unicode>
          </TextEquiv>
        </Word>
        <Word id="word_6b1cc13b-52b4-4ce0-9f96-8fe3fea58129">
          <Coords points="2140,4148 2175,4147 2226,4147 2276,4147 2315,4147 2315,4192 2276,4192 2226,4192 2176,4192 2141,4193"/>
          <TextEquiv>
            <Unicode>Jndia,</Unicode>
          </TextEquiv>
        </Word>
        <Word id="word_e543bf5d-6acb-4e8d-b46b-ec7f82d8f4ad">
          <Coords points="2345,4147 2377,4148 2427,4149 2459,4149 2459,4194 2426,4194 2376,4193 2343,4192"/>
          <TextEquiv>
            <Unicode>waer</Unicode>
          </TextEquiv>
        </Word>
        <Word id="word_7b6f9f30-a2c0-4c1d-84b0-27dd638b8a63">
          <Coords points="2490,4149 2528,4151 2576,4153 2575,4198 2525,4196 2488,4194"/>
          <TextEquiv>
            <Unicode>bij</Unicode>
          </TextEquiv>
        </Word>
        <Word id="word_92355a5d-d53c-4874-a976-3ad4a74df364">
          <Coords points="2602,4154 2624,4153 2676,4153 2692,4154 2690,4199 2676,4198 2627,4198 2604,4199"/>
          <TextEquiv>
            <Unicode>d:e</Unicode>
          </TextEquiv>
        </Word>
        <Word id="word_e3f30525-10f4-49b6-aa56-a6c786fcb909">
          <Coords points="2721,4155 2727,4155 2776,4155 2827,4156 2877,4158 2927,4160 2952,4161 2951,4206 2926,4205 2876,4203 2826,4201 2776,4200 2726,4200 2719,4200"/>
          <TextEquiv>
            <Unicode>Compt=re</Unicode>
          </TextEquiv>
        </Word>
        <Word id="word_f386520c-9c25-439b-b29e-f8970e46e241">
          <Coords points="2980,4162 3026,4162 3077,4163 3125,4164 3124,4209 3076,4208 3026,4207 2980,4207"/>
          <TextEquiv>
            <Unicode>onder</Unicode>
          </TextEquiv>
        </Word>
        <Word id="word_413ca628-3750-41a7-9cb1-22c19e5df887">
          <Coords points="3153,4165 3175,4164 3227,4166 3277,4168 3327,4169 3354,4167 3357,4212 3326,4214 3276,4213 3226,4211 3176,4209 3154,4210"/>
          <TextEquiv>
            <Unicode>anderen</Unicode>
          </TextEquiv>
        </Word>
        <TextEquiv conf="0.8871525927419452">
          <Unicode>t' compt=r Gener=l van Jndia, waer bij d:e Compt=re onder anderen</Unicode>
        </TextEquiv>
        <TextStyle xHeight="39"/>
      </TextLine>
      <TextLine id="line_9d696f2b-4c57-40d6-9f4c-4a27316650fd">
        <Coords points="1434,4227 1576,4222 1596,4241 1640,4242 1660,4227 1676,4227 1700,4203 1808,4202 2215,4215 2247,4229 2756,4226 2833,4234 2847,4223 2883,4223 2898,4214 3162,4214 3190,4222 3222,4249 3371,4244 3371,4301 3302,4301 3290,4313 3166,4308 3038,4313 3030,4321 2703,4320 2619,4329 2331,4316 2323,4308 2051,4313 2003,4312 1976,4301 1716,4301 1700,4317 1512,4317 1434,4333"/>
        <Baseline points="1462,4299 1512,4297 1562,4296 1612,4294 1662,4292 1712,4292 1762,4291 1812,4289 1862,4288 1912,4287 1962,4286 2012,4285 2062,4285 2112,4284 2162,4283 2212,4283 2262,4284 2312,4285 2362,4284 2412,4284 2462,4285 2512,4286 2562,4287 2612,4287 2662,4287 2712,4288 2762,4289 2812,4290 2862,4291 2912,4291 2962,4292 3012,4292 3062,4291 3112,4291 3162,4291 3212,4292 3262,4292 3312,4292 3344,4287"/>
        <Word id="word_0c39de12-d3e9-41aa-b76e-3dd94a666585">
          <Coords points="1461,4264 1511,4262 1561,4261 1611,4259 1661,4257 1712,4257 1761,4256 1794,4255 1796,4300 1762,4301 1712,4302 1662,4302 1612,4304 1562,4306 1512,4307 1462,4309"/>
          <TextEquiv>
            <Unicode>gedebiteert</Unicode>
          </TextEquiv>
        </Word>
        <Word id="word_6c3e4268-75ba-4f8e-917e-539a64bf0d30">
          <Coords points="1826,4253 1862,4253 1911,4252 1961,4251 1977,4251 1978,4296 1962,4296 1912,4297 1862,4298 1826,4298"/>
          <TextEquiv>
            <Unicode>staet</Unicode>
          </TextEquiv>
        </Word>
        <Word id="word_79d91ce4-400d-4db2-8869-3b1b7971e2c0">
          <Coords points="2008,4250 2011,4250 2062,4250 2111,4249 2129,4249 2130,4294 2112,4294 2062,4295 2012,4295 2009,4295"/>
          <TextEquiv>
            <Unicode>voor</Unicode>
          </TextEquiv>
        </Word>
        <Word id="word_40816403-db4b-487f-b547-0d50304abfac">
          <Coords points="2159,4248 2161,4248 2191,4248 2191,4293 2162,4293 2160,4293"/>
          <TextEquiv>
            <Unicode>ƒ</Unicode>
          </TextEquiv>
        </Word>
        <Word id="word_dcba2e60-50ad-45e6-9fa9-824e1a479906">
          <Coords points="2222,4248 2263,4249 2313,4250 2361,4249 2412,4249 2434,4249 2433,4294 2412,4294 2362,4294 2312,4295 2262,4294 2221,4293"/>
          <TextEquiv>
            <Unicode>692„-„-</Unicode>
          </TextEquiv>
        </Word>
        <Word id="word_438d5dbb-5301-4d0b-a75b-d6b2cfc39e1f">
          <Coords points="2465,4250 2513,4251 2563,4252 2585,4252 2585,4297 2562,4297 2512,4296 2464,4295"/>
          <TextEquiv>
            <Unicode>over</Unicode>
          </TextEquiv>
        </Word>
        <Word id="word_f77a0fe4-5252-4ca2-b62a-398aceb9d7be">
          <Coords points="2616,4252 2662,4252 2713,4253 2763,4254 2799,4255 2798,4300 2762,4299 2712,4298 2662,4297 2616,4297"/>
          <TextEquiv>
            <Unicode>eenige</Unicode>
          </TextEquiv>
        </Word>
        <Word id="word_0211c03d-9496-43a4-8f67-4c182116106b">
          <Coords points="2829,4255 2863,4256 2912,4256 2963,4257 3012,4257 3061,4256 3112,4256 3162,4256 3213,4257 3262,4257 3312,4257 3339,4252 3346,4297 3312,4302 3262,4302 3212,4302 3162,4301 3112,4301 3062,4301 3012,4302 2962,4302 2912,4301 2862,4301 2828,4300"/>
          <TextEquiv>
            <Unicode>noodtwendicheden,</Unicode>
          </TextEquiv>
        </Word>
        <TextEquiv conf="0.8932945593520117">
          <Unicode>gedebiteert staet voor ƒ 692„-„- over eenige noodtwendicheden,</Unicode>
        </TextEquiv>
        <TextStyle xHeight="37"/>
      </TextLine>
    </TextRegion>
    <TextRegion id="region_ed4ad70a-d04b-49f2-a3e1-ba56764ac0c7_3" custom="structure {type:paragraph;}">
      <Coords points="1762,772 1766,772 1769,776 1776,776 1780,779 1811,779 1814,776 1828,776 1832,772 1835,772 1832,769 1832,765 1828,762 1821,762 1818,758 1783,758 1780,762 1776,762 1776,765 1769,772"/>
    </TextRegion>
    <TextRegion id="region_e5467578-0c76-4247-bd4c-7c77deaa9341_4" custom="structure {type:paragraph;}">
      <Coords points="1832,353 1832,364 1835,367 1835,405 1839,409 1839,419 1835,423 1835,430 1828,444 1828,454 1821,468 1821,500 1818,503 1821,521 1818,524 1818,538 1821,542 1821,549 1828,556 1835,570 1835,577 1842,591 1867,605 1877,605 1881,608 1898,608 1902,605 1944,605 1947,601 1968,601 1972,605 2017,605 2021,601 2066,601 2070,605 2091,605 2094,601 2108,601 2112,605 2182,605 2185,608 2213,608 2217,612 2238,612 2241,615 2297,615 2300,612 2356,612 2360,608 2437,608 2440,605 2482,605 2486,601 2538,598 2542,594 2559,594 2563,591 2741,591 2744,594 2895,594 2898,591 2926,591 2930,587 2947,587 2951,584 2972,584 2975,580 2989,580 2993,577 3014,577 3017,580 3070,584 3073,587 3084,587 3087,591 3098,591 3101,594 3126,598 3139,605 3150,605 3171,615 3185,615 3188,619 3202,619 3206,622 3216,622 3220,619 3223,622 3255,626 3269,619 3283,605 3297,577 3293,559 3283,542 3283,531 3279,528 3279,510 3276,507 3272,486 3269,482 3269,458 3262,444 3262,433 3258,430 3258,419 3255,416 3251,398 3244,384 3237,377 3234,367 3220,353 3192,339 3164,339 3160,343 3146,343 3143,346 3122,346 3119,350 3105,350 3091,343 3084,336 3084,332 3073,332 3070,336 3056,336 3052,339 3024,346 3017,353 3014,353 3007,360 3007,364 3000,367 3000,371 2972,398 2965,398 2961,402 2947,402 2944,405 2884,405 2881,409 2867,409 2863,412 2853,412 2849,416 2832,416 2828,419 2811,419 2807,423 2783,423 2779,426 2734,426 2730,430 2706,430 2702,433 2671,433 2668,437 2584,437 2580,433 2545,433 2542,430 2521,430 2517,426 2489,419 2479,412 2475,416 2461,416 2458,412 2398,412 2395,409 2381,409 2377,405 2356,402 2353,398 2346,398 2332,391 2321,391 2307,384 2248,325 2234,322 2231,318 2224,318 2220,315 2206,315 2203,311 2143,311 2140,315 2094,318 2091,322 2063,325 2059,329 2042,329 2038,332 1986,332 1982,329 1947,329 1944,325 1898,325 1895,322 1888,325 1874,325 1870,322 1863,322 1860,325 1849,325 1842,332 1842,339"/>
      <TextLine id="line_81c1c7d7-b6ff-4580-aa3b-b16cbfd0658d">
        <Coords points="1786,264 1824,265 1889,253 1943,268 1959,253 1987,244 2039,264 2098,264 2119,281 2171,281 2203,305 2262,304 2286,327 2299,327 2299,385 2286,389 1896,392 1883,401 1786,401"/>
        <Baseline points="1814,383 1864,379 1914,377 1964,375 2014,374 2064,373 2114,371 2164,372 2214,372 2264,372 2272,371"/>
        <Word id="word_ff6905f5-4e99-4e8e-bf70-f771ed74ee9b">
          <Coords points="1811,348 1861,344 1913,342 1963,340 2013,339 2063,338 2113,336 2165,337 2214,337 2264,337 2268,336 2273,381 2264,382 2214,382 2164,382 2114,381 2064,383 2014,384 1964,385 1914,387 1865,389 1815,393"/>
          <TextEquiv>
            <Unicode>Coromandel</Unicode>
          </TextEquiv>
        </Word>
        <TextEquiv conf="0.9985854084984225">
          <Unicode>Coromandel</Unicode>
        </TextEquiv>
        <TextStyle xHeight="47"/>
      </TextLine>
      <TextLine id="line_35cefd45-eaf3-4875-88bc-b6b897767c63">
        <Coords points="2971,310 3200,311 3229,340 3229,400 3185,427 3013,427 2990,408 2971,407"/>
        <Baseline points="2999,384 3049,382 3099,382 3149,383 3199,385 3202,385"/>
        <Word id="word_d0594a2d-c7c3-4336-9a83-3740ac3aef3a">
          <Coords points="2998,349 3048,347 3099,347 3150,348 3200,350 3202,350 3202,395 3199,395 3149,393 3099,392 3049,392 2999,394"/>
          <TextEquiv>
            <Unicode>1646</Unicode>
          </TextEquiv>
        </Word>
        <TextEquiv conf="0.9987845930339729">
          <Unicode>1646</Unicode>
        </TextEquiv>
        <TextStyle xHeight="51"/>
      </TextLine>
      <TextLine id="line_15d69100-6385-411e-99ba-2e7d43e6fe90">
        <Coords points="1799,406 2982,406 3008,429 3201,440 3201,498 3144,506 3123,521 3112,521 3088,497 2612,506 2580,493 2465,490 2385,557 2346,525 2324,533 2289,501 2222,494 2009,494 2001,502 1933,502 1913,518 1893,517 1885,509 1799,502"/>
        <Baseline points="1827,490 1877,491 1927,489 1977,487 2027,487 2077,486 2127,486 2177,484 2227,484 2277,485 2327,483 2377,484 2427,484 2477,482 2527,481 2577,481 2627,480 2677,481 2727,481 2777,481 2827,481 2877,482 2927,483 2977,484 3027,484 3077,484 3127,484 3174,483"/>
        <Word id="word_21b78cd6-ab53-4fd1-92c7-572545960298">
          <Coords points="1828,455 1878,456 1926,454 1966,452 1968,497 1927,499 1877,501 1827,500"/>
          <TextEquiv>
            <Unicode>Copir</Unicode>
          </TextEquiv>
        </Word>
        <Word id="word_90939de4-0f1b-48df-bc96-548fae5ab523">
          <Coords points="1996,451 2028,452 2076,451 2127,451 2176,449 2192,449 2192,494 2177,494 2127,496 2077,496 2027,497 1995,496"/>
          <TextEquiv>
            <Unicode>missive</Unicode>
          </TextEquiv>
        </Word>
        <Word id="word_29fc2c6a-f0ec-479d-8909-7c8d1bee1b8b">
          <Coords points="2220,449 2227,449 2278,450 2326,448 2333,448 2332,493 2327,493 2277,495 2227,494 2220,494"/>
          <TextEquiv>
            <Unicode>door</Unicode>
          </TextEquiv>
        </Word>
        <Word id="word_a813b599-9f04-4514-a26f-6ea000dcbb51">
          <Coords points="2361,449 2378,449 2427,449 2443,448 2445,493 2427,494 2377,494 2360,494"/>
          <TextEquiv>
            <Unicode>den</Unicode>
          </TextEquiv>
        </Word>
        <Word id="word_2fac3f0f-d775-4b61-a539-a440afd5e0a8">
          <Coords points="2471,447 2476,447 2526,446 2577,446 2626,445 2678,446 2727,446 2753,446 2753,491 2727,491 2677,491 2627,490 2577,491 2527,491 2477,492 2473,492"/>
          <TextEquiv>
            <Unicode>Gouverneur</Unicode>
          </TextEquiv>
        </Word>
        <Word id="word_d4a70aa5-180a-4ecb-9c75-8b8285d9b765">
          <Coords points="2781,446 2827,446 2878,447 2928,448 2950,448 2949,493 2927,493 2877,492 2827,491 2781,491"/>
          <TextEquiv>
            <Unicode>Arnold</Unicode>
          </TextEquiv>
        </Word>
        <Word id="word_46e15ca3-9789-4268-806f-5d9fb62d1792">
          <Coords points="2977,449 3027,449 3077,449 3127,449 3173,448 3174,493 3127,494 3077,494 3027,494 2978,494"/>
          <TextEquiv>
            <Unicode>Heussen</Unicode>
          </TextEquiv>
        </Word>
        <TextEquiv conf="0.8720735505131479">
          <Unicode>Copir missive door den Gouverneur Arnold Heussen</Unicode>
        </TextEquiv>
        <TextStyle xHeight="36"/>
      </TextLine>
      <TextLine id="line_54ef89f9-f8be-4e71-a24d-27a160e9de6d">
        <Coords points="1799,514 1877,503 2001,503 2009,495 2157,499 2169,491 2218,491 2225,498 2285,498 2325,534 2341,522 2357,534 2407,543 2453,499 2513,499 2521,491 2542,491 2549,498 2581,494 2613,507 3089,498 3154,547 3165,547 3209,515 3218,519 3218,578 3153,577 3112,616 2993,616 2965,628 2681,636 2674,643 2597,647 2093,646 2057,651 2049,659 1981,659 1945,650 1799,655"/>
        <Baseline points="1827,580 1877,581 1927,578 1977,577 2027,576 2077,575 2127,573 2177,572 2227,573 2277,573 2327,573 2377,572 2427,571 2477,572 2527,571 2577,570 2627,570 2677,569 2727,571 2777,570 2827,570 2877,569 2927,568 2977,567 3027,567 3077,567 3127,566 3177,563 3191,564"/>
        <Word id="word_8274d226-903a-4663-b42b-ee652f97dadd">
          <Coords points="1828,545 1878,546 1878,546 1881,591 1877,591 1827,590"/>
          <TextEquiv>
            <Unicode>In</Unicode>
          </TextEquiv>
        </Word>
        <Word id="word_afc17d10-c005-4a0e-8876-d967db91d400">
          <Coords points="1905,544 1925,543 1976,542 2013,541 2014,586 1977,587 1928,588 1908,589"/>
          <TextEquiv>
            <Unicode>dato</Unicode>
          </TextEquiv>
        </Word>
        <Word id="word_c0f56687-abc0-433f-b499-b52fa3c2410f">
          <Coords points="2040,541 2076,540 2120,538 2122,583 2077,585 2041,586"/>
          <TextEquiv>
            <Unicode>ult</Unicode>
          </TextEquiv>
        </Word>
        <Word id="word_34355a98-6c4b-4604-80ad-9bfc5f9cf105">
          <Coords points="2148,537 2174,537 2175,582 2148,582"/>
          <TextEquiv>
            <Unicode>o</Unicode>
          </TextEquiv>
        </Word>
        <Word id="word_488330ea-6e02-4719-96b9-c3f5e6f4dc50">
          <Coords points="2203,537 2229,538 2277,538 2327,538 2334,538 2335,583 2327,583 2277,583 2227,583 2201,582"/>
          <TextEquiv>
            <Unicode>febr:</Unicode>
          </TextEquiv>
        </Word>
        <Word id="word_0c408fa7-f0f3-435e-8f57-5f41de18dfa6">
          <Coords points="2361,537 2376,537 2426,536 2443,536 2442,581 2427,581 2377,582 2362,582"/>
          <TextEquiv>
            <Unicode>p:r</Unicode>
          </TextEquiv>
        </Word>
        <Word id="word_50e396a3-a6b9-40dd-9995-e244925db191">
          <Coords points="2470,537 2478,537 2522,536 2523,581 2477,582 2469,582"/>
          <TextEquiv>
            <Unicode>'t</Unicode>
          </TextEquiv>
        </Word>
        <Word id="word_2b5bd769-07f6-4d1e-9565-3252bba40125">
          <Coords points="2548,536 2575,535 2576,580 2549,581"/>
          <TextEquiv>
            <Unicode>'</Unicode>
          </TextEquiv>
        </Word>
        <Word id="word_07b72955-52ce-41e0-bb90-03481918060a">
          <Coords points="2603,534 2628,535 2676,534 2711,535 2709,580 2677,579 2627,580 2602,579"/>
          <TextEquiv>
            <Unicode>acht</Unicode>
          </TextEquiv>
        </Word>
        <Word id="word_31623848-4a25-4ccc-86a6-20f59e3ef0cf">
          <Coords points="2735,536 2776,535 2817,535 2817,580 2777,580 2737,581"/>
          <TextEquiv>
            <Unicode>lis</Unicode>
          </TextEquiv>
        </Word>
        <Word id="word_e5925ba8-7630-468d-83aa-7765e2e513dc">
          <Coords points="2842,535 2876,534 2923,533 2924,578 2877,579 2844,580"/>
          <TextEquiv>
            <Unicode>aen</Unicode>
          </TextEquiv>
        </Word>
        <Word id="word_1ae8dca7-ffc5-4304-b091-b6ef5c8136ad">
          <Coords points="2950,533 2976,532 3027,532 3057,532 3057,577 3027,577 2977,577 2950,578"/>
          <TextEquiv>
            <Unicode>haer</Unicode>
          </TextEquiv>
        </Word>
        <Word id="word_ed92f71b-89ac-4ddd-b9e2-2e6ce3337740">
          <Coords points="3083,532 3126,531 3175,528 3193,529 3190,574 3178,573 3127,576 3084,577"/>
          <TextEquiv>
            <Unicode>Ed=s</Unicode>
          </TextEquiv>
        </Word>
        <TextEquiv conf="0.8249292393437246">
          <Unicode>In dato ult o febr: p:r 't ' acht lis aen haer Ed=s</Unicode>
        </TextEquiv>
        <TextStyle xHeight="47"/>
      </TextLine>
    </TextRegion>
    <TextRegion id="region_bbb6c737-5ff1-4b1e-8f2c-65a8f77721d5_5" custom="structure {type:catch-word;}">
      <Coords points="3153,4352 3153,4380 3157,4383 3157,4387 3160,4390 3160,4394 3171,4404 3174,4404 3181,4411 3185,4411 3188,4415 3195,4415 3199,4418 3209,4418 3213,4422 3227,4422 3230,4425 3237,4425 3241,4422 3251,4422 3255,4418 3269,4418 3272,4415 3283,4415 3286,4411 3297,4411 3300,4408 3304,4408 3311,4401 3314,4401 3321,4394 3321,4390 3325,4387 3325,4383 3328,4380 3328,4376 3335,4369 3335,4359 3332,4355 3332,4348 3325,4341 3325,4338 3311,4324 3304,4324 3300,4320 3293,4320 3290,4317 3272,4317 3269,4313 3244,4313 3241,4310 3227,4310 3223,4306 3220,4306 3216,4310 3185,4310 3185,4324 3178,4331 3174,4331"/>
      <TextLine id="line_14ef6fef-b96f-43a6-a2f3-69a1b5988c1f">
        <Coords points="3152,4324 3190,4315 3222,4341 3351,4341 3349,4402 3262,4406 3250,4418 3152,4413"/>
        <Baseline points="3180,4384 3230,4388 3280,4387 3324,4385"/>
        <Word id="word_410e76d2-91aa-41be-b255-e00f55ae1a28">
          <Coords points="3183,4349 3233,4353 3279,4352 3322,4350 3324,4395 3280,4397 3229,4398 3179,4394"/>
          <TextEquiv>
            <Unicode>door</Unicode>
          </TextEquiv>
        </Word>
        <TextEquiv conf="0.9512939130358479">
          <Unicode>door</Unicode>
        </TextEquiv>
        <TextStyle xHeight="31"/>
      </TextLine>
    </TextRegion>
    <TextRegion id="region_2b9c8536-3cc9-4283-ade6-fe58916ecec4">
      <Coords points="715,263 1173,263 1173,289 715,289"/>
      <TextLine id="line_9cefea38-1e4a-4c75-bbeb-e0873b7c43da">
        <Coords points="688,233 702,225 757,221 792,233 831,233 860,213 881,219 946,181 1078,181 1089,170 1130,201 1199,228 1199,287 786,287 774,294 688,298"/>
        <Baseline points="716,276 766,278 816,278 866,277 916,276 966,275 1016,274 1066,276 1116,277 1166,275 1172,273"/>
        <Word id="word_63fea482-d4d9-4c5c-a651-c95b31c37134">
          <Coords points="717,241 767,243 816,243 865,242 886,242 887,287 866,287 816,288 766,288 716,286"/>
          <TextEquiv>
            <Unicode>dal</Unicode>
          </TextEquiv>
        </Word>
        <Word id="word_d1d7ffba-f940-470f-ad86-73daa6d33804">
          <Coords points="943,240 965,240 1015,239 1067,241 1117,242 1161,240 1165,240 1175,282 1166,285 1116,287 1066,286 1016,284 966,285 944,285"/>
          <TextEquiv>
            <Unicode>1446</Unicode>
          </TextEquiv>
        </Word>
        <TextEquiv conf="0.28998488187167354">
          <Unicode>dal 1446</Unicode>
        </TextEquiv>
        <TextStyle xHeight="44"/>
      </TextLine>
    </TextRegion>
    <TextRegion id="c7ac4f32-eecf-4984-8cf1-5e10503d586b">
      <Coords points="1208,1401 1376,1401 1376,1444 1208,1444"/>
      <TextLine id="bc0c2474-893a-409c-87ea-005be95fa4eb">
        <Coords points="1181,1409 1311,1291 1391,1360 1400,1360 1400,1418 1367,1418 1311,1469 1261,1497 1247,1493 1226,1513 1181,1511"/>
        <Baseline points="1209,1435 1259,1429 1309,1419 1359,1407 1373,1404"/>
        <Word id="word_dcc1b820-23c9-48b3-a191-9fe6af338ad0">
          <Coords points="1205,1400 1255,1394 1302,1385 1351,1373 1366,1370 1375,1414 1361,1417 1311,1429 1260,1439 1210,1445"/>
          <TextEquiv>
            <Unicode>Nts.</Unicode>
          </TextEquiv>
        </Word>
        <TextEquiv conf="0.6338375600057491">
          <Unicode>Nts.</Unicode>
        </TextEquiv>
        <TextStyle xHeight="48"/>
      </TextLine>
    </TextRegion>
  </Page>
</PcGts>
