3580 4883
1332 920 1534 975 Coning
1566 928 1668 979 als
1701 934 1769 980 nu
1801 935 1903 984 ao.
1935 940 2137 987 pass.o
2169 942 2271 988 aen
2303 943 2471 991 eenen
2504 944 2839 992 Mierchalib
2871 942 3107 989 moorsch
3139 945 3377 1001 Coopman

1370 1044 1462 1091 tot
1492 1044 1554 1090 34
1584 1042 1676 1089 st.
1704 1042 1736 1088 r
1766 1041 2072 1090 toegestaen
2100 1043 2254 1090 zijn,
2284 1044 2680 1091 gelicentieert
2710 1039 2924 1088 zijnde,
2954 1038 3015 1085 't
3044 1036 3258 1082 provenu
3288 1035 3384 1086 der

1364 1145 1859 1204 gebeneficieerde
1891 1145 2221 1193 Coopmansz,
2253 1149 2352 1194 die
2384 1149 2681 1196 doorgaens
2714 1147 2845 1194 noch
2876 1142 3042 1191 goede
3074 1135 3339 1187 advancen

1370 1280 1696 1331 renderen.
1732 1278 1913 1325 meest
1948 1276 2094 1324 alle
2130 1274 2310 1320 Iaren
2347 1274 2420 1320 d'
2455 1272 2672 1321 Retour
2707 1255 3142 1316 overgemaeckt
3177 1254 3359 1303 soude

1379 1392 1571 1441 cunnen
1601 1393 1825 1440 werden;
1856 1393 1985 1440 daer
2016 1396 2080 1441 't
2111 1396 2175 1441 nu
2207 1396 2271 1442 e'
2302 1397 2494 1444 contra
2525 1398 2653 1444 door
2682 1383 3035 1442 mancquement
3065 1379 3162 1426 van
3194 1376 3385 1424 andere

1365 1509 1695 1559 vereijschte
1724 1504 1995 1554 Retouren,
2025 1504 2145 1551 ende
2175 1506 2417 1558 weijnich
2443 1513 2505 1560 op
2534 1506 2775 1558 Responde
2801 1498 3014 1549 begeert
3042 1495 3225 1542 werdt,
3254 1490 3346 1543 ge„

1375 1614 1702 1664 nootsaeckt
1734 1612 1864 1658 zijn
1897 1612 1994 1658 ten
2026 1612 2352 1658 meerendeel
2385 1613 2483 1658 tot
2513 1601 2840 1656 Excessijve
2872 1595 3198 1645 Interesten
3230 1594 3328 1640 van

1368 1722 1432 1769 d'
1463 1723 1527 1768 E.
1559 1722 1718 1769 Comp.
1749 1721 1781 1766 e
1813 1720 1940 1766 voor
1972 1719 2258 1765 restanten
2289 1717 2575 1764 derwaerts
2607 1717 2671 1762 te
2702 1712 2893 1761 laten)
2924 1709 3147 1756 buijten
3178 1706 3307 1754 dien

1375 1816 1569 1863 eenige
1598 1817 1922 1864 merckel.jk
1951 1817 2339 1866 veranderinge
2370 1822 2467 1869 ten
2498 1822 2691 1869 goeden
2723 1817 3044 1867 t'erlangen
3075 1814 3172 1861 Is,
3201 1812 3270 1859 nu

1345 1929 1552 1977 Echter
1586 1930 1690 1975 ten
1724 1930 1965 1976 aensien
1999 1930 2103 1976 ons
2138 1930 2344 1978 nieuwe
2378 1933 2517 1982 hope
2551 1932 2827 1982 gegeven;
2861 1931 3103 1977 doorden
3136 1926 3380 1976 Maijs=t

1371 2039 1586 2086 meerder
1615 2040 1951 2089 liberteijt,
1980 2044 2072 2091 als
2102 2046 2194 2093 wel
2224 2049 2376 2096 naest
2406 2051 2467 2096 3„
2496 2050 2528 2096 â
2558 2048 2619 2094 4.
2647 2042 2802 2092 Jaren
2832 2038 3106 2087 geschiet,
3136 2036 3393 2083 gegeven,

1362 2146 1462 2194 end
1491 2149 1622 2199 door
1652 2156 1717 2203 d'
1749 2158 1943 2204 Engels
1973 2159 2039 2205 e,
2069 2158 2295 2205 Mooren,
2327 2158 2424 2203 als
2456 2157 2681 2203 anderen
2712 2151 3002 2201 doorgaens
3032 2146 3162 2194 noch
3194 2144 3387 2191 Stercq

1359 2252 1667 2306 derwaerts
1701 2261 2078 2309 g'equipeert
2111 2264 2316 2311 werdt,
2350 2259 2658 2310 oversulcx
2691 2257 2795 2304 ome
2827 2252 2965 2302 dien
2999 2249 3204 2297 handel
3237 2249 3375 2297 niet

1363 2364 1758 2415 t'eenemael,
1792 2371 1935 2418 ende
1970 2371 2042 2417 op
2077 2371 2220 2418 eene
2254 2368 2470 2416 Stondt
2504 2360 3006 2411 t'abandoneren,
3039 2362 3184 2408 maer
3218 2364 3362 2414 opde

1359 2473 1624 2522 verdere
1661 2477 1926 2523 gegeven
1964 2478 2115 2525 hope
2152 2479 2266 2525 een
2304 2478 2493 2525 nader
2530 2476 2757 2525 Preuve
2794 2474 2871 2520 te
2907 2470 3135 2517 nemen,
3171 2469 3325 2520 ende

1370 2586 1530 2632 alsoo
1561 2583 1690 2630 onse
1720 2584 2103 2632 Competiteurs
2134 2582 2231 2629 soo
2263 2582 2390 2627 veel
2422 2580 2678 2627 mogelijk
2709 2580 2774 2626 t'
2804 2575 3156 2624 Intesteren,
3187 2573 3380 2621 blyven

1373 2695 1442 2743 in
1474 2691 1772 2741 voornemen
1801 2688 1937 2738 (ten
1969 2688 2101 2734 ware
2134 2688 2266 2735 VEd:
2298 2688 2497 2735 anders
2531 2685 2828 2734 geliefden
2860 2680 3292 2729 t'ordonneren)

1361 2793 1691 2843 andermael
1727 2793 2094 2840 besendinge
2130 2795 2240 2841 met
2276 2796 2387 2842 een
2422 2796 2643 2842 matigh
2678 2792 2862 2842 Cap„l
2899 2792 2973 2837 in
3009 2781 3339 2838 Septemb=r

1369 2900 1677 2950 aenstaende
1707 2900 1860 2946 alsoo
1890 2901 2014 2948 daer
2043 2903 2105 2948 op
2134 2902 2197 2948 te
2226 2901 2411 2948 vooren
2441 2901 2686 2951 weijnich
2716 2901 2870 2951 Staet
2899 2899 2961 2945 te
2991 2898 3176 2946 maechn
3205 2900 3393 2948 eweest

1367 3013 1399 3060 â
1427 3011 1634 3058 present
1663 3012 1810 3058 niets
1839 3010 1899 3057 in
1928 3009 2163 3055 voorraet
2193 3009 2311 3056 ende
2339 3011 2428 3056 tot
2457 3011 2518 3058 't
2545 3014 2782 3061 opmaecq.
2810 3017 2840 3062 e
2868 3014 3016 3061 vand'
3046 3007 3370 3059 vereijschte

1369 3109 1603 3156 Cleden,
1634 3113 1767 3158 ende
1799 3113 1965 3161 Roodt
1997 3116 2263 3162 Cattoene
2295 3117 2461 3164 garen
2493 3119 2627 3166 geen
2659 3121 2857 3167 minder
2889 3119 3023 3166 tijt
3055 3118 3155 3165 van
3188 3120 3355 3170 noden

1368 3204 1467 3253 Is,
1499 3208 1566 3255 te
1597 3210 1764 3259 doen,
1795 3215 1861 3260 d'
1893 3215 2156 3264 suijvere
2188 3219 2452 3266 advancen
2483 3221 2550 3268 t'
2582 3221 2780 3270 sedert
2809 3219 2943 3267 P=mo
2975 3222 3173 3280 feb=rm
3205 3236 3308 3286 des

1356 3325 1650 3372 voorleden
1682 3324 1878 3371 Iaers,
1910 3320 2009 3368 tot
2040 3318 2204 3365 Vl=mo
2235 3319 2465 3368 Ian=rin
2498 3323 2661 3370 deses
2693 3326 2891 3374 Iaers,
2921 3330 3248 3379 affgetrock

1367 3432 1430 3480 d'
1460 3428 1704 3476 Encosten
1734 3428 1917 3474 buijte
1947 3429 2009 3476 't
2038 3431 2374 3479 verstreckte
2404 3433 2496 3479 aen
2525 3433 2588 3479 't
2617 3435 2953 3482 logievolcq,
2983 3437 3044 3482 en
3074 3436 3136 3482 't
3165 3438 3318 3484 Jacht

1351 3533 1804 3595 Grijpskercke,
1836 3531 2115 3578 bedragen
2150 3532 2392 3579 volgens
2427 3532 2496 3578 d'
2531 3531 2809 3578 gesloten
2842 3532 3344 3591 Negotieboucq=e

1350 3647 1385 3693 ƒ
1418 3644 1792 3693 10334„7„14.
1825 3642 1963 3690 daer
1996 3645 2200 3690 tegens
2234 3645 2641 3693 d'restanten,
2675 3644 2879 3693 sijnde
2911 3641 3083 3688 meest
3115 3637 3389 3688 contante

1360 3750 1494 3799 ende
1527 3748 1896 3796 uijtstaende
1927 3753 2195 3799 Schulden
2228 3754 2396 3800 (waer
2428 3755 2595 3801 onder
2629 3756 2863 3803 ontrent
2896 3758 2930 3803 d
2962 3756 2996 3802 /
3029 3753 3369 3801 12000//-/-

1366 3852 1553 3902 weest
1588 3853 1958 3907 desperagt)
1991 3864 2029 3910 ƒ
2065 3864 2469 3915 50957„16„5„
2505 3868 2580 3914 't
2615 3870 2762 3916 gene
2798 3866 2909 3914 mij
2945 3864 3019 3910 nu
3055 3859 3203 3908 door
3239 3860 3349 3906 den

1364 3969 1822 4016 Ondercoopman
1859 3969 2127 4017 Robbert
2164 3970 2393 4018 Bruijn
2430 3969 2584 4016 uijt
2621 3972 2738 4019 Ava
2773 3970 3193 4022 g'adviseert
3231 3970 3383 4017 wert

1853 333 2322 394 Coromandel

3043 343 3248 394 1646

1871 450 2013 499 Copir
2040 447 2237 494 mitsive
2265 445 2377 492 door
2405 444 2489 490 den
2517 442 2799 489 Gouverneur
2826 444 2994 491 Arnold
3023 446 3219 492 Heussen

1867 547 1919 593 In
1941 541 2046 591 dato
2069 536 2174 586 ult.
2199 535 2226 580 o
2250 535 2379 581 febr:
2404 534 2456 580 p.
2481 534 2508 580 r
2530 533 2584 581 't
2608 532 2635 577 s
2659 531 2763 577 acht
2788 532 2865 577 lis
2891 531 2968 577 aen
2992 529 3095 575 haer
3120 528 3251 576 Ed=ns

2837 4176 3099 4223 gelieven
3130 4179 3293 4226 uEEd:

827 240 932 286 ao
984 239 1194 287 1646
