3451 5203
912 513 1027 567 p=a
1062 512 1173 558 tot
1208 515 1245 561 ƒ
1281 516 1319 563 5
1350 518 1426 565 '¼
1463 517 1645 565 rd=le
1679 518 1790 565 dat
1826 518 1972 564 naer
2009 517 2118 564 den
2153 516 2336 565 cours
2372 520 2481 567 van
2518 522 2736 570 andere
2772 524 2991 571 munte„

872 631 1152 682 valeren
1190 632 1310 679 off
1350 630 1469 677 ten
1507 632 1787 684 minsten
1826 636 1946 683 tot
1985 638 2025 685 ƒ
2065 639 2105 685 4
2143 637 2226 684 /8
2263 638 2543 687 mochten
2581 643 3020 692 gereduceert

860 755 1099 813 werden,
1133 755 1202 802 by
1231 753 1474 802 gevolch
1508 753 1611 799 van
1643 754 1848 800 welck,
1882 754 1951 801 t'
1984 756 2223 805 verlies
2257 759 2325 805 op
2359 759 2428 804 t'
2462 758 2667 805 silver
2700 761 2836 809 ende
2870 758 3076 809 andere

2340 845 2393 893 no
2415 849 2441 895 1

875 891 1104 945 Munten
1140 885 1446 936 (comende
1483 883 1675 930 onder
1708 880 1979 930 anderen
2016 882 2093 928 d'
2130 884 2321 934 pall.
2358 890 2397 936 r
2433 890 2550 938 p:r
2587 894 2740 942 naer
2776 898 2895 947 den

891 1029 1266 1080 Ordinaren
1307 1030 1516 1076 cours
1557 1027 1642 1074 in
1682 1025 2185 1074 masulipatnam
2225 1030 2351 1077 met
2391 1033 2477 1083 d'
2512 1036 2809 1089 Pagoden
2849 1039 3061 1090 ald=r

2903 1128 2934 1175 G

3050 1144 3084 1191 0

895 1161 971 1213 16
1006 1161 1151 1213 2/3,
1186 1163 1330 1211 Ende
1366 1163 1510 1209 naer
1545 1165 1689 1210 onse
1725 1164 2013 1210 reductie
2048 1166 2192 1212 niet
2227 1167 2372 1216 meer
2406 1172 2516 1222 als
2550 1178 2589 1226 7
2620 1184 2768 1243 1/18
2800 1200 2873 1246 p.
2907 1202 2949 1251 r
2974 1217 3084 1268 C:o

889 1295 963 1341 te
998 1294 1402 1344 differeren)
1439 1297 1879 1351 verdraeghl=n
1914 1306 2135 1355 wesen,
2171 1311 2501 1365 d'winsten
2537 1319 2615 1369 op
2647 1328 2721 1375 d'
2757 1330 3052 1383 Coopmans

889 1424 1221 1485 Grotelycx
1257 1419 1734 1468 vermeerderen,
1768 1424 1916 1473 ende
1952 1429 2063 1480 die
2098 1436 2172 1482 op
2208 1437 2283 1486 d'
2317 1443 2612 1499 retouren
2647 1455 2904 1506 weynich
2939 1462 3087 1508 ofte

884 1560 1038 1609 niet
1076 1559 1270 1606 (daer
1307 1557 1386 1603 op
1423 1559 1617 1606 inden
1654 1560 1925 1607 vercoop
1963 1560 2156 1612 staet
2194 1568 2505 1624 gemaeckt
2541 1583 2926 1638 werdende:)
2963 1589 3003 1636 —

835 1694 1307 1753 verminderen
1346 1699 1645 1750 souden,
1687 1704 2028 1761 d'avijso
2069 1717 2116 1766 —

801 1992 926 2051 Den
965 1993 1245 2043 aensien
1282 2000 1362 2047 d'
1402 2002 1919 2057 veroorsaeckte
1958 2013 2515 2075 ontstichtingen
2553 2029 2675 2077 en.
2712 2032 2753 2078 e
2790 2032 3111 2092 Onlusten

882 2111 1032 2162 door
1067 2118 1255 2169 Carel
1292 2124 1368 2171 de
1403 2128 1479 2174 la
1515 2130 1702 2180 Dosse
1738 2136 1926 2185 onder
1961 2141 2371 2205 d'gemeente,
2407 2161 2557 2212 ende
2594 2167 2856 2223 anderen
2891 2179 3157 2237 alhier,

864 2246 978 2293 ten
1014 2246 1392 2296 overstaen,
1426 2253 1578 2299 ende
1614 2255 1765 2304 door
1800 2260 2213 2315 Jntercessie
2249 2270 2364 2321 van
2400 2277 2517 2333 den
2538 2287 3002 2349 Eerwaerdigen

865 2376 1315 2430 Predicant
1365 2373 1713 2431 Abraham
1762 2387 2160 2445 Fierens,
2208 2399 2809 2468 g'assopieert

888 2516 1033 2564 ende
1068 2516 1358 2564 versoent
1394 2518 1615 2573 waren,
1645 2524 1867 2577 hebbe,
1899 2529 2010 2578 die
2044 2534 2264 2591 saecke
2297 2549 2444 2601 niet
2478 2558 2695 2613 verder
2731 2566 3167 2634 g'poucheert,

861 2655 1005 2701 maer
1039 2651 1185 2700 daer
1221 2650 1329 2697 by,
1365 2652 1473 2700 soo
1509 2655 1727 2705 voorts
1760 2662 1942 2713 laten
1977 2670 2302 2723 berusten,
2335 2679 2374 2727 t
2408 2684 2481 2730 Is
2516 2686 2626 2738 wel
2660 2694 2841 2747 sulcx
2876 2704 2985 2752 den

1910 2776 1997 2834 l

2044 2817 2317 2873 Laurens
2355 2829 2473 2877 Rit
2509 2831 2666 2877 voor
2705 2830 2900 2879 dato,
2938 2835 3055 2883 en.
3093 2839 3212 2888 ten

930 2821 1659 2881 Oppercoopman
1716 2825 1899 2875 S=t

917 2952 1078 3001 tyde
1117 2952 1238 3000 tot
1277 2956 1876 3006 verantwoordinge
1915 2962 2076 3008 ende
2114 2964 2315 3017 bewys
2350 2972 2474 3018 van
2513 2973 2673 3019 noch
2711 2970 2995 3021 eenige—

899 3087 1371 3147 voorgegeven
1413 3084 1714 3132 faulten
1757 3085 1885 3130 tot
1928 3085 2144 3137 laste
2185 3093 2315 3140 van
2356 3095 2745 3147 genoemden
2778 3096 2872 3149 La
2912 3091 3178 3154 Dosse,

894 3226 1130 3276 buyten
1168 3224 1247 3272 d'
1286 3219 1758 3269 overgesonden
1795 3219 2069 3267 stucken
2109 3219 2267 3266 ende
2304 3222 2697 3273 munimenten
2735 3229 2855 3278 aen
2891 3234 2931 3281 u
2968 3230 3089 3279 Ed:

875 3366 942 3414 p.
974 3364 1008 3410 r
1038 3360 1108 3409 't
1140 3358 1305 3406 Jacht
1337 3358 1537 3405 Lillo,
1570 3357 1636 3403 op
1667 3349 1967 3400 ontboden,
1998 3351 2132 3400 ende
2164 3355 2230 3401 in
2262 3352 2495 3400 persoon
2527 3351 2693 3398 costi
2725 3353 3023 3404 vereyscht

861 3499 1111 3561 wierde,
1145 3493 1357 3543 eenige
1392 3487 1816 3537 attestatien,
1850 3488 1992 3536 ende
2023 3482 2591 3532 Interrogatorien,
2626 3487 2732 3533 met
2767 3487 2874 3532 ons
2908 3488 3228 3539 voorweten

899 3643 1012 3695 Pro
1045 3632 1230 3685 forma
1265 3624 1412 3675 doen
1448 3619 1814 3670 Instellen,
1849 3614 1995 3667 doch
2031 3614 2216 3661 corts
2249 3618 2397 3665 daer
2432 3621 2580 3668 naer
2614 3623 2761 3670 sijn
2797 3619 3198 3668 continuatie

900 3754 1122 3815 alhier
1157 3748 1267 3797 bij
1303 3746 1449 3792 uEd:
1482 3742 1668 3791 weder
1704 3741 2069 3788 toegestaen
2105 3743 2361 3793 zijnde,
2397 3749 2470 3795 d'
2506 3747 2690 3796 selve
2724 3748 2872 3795 niet
2907 3749 3054 3800 doen
3089 3756 3126 3802 —

880 3891 1250 3963 verlijden,
1286 3886 1434 3935 noch
1470 3880 2023 3930 onderteeckenen,
2058 3880 2206 3927 veel
2241 3878 2354 3925 min
2390 3879 2501 3926 dan
2537 3880 2684 3925 daer
2720 3876 2795 3924 op
2829 3870 2979 3919 naer
3014 3867 3162 3915 dato

918 4026 1110 4080 vande
1145 4012 1567 4070 versoeninge
1605 4006 1910 4057 achtinge
1948 4003 2215 4051 genomen
2252 4001 2482 4049 heeft,
2518 3990 2749 4045 sijnde
2786 3978 3285 4035 middelerwijle

915 4152 1096 4204 d‛een
1131 4146 1276 4195 end'
1310 4137 1491 4189 ander
1526 4133 1635 4181 der
1670 4124 2139 4177 gerequireerde
2175 4117 2499 4169 getuijgen
2534 4113 2715 4163 comen
2747 4107 2822 4157 te
2858 4103 3255 4152 vertrecken,

922 4279 1070 4335 ende
1103 4263 1402 4321 mitsdien
1438 4248 1771 4306 derselver
1807 4237 2251 4293 verclaringen
2287 4232 2436 4282 niet
2472 4229 2695 4277 Cunten
2731 4220 3065 4275 gevordert

920 4402 1190 4463 werden,
1226 4398 1305 4447 nu
1341 4387 1612 4443 echter,
1649 4378 1880 4432 siende
1918 4379 1995 4424 d'
2032 4374 2263 4423 saecke
2300 4368 2531 4418 anders
2569 4350 3106 4412 vereijsschende
3143 4349 3261 4396 Is,
