3567 4801
2894 476 3047 544 990

915 572 1104 624 Ditto
1141 575 1481 624 amsterdam
1517 580 1669 626 waer
1705 582 1819 628 bij
1856 583 1969 630 uwe
2007 585 2083 630 E:
2119 586 2458 636 aengename
2496 591 2647 638 dato
2683 593 2872 640 14„en
2909 585 3099 639 1eb=r

937 683 1052 732 wel
1089 680 1356 729 becomen
1394 680 1661 726 hebben,
1698 681 2078 729 mitsgaders
2115 684 2193 733 de
2229 690 2724 741 nevengesonden
2761 695 3106 742 pampieren

961 778 1206 828 volgens
1239 777 1519 825 register
1553 779 1624 824 is
1658 780 1764 825 den
1798 779 1974 828 25=en
2007 784 2147 830 ende
2182 784 2462 831 schiedam
2496 787 2601 833 den
2636 788 2810 834 27=en
2841 781 3090 834 courant

957 885 1101 936 over
1135 883 1312 929 crnce
1346 881 1417 927 de
1452 879 1593 926 gale
1627 878 1769 924 ende
1803 876 2086 923 Wingurla
2120 878 2296 926 (:den
2331 880 2683 927 almogenden
2718 882 2823 928 zij
2858 878 2999 928 daer

963 987 1190 1036 vooren
1227 986 1680 1033 hoochlijcken
1718 986 2096 1033 gepresen:)
2132 978 2588 1031 gearriveert,

804 1142 922 1191 Als
961 1131 1276 1186 gesecht,
1315 1130 1394 1175 is
1431 1127 1590 1175 mijn
1629 1127 1669 1172 u
1707 1123 1787 1171 E:
1826 1119 2180 1168 aengename
2219 1119 2377 1165 ende
2415 1118 2495 1165 de
2533 1109 3048 1162 nevengesonden

959 1231 1276 1285 pampieren
1311 1231 1416 1277 bij
1450 1229 1556 1275 d=e
1590 1225 1906 1275 amsterdam
1938 1220 2045 1269 wel
2078 1217 2185 1265 toe
2220 1215 2500 1261 gebracht
2535 1215 2675 1262 ende
2710 1211 3130 1261 overhandicht

939 1341 1076 1388 waer
1108 1337 1247 1386 uijt
1280 1332 1556 1381 verstaen
1589 1332 1726 1378 ende
1759 1327 1863 1375 tot
1896 1321 2205 1371 vernoegen
2239 1319 2513 1365 vernomen
2547 1316 2616 1363 't
2650 1315 2787 1361 gene
2820 1307 3130 1359 derwaerts

969 1448 1105 1500 over
1138 1446 1206 1493 in
1239 1438 1611 1491 verscheijde
1644 1434 1914 1483 saecken,
1948 1433 2049 1479 soo
2083 1433 2151 1479 de
2184 1427 2421 1477 negotie
2454 1425 2555 1473 als
2588 1422 2791 1469 anders
2824 1416 3136 1466 raeckende

964 1545 1410 1606 voorgevallen
1446 1542 1595 1589 ende
1632 1534 2002 1586 gepasseert
2038 1529 2188 1579 was,
2223 1526 2446 1575 waerop
2483 1526 2557 1572 in
2594 1525 2779 1572 desen
2815 1519 2965 1570 niet

968 1658 1350 1717 voornemens
1387 1653 1692 1703 (:nochte
1730 1651 1882 1698 door
1920 1647 2072 1696 mijn
2109 1640 2338 1690 groote
2374 1629 2794 1684 swackheijt)
2830 1617 3136 1673 machtich

964 1769 1072 1816 ben
1105 1764 1179 1811 te
1213 1756 1572 1810 antwoorden
1607 1752 1751 1800 maer
1785 1749 1894 1797 tot
1930 1745 2181 1794 naerder
2216 1733 2682 1789 gelegentheijt
2717 1728 2861 1777 ende
2896 1722 3043 1771 godt

957 1875 1333 1937 almachtich
1369 1870 1482 1919 ons
1519 1867 1632 1914 wat
1669 1861 1930 1911 meerder
1966 1854 2266 1905 sterckte
2303 1844 2565 1898 gelieve
2600 1841 2677 1887 te
2714 1835 3090 1885 verleenen,

936 1986 1165 2042 moeten
1201 1975 1654 2029 uijtstellen,
1690 1965 2030 2020 hebbende:
2064 1961 2180 2009 wij
2215 1959 2293 2005 nu
2330 1954 2519 2004 meest
2556 1954 2632 2000 40
2667 1946 2858 1998 dagen
2893 1936 3045 1989 onse

957 2096 1144 2148 camer
1181 2091 1480 2141 bewaert,
1514 2089 1665 2137 doch
1702 2089 1777 2134 d'
1814 2088 1963 2134 heer
2000 2087 2112 2134 sij
2148 2078 2484 2131 gedanckt,
2520 2075 2595 2121 nu
2631 2073 2744 2120 wat
2779 2066 2970 2118 aende

963 2208 1198 2260 beter
1244 2199 1484 2252 handt

2883 541 2966 587 en

782 2327 1013 2379 Eenige
1051 2332 1319 2380 cleeden
1358 2333 1473 2378 bij
1511 2333 1627 2380 d=e
1658 2332 2010 2381 Amsterdam
2046 2328 2469 2379 aengebracht
2507 2328 2661 2374 zijn
2699 2320 3006 2373 vercocht

964 2437 1103 2484 doch
1137 2435 1278 2482 noch
1312 2431 1452 2479 niet
1486 2429 1766 2475 gelevert
1800 2427 1940 2474 ofte
1974 2425 2358 2472 uijtgetelt,
2393 2424 2498 2470 wat
2531 2423 2637 2469 die
2671 2414 3023 2469 gerendeert

963 2539 1209 2595 hebben,
1242 2533 1591 2584 mitsgaders
1625 2531 1730 2577 wat
1764 2525 2078 2575 naderhant
2112 2518 2390 2569 vercocht
2424 2515 2529 2562 is,
2564 2513 2773 2560 sullen
2807 2512 2842 2558 u
2876 2509 2947 2556 E:
2980 2503 3089 2552 bij

956 2653 1276 2708 amsterdam
1311 2650 1454 2698 ende
1489 2642 1774 2694 schiedam
1808 2635 2022 2686 advijs
2057 2631 2270 2679 geven,
2306 2629 2412 2676 als
2448 2628 2590 2675 mede
2625 2623 2803 2673 onsen
2837 2609 3052 2667 eijsch

959 2764 1092 2816 voor
1122 2760 1221 2809 a=o
1253 2753 1578 2805 aenstaende
1609 2742 1902 2797 toesenden
1934 2740 2064 2787 ende
2095 2735 2226 2784 daer
2256 2730 2420 2779 neven
2451 2726 2550 2773 soo
2581 2722 2711 2769 veel
2743 2715 2971 2766 contant
3002 2712 3102 2759 als

962 2882 1066 2932 den
1097 2870 1305 2925 eijsch
1339 2866 1476 2914 naer
1508 2857 1749 2909 ruijgen
1781 2849 2090 2902 overslagh
2124 2847 2227 2894 sal
2260 2842 2432 2891 comen
2465 2839 2535 2886 te
2567 2826 2910 2883 monteeren,
2944 2821 3082 2871 ende

957 2991 1088 3041 daer
1120 2983 1348 3034 beneven
1380 2981 1478 3028 bij
1509 2973 1706 3025 aldien
1737 2960 2129 3017 tijdelijcken
2159 2954 2259 3004 ons
2288 2946 2421 2997 gelt
2452 2937 2649 2989 connen
2680 2934 2746 2980 in
2776 2926 3038 2979 crijgen,

947 3100 1096 3152 1009
1130 3090 1315 3144 guld:
1350 3083 1498 3134 ofte
1533 3079 1680 3128 meer
1716 3073 1900 3124 alsoo
1935 3070 2046 3117 ons
2078 3065 2229 3115 voor
2265 3053 2631 3108 verseecker
2667 3039 3034 3098 onderricht

937 3205 1070 3253 wert
1102 3201 1169 3248 de
1201 3191 1501 3246 contanten
1534 3189 1667 3236 daer
1700 3187 1800 3234 soo
1832 3180 2066 3231 grooten
2098 3173 2331 3224 verlies
2364 3170 2464 3218 als
2497 3169 2563 3215 op
2595 3163 2862 3214 souratta
2895 3162 3028 3208 doen

947 3317 1150 3374 sijnde
1182 3313 1250 3361 12
1280 3307 1382 3356 ten
1414 3297 1648 3350 hondert
1681 3294 1815 3341 niet
1847 3291 1914 3338 en
1948 3286 2114 3336 geven
2147 3274 2614 3330 voornamentlijk
2645 3269 2746 3318 als
2777 3266 2846 3313 't
2879 3260 3080 3310 realen

937 3423 1133 3473 zijn,
1171 3414 1406 3466 twelck
1443 3407 1562 3458 ons
1601 3399 1797 3450 heeft
1834 3394 1992 3442 doen
2029 3384 2460 3437 resolveeren
2498 3382 2540 3429 u
2574 3375 2617 3423 E
2655 3366 2969 3418 gedachte

957 3524 1299 3584 contanten
1336 3518 1449 3567 bij
1483 3506 1787 3562 genoemde
1824 3495 2125 3551 scheepen
2161 3490 2276 3539 toe
2312 3487 2388 3534 te
2424 3480 2764 3532 schicken,
2801 3478 2877 3524 te
2915 3475 3070 3522 meer

955 3658 1030 3710 d'
1063 3650 1138 3700 E:
1170 3640 1353 3693 Arent
1387 3627 1712 3684 Barentsz:
1747 3621 1856 3671 ons
1891 3611 2179 3664 schrijft
2212 3605 2322 3655 van
2357 3601 2502 3649 hare
2534 3596 2717 3645 Ed=ts
2752 3592 2825 3639 op
2860 3580 3077 3636 Batt=a

936 3744 1403 3819 geordonneert
1440 3736 1595 3786 wert
1631 3723 1904 3778 omtrent
1940 3719 2019 3767 de
2057 3715 2174 3762 100
2212 3706 2366 3758 Ogul
2403 3700 2520 3749 van
2558 3690 2868 3745 souratta
2905 3681 3061 3736 naer

939 3859 1329 3930 masulipatam
1361 3853 1469 3902 bij
1502 3841 1714 3897 wissel
1746 3835 1818 3884 te
1852 3818 2273 3879 remitteeren,
2306 3811 2448 3863 waer
2481 3805 2588 3854 toe
2620 3798 2797 3849 (:soo
2831 3791 3078 3842 seght:)

925 3969 1157 4021 weynich
1188 3962 1388 4012 middel
1419 3954 1586 4005 siet,
1617 3948 1751 3997 ofte
1782 3937 2113 3992 uijtvinden
2144 3933 2278 3982 can,
2311 3932 2443 3979 ende
2474 3927 2542 3976 by
2574 3922 2773 3971 aldien
2804 3919 2872 3966 't
2904 3916 3070 3963 selve

964 4071 1151 4124 conde
1187 4068 1262 4116 te
1298 4067 1559 4113 weeghen
1595 4062 1856 4114 brengen
1890 4057 2004 4106 met
2041 4054 2227 4101 groot
2263 4048 2524 4098 verlies
2560 4048 2746 4094 soude
2781 4046 3007 4093 moeten

951 4182 1319 4233 geschieden,
1352 4187 1486 4233 daer
1519 4186 1752 4232 beneven
1786 4186 1920 4232 noch
1952 4184 2020 4230 de
2053 4180 2253 4230 resico
2286 4174 2520 4224 subject
2552 4169 2720 4218 sijn,
2753 4165 2853 4213 soo
2887 4164 2987 4210 dat
3020 4163 3126 4211 ons

954 4302 1029 4349 in
1065 4294 1400 4347 bedencken
1436 4290 1623 4339 geeft
1659 4288 1771 4334 off
1806 4284 1882 4332 't
1918 4282 2067 4329 niet
2104 4283 2289 4329 beter
2326 4283 2512 4331 waere
2548 4285 2660 4332 dat
2697 4282 2809 4330 men
2845 4284 2981 4329 der

2575 4404 3029 4454 goddelijcker

0 580 296 632 heeft

0 682 234 730 rneur

0 772 65 818 te
96 774 322 826 senden.

0 880 308 929 nomen

0 987 193 1036 lijden
225 987 322 1033 van

0 1096 288 1144 eenighe

0 1207 65 1254 in
97 1205 326 1253 plaetse

0 1318 324 1370 present

0 1424 317 1475 Mayt.

0 1534 245 1584 Jacht

0 1646 274 1694 selven

0 1753 316 1801 schrijven

0 1850 326 1905 iemandt

0 1964 67 2009 en
101 1961 318 2008 brieff

0 2077 270 2125 ijnsb=r

0 2178 178 2226 sijnde
206 2174 297 2223 met

0 2295 173 2344 Ed=ts
206 2296 277 2344 op

0 2397 220 2448 geen

0 2495 305 2549 sulipatam

87 2607 213 2654 der

0 2607 42 2655 bij

15 2728 103 2774 van
132 2728 191 2773 d'
220 2729 281 2775 E:

0 2827 280 2874 hebben

0 2927 291 2975 svooren,

0 3026 269 3084 ructie

0 3135 159 3184 reck
196 3132 278 3179 ao

0 3241 157 3290 dato
195 3236 276 3285 te

0 3360 83 3408 op
124 3356 292 3405 sijn

0 3469 141 3518 daer
172 3468 247 3515 in

0 3566 286 3623 gescheep

0 3666 288 3722 gevought

0 3775 271 3826 erdam

123 4027 197 4072 de

178 4138 276 4183 g

119 4445 155 4491 to
