3573 4801
410 844 618 895 ende
668 838 1187 889 directeurs
1238 830 1498 883 wegen
1547 829 1707 879 den

379 942 1157 1019 Nederlantschen
1209 935 1489 987 staat
1543 935 1655 982 in

430 1041 762 1107 jndia

726 1624 857 1675 Sin
896 1616 1029 1667 Ede
1073 1614 1333 1662 Heeren
1375 1618 1505 1666 p„r
1547 1619 1592 1665 d
1633 1605 2197 1663 fluijtschepen
2239 1597 2629 1649 maeslandt
2672 1596 2759 1642 18
2801 1590 3018 1640 april

947 1701 1078 1750 van
1121 1697 1644 1746 masulijpatam
1688 1698 1775 1743 d'
1818 1697 2081 1746 retoer
2123 1695 2255 1741 met
2298 1691 2429 1739 een
2473 1665 2996 1736 Cargasoentge

2945 1716 2985 1762 no

937 1795 1054 1846 van
1092 1794 1131 1839 f
1169 1791 1440 1840 172676„
1478 1788 1633 1835 2„8,
1671 1782 1827 1832 ende
1865 1776 2251 1827 heemsteede
2290 1776 2368 1822 op
2406 1775 2522 1822 4e.
2559 1769 2715 1820 daer
2753 1762 3024 1812 aenvolg

942 1895 1194 1943 maendt
1235 1888 1361 1939 van
1401 1881 1612 1932 hier,
1651 1870 2072 1927 monterende
2113 1859 2489 1914 desselffs
2525 1849 2908 1903 ingeladen

909 2013 954 2061 ƒ
989 1989 1364 2054 160775„-„
1404 1984 1487 2033 6„
1527 1968 1939 2027 adroucsure
1980 1963 2145 2013 naer
2186 1951 2433 2006 costij
2471 1932 2967 1995 genavigeert,

919 2098 1096 2154 sijn
1138 2088 1315 2141 onse
1351 2069 1797 2131 jonghsten,
1839 2058 2104 2112 nevens
2146 2049 2323 2100 meer
2366 2039 2631 2093 andere
2673 2026 3069 2082 pampieren

926 2202 1050 2253 aen
1090 2191 1255 2244 ued:
1294 2178 1623 2234 geweest,
1663 2156 2114 2222 verhoopende
2154 2153 2277 2200 den
2318 2150 2686 2198 oppersten
2726 2143 3015 2195 viloods

924 2296 1131 2347 d'een
1170 2287 1295 2338 met
1336 2274 1624 2331 d'ander
1664 2268 1912 2318 salvo,
1950 2265 2035 2312 en
2075 2260 2200 2308 ter
2240 2250 2693 2303 gewenschter
2733 2243 2899 2295 Tijt
2940 2242 3065 2290 bij

899 2408 1075 2460 uEd:
1116 2387 1507 2452 geleijden
1550 2381 1723 2431 sal,
1766 2376 2026 2425 echter
2068 2369 2200 2420 ome
2240 2364 2372 2414 bij
2414 2359 2675 2407 langer
2715 2355 3066 2405 tardance

928 2508 1092 2557 off.
1131 2500 1378 2551 eenigh
1417 2493 1622 2543 ander
1661 2483 1989 2538 obstacul
2030 2473 2356 2528 (buijten
2396 2469 2642 2518 hoope)
2681 2464 2845 2514 wed:
2884 2459 3009 2508 van

925 2605 1002 2653 't
1038 2596 1344 2650 vervolch
1381 2592 1495 2640 der
1532 2583 1800 2637 saecken
1836 2575 2179 2627 herwaerts
2217 2570 2369 2620 over
2406 2566 2521 2614 Tot
2558 2561 2673 2610 die
2710 2557 2863 2605 tijt
2897 2553 3053 2603 niet

923 2684 1344 2749 oncundicht
1384 2680 1469 2728 te
1510 2678 1762 2725 laten,
1803 2678 1970 2724 maer
2011 2673 2179 2722 sich
2219 2665 2388 2716 daer
2429 2659 2555 2708 van
2596 2658 2722 2704 des
2761 2656 3014 2703 nodigh

933 2783 1022 2837 te
1063 2771 1317 2826 cunnen
1357 2768 1655 2816 dienen,
1696 2767 1908 2815 sende
1950 2766 2035 2812 d'
2076 2761 2288 2811 copie
2331 2757 2458 2806 van
2498 2751 2669 2801 voor
2711 2747 3055 2794 aengetog

925 2884 1108 2944 onse
1151 2872 1509 2927 jongsten
1551 2867 1688 2917 bij
1731 2865 1999 2913 desen,
2044 2859 2401 2912 hebbende
2443 2851 2802 2905 t'sedert
2846 2848 2980 2895 met

918 2981 1329 3044 dagelijcks
1369 2968 1737 3025 verlangen
1777 2967 1860 3014 't
1899 2966 2105 3015 nader
2144 2955 2472 3011 secours,
2512 2952 2676 3000 ende
2716 2951 3048 3001 advijsen

877 3100 1016 3156 van
1060 3090 1242 3142 ued:
1287 3078 1513 3133 (doch
1555 3073 1695 3123 tot
1739 3070 1921 3117 noch
1966 3067 2102 3115 tee
2147 3061 2600 3114 vergeeffs)
2645 3057 2737 3106 te
2781 3054 3056 3103 gemoet

920 3195 1230 3254 gesien,
1271 3183 1841 3238 middelerwijle
1883 3182 2016 3228 met
2058 3184 2146 3230 't
2190 3180 2408 3229 salvo
2452 3172 2936 3225 retourneren

882 3302 1011 3356 van
1050 3291 1304 3344 tschip
1343 3285 1429 3335 de
1470 3281 1638 3330 haan
1680 3279 1848 3326 uijt
1890 3278 2058 3326 s„r„
2099 3275 2267 3324 Crus
2308 3275 2392 3320 d'
2434 3270 2645 3320 gaele
2685 3271 2770 3318 op
2811 3273 2853 3320 1
2895 3275 3022 3323 9=e

893 3407 1194 3465 passado
1231 3400 1365 3450 ter
1405 3390 1663 3442 rheede
1705 3385 2004 3434 alhier,
2046 3379 2303 3430 (:mede
2344 3368 2730 3422 brengende
2772 3370 2858 3420 40
2900 3373 3075 3421 pack

918 3511 1361 3578 gebleeckte
1400 3504 1493 3553 en
1533 3491 1757 3547 rouwe
1799 3477 2242 3535 Lijwaeten,
2286 3473 2463 3520 1500
2503 3467 2639 3517 stx
2681 3461 3081 3512 rochevell

916 3633 1085 3687 1322
1124 3624 1211 3677 lb
1250 3606 1500 3663 stael,
1540 3600 1625 3649 en
1663 3589 1790 3641 500
1830 3580 1957 3632 p=s
1997 3572 2289 3623 goenijs
2329 3568 2455 3616 van
2495 3561 2954 3614 caijlratam,

904 3726 1088 3783 waer
1131 3719 1270 3770 van
1313 3712 1451 3763 p=r
1483 3694 1904 3755 heemstede
1948 3693 2131 3739 uEd:
2176 3690 2313 3738 pre
2356 3681 2631 3733 advijs
2675 3678 3043 3729 gegeven,

917 3820 1111 3870 ende
1158 3812 1305 3864 van
1353 3798 1643 3854 carcal
1688 3792 1837 3843 als
1884 3781 2419 3836 trimelevons
2467 3780 2564 3826 39
2604 3771 2904 3824 packen

920 3908 1322 3966 diversche
1365 3891 1856 3952 lijnwaeten,
1900 3891 2079 3937 2028
2123 3890 2213 3937 lb
2250 3882 2569 3933 jndigo,
2601 3878 2746 3928 381
2788 3870 3017 3922 stucx

911 4017 1179 4069 slaven
1223 4008 1402 4061 ende
1443 3994 1892 4052 slavinnen)
1936 3990 2071 4039 ons
2115 3984 2338 4033 weder
2383 3965 2963 4029 gelegentheijt

901 4126 1029 4180 tot
1069 4103 1447 4168 transport
1487 4097 1614 4147 der
1655 4093 1948 4141 selver,
1988 4090 2116 4139 als
2157 4084 2409 4135 verder
2449 4080 2535 4127 in
2576 4076 2953 4125 voorraedt

905 4220 1097 4274 ende
1144 4200 1620 4264 aenwesende
1667 4194 1952 4243 slaven
1995 4188 2333 4239 cleeden
2379 4183 2570 4234 etde
2618 4175 2903 4227 alhier

903 4303 1513 4371 occureerende,
1558 4298 1747 4347 niet
1793 4294 2074 4342 willen
2120 4278 2588 4338 versuijmih
2634 4271 2869 4322 sijn,

1588 1156 1700 1206 d'
1755 1145 2036 1200 Erent
2091 1139 2427 1189 festr.
2483 1130 2987 1183 Manhassti

1603 1252 1800 1305 wel,
1847 1249 2144 1297 wijse,
2190 1229 2784 1294 voorsienige,
2831 1217 3030 1271 ende

1599 1358 1824 1411 seer
1877 1346 2321 1403 discreti
2374 1342 2652 1392 Heren

376 742 548 791 Aen
604 747 717 793 d'
763 743 888 791 Ed
942 734 1285 782 heeren
1340 733 1705 780 Raaden

2426 4464 2907 4539 maar.

1987 752 2416 854 Copia

2370 567 2641 619 mei

2811 489 2965 545 795
