3560 4958
1336 803 1515 851 Dagh
1557 801 1912 853 Register
1955 799 2221 850 wegens
2265 805 2354 853 't
2398 809 2884 860 gepasseerde

1459 1302 2133 1356 Aenvanckelijck
2180 1309 2470 1360 seggen
2517 1316 2662 1361 dat
2709 1317 2903 1364 alle
2950 1320 3387 1392 meuschel.

1567 1432 1648 1479 de
1688 1434 1930 1482 voiren
1970 1437 2213 1486 sullen
2251 1442 2696 1492 ingespannen
2736 1447 3019 1497 werden,
3058 1454 3223 1507 omme

1572 1570 1655 1619 's
1695 1566 1941 1614 Comp.s
1981 1565 2472 1621 aengebrachte
2513 1576 3126 1635 Coopmanschappen
3167 1590 3294 1639 ten

1575 1702 1974 1752 hoochsten
2014 1700 2414 1755 mogelijck
2456 1711 2677 1760 aende
2719 1715 2853 1765 man
2896 1721 2986 1768 te
3028 1725 3299 1781 helpen

1563 1831 1720 1880 ende
1759 1829 1952 1876 voort
1991 1831 2341 1885 procedido
2378 1842 2456 1888 de
2494 1844 2998 1909 gerequireerde
3036 1864 3349 1920 retouren

1547 1962 1929 2011 versorgen,
1967 1966 2195 2012 witten
2233 1967 2501 2023 Commijn
2537 1980 2615 2027 is
2651 1983 2768 2033 dit
2803 1990 2956 2042 jaer
2994 1997 3301 2065 qualijck

1556 2099 1963 2152 geslaecht,
2004 2107 2209 2160 sulcx
2248 2117 2412 2168 geen
2451 2124 2534 2170 te
2573 2125 2902 2191 becomen,
2932 2147 3144 2197 ijets
3182 2154 3264 2202 te

1554 2247 1934 2294 voorschijn
1970 2251 2274 2302 comende,
2310 2258 2539 2315 sullen
2575 2272 2727 2321 sien
2764 2276 2843 2326 te
2875 2282 3336 2355 bemachtigen,

1510 2405 1691 2457 ende
1735 2405 1780 2450 u
1825 2404 1960 2451 Ed:
1994 2403 2140 2450 per
2184 2403 2320 2450 via
2364 2406 2456 2456 de
2498 2413 2950 2468 paliacatte
2993 2424 3219 2479 laten

3266 2438 3302 2488 „

1551 2548 1901 2601 toecomen,
1935 2551 2322 2608 insgelijcx
2359 2564 2590 2613 sullen
2628 2568 2782 2614 doen
2820 2568 2937 2618 met
2973 2575 3051 2621 't
3088 2577 3204 2626 was
3241 2581 3321 2630 en

1549 2699 1736 2747 kros
1782 2699 2202 2755 Chierosie
2248 2711 2435 2757 waer
2481 2709 2622 2757 van
2668 2711 3042 2771 apresent
3086 2728 3277 2785 geen

1551 2857 1628 2907 te
1664 2854 1924 2901 becomen
1959 2857 2069 2905 is,
2106 2859 2328 2909 synde,
2364 2862 2511 2909 oock
2548 2862 2622 2909 te
2658 2862 2880 2912 broeck
2916 2867 3029 2915 int
3063 2873 3211 2922 jaer

1558 3006 1766 3061 alsoo
1807 3005 1973 3052 inde
2013 3009 2218 3057 Maent
2260 3012 2548 3063 decemb.
2587 3014 2795 3067 eerst
2832 3022 2918 3069 te
2958 3023 3373 3083 voorschijn

1534 3168 1745 3218 comt,
1784 3169 1869 3216 de
1910 3165 2245 3215 presente
2285 3165 2497 3213 tarwe
2537 3170 2621 3216 is
2661 3171 2829 3219 seer
2868 3175 3288 3245 gesteecken

1516 3327 1905 3395 weshalven
1947 3327 2076 3373 die
2118 3327 2290 3374 niet
2331 3330 2589 3380 derven
2629 3337 3013 3395 aenslaen,
3054 3347 3268 3399 alsoo

1514 3490 1968 3537 ondienstich
2009 3489 2422 3541 oordeelen,
2463 3496 2629 3549 maer
2669 3505 2794 3553 Ed:
2833 3510 3041 3561 Heere
3081 3518 3370 3570 wanneer

1459 3645 1547 3693 de
1585 3642 1851 3693 nieuwe
1894 3643 1981 3689 te
2024 3641 2459 3693 voorschijn
2501 3650 2720 3703 comt,
2761 3660 2849 3708 't
2891 3664 3109 3716 welck
3149 3673 3239 3721 in

1472 3808 1828 3857 December
1870 3805 2006 3854 sal
2044 3806 2270 3856 sijn,
2312 3807 2581 3857 sullen
2623 3814 2758 3863 als
2799 3819 2935 3871 dan
2977 3828 3296 3895 partije

1509 3951 1643 4004 van
1686 3961 1775 4007 50
1816 3961 1863 4008 a
1906 3957 1995 4005 60
2038 3957 2304 4007 lasten
2346 3963 2392 4010 u
2435 3965 2568 4013 Ed:
2612 3965 2833 4014 laten
2875 3969 3233 4022 toecomen

1377 4188 1653 4248 Vande
1707 4189 2368 4249 aengebrachte
2421 4205 3309 4273 Coopmanschappen.

1538 4313 1792 4363 hebben
1833 4317 2003 4364 niet
2044 4320 2212 4371 meer
2254 4326 2382 4376 dan
2420 4331 2550 4378 all
2591 4335 2718 4382 het
2759 4334 3182 4402 fermisioen
3221 4360 3348 4412 ten

1521 4451 1761 4506 prijse
1797 4452 1918 4500 van
1948 4450 2074 4501 No.
2111 4454 2228 4500 110
2267 4454 2465 4507 d'man
2501 4465 2580 4513 in
2618 4469 2815 4519 vente
2852 4474 3324 4539 geexpidieert

1530 4593 1661 4640 wat
1702 4591 2053 4640 d'andere
2094 4597 2746 4654 Coopmanschappen
2789 4606 3051 4656 sullen
3093 4610 3312 4661 halen

3333 2333 3373 2380 1

696 283 863 339 Julio
894 281 929 327 a
962 281 1028 327 o.
1061 279 1194 326 1646

1699 847 1766 893 te

1783 848 1816 893 eg

1907 584 2167 632 pie

1883 459 2343 512 Tonckin

2875 461 3062 516 164

1471 2086 1515 2132 60

1002 2236 1165 2287 169

1036 2365 1095 2411 3
