3642 4883
892 599 1203 651 october
1247 599 1425 647 Anno
1465 596 1602 645 645

1400 801 1498 848 ende
1521 800 1716 845 Commande
1740 800 1813 845 van
1838 800 1911 845 den
1934 799 2178 849 luijtenant
2202 804 2324 850 deses
2348 806 2542 851 Casteels
2567 806 2714 857 pieter
2736 813 2981 864 huijsrecht
3004 820 3053 866 en
3077 821 3199 868 desen
3222 823 3418 873 aenstaen

1396 912 1531 960 morgen
1552 911 1688 957 stondt
1710 911 1868 957 omtrent
1889 910 1912 955 4
1935 910 2093 956 uijkren
2113 910 2204 956 uyjt
2226 909 2340 955 desen
2361 910 2609 958 guarnisoene
2630 913 2721 959 over
2743 915 2789 961 d'
2810 916 2945 962 revier
2967 917 3013 963 te
3035 919 3148 966 laten
3169 921 3417 977 vertrecken,

1389 1027 1490 1075 ende
1513 1025 1690 1071 daertoe
1714 1025 1740 1070 2
1765 1021 1941 1070 thonijs
1966 1022 2117 1068 nevens
2141 1023 2217 1069 een
2242 1024 2417 1071 belangh
2443 1025 2519 1071 met
2543 1027 2568 1072 3
2592 1026 2869 1073 Vereijschte
2894 1028 3271 1078 noodwendicheden
3287 1027 3322 1077 —

1386 1141 1434 1187 te
1454 1135 1695 1187 prepareren
1718 1135 1814 1181 omme
1836 1136 2075 1183 doenelijck
2097 1137 2193 1183 ende
2216 1138 2477 1185 eenichsints
2501 1139 2762 1185 practicabel
2786 1139 2953 1184 sijnde,
2975 1140 3047 1185 den
3070 1137 3237 1184 Vijandt
3260 1132 3360 1182 (die

1381 1256 1523 1309 aldaer
1545 1254 1615 1301 soo
1637 1248 1914 1298 g'Informeert
1937 1246 2076 1293 werden
2099 1246 2191 1293 Vrij
2214 1247 2352 1294 sterck
2375 1248 2559 1294 gelegert
2581 1247 2720 1293 heijt,
2743 1247 2790 1292 t'
2812 1248 3089 1294 attrapperen,
3110 1246 3159 1292 en
3181 1245 3227 1292 In
3250 1244 3320 1291 ons
3341 1248 3369 1295 —

1372 1363 1585 1419 geweldt
1613 1359 1676 1406 te
1705 1350 1919 1403 becomen

1182 1522 1209 1568 D
1229 1512 1315 1568 24.
1339 1509 1368 1555 d
1390 1504 1422 1552 o
1447 1499 1635 1545 omtrent
1661 1501 1688 1546 4
1714 1500 1848 1546 uyren
1875 1499 2008 1545 inden
2035 1500 2356 1549 morgenstondt
2382 1505 2436 1552 de
2462 1508 2543 1553 den
2568 1509 2836 1556 uijtenandt
2862 1511 2943 1557 met
2969 1513 3022 1558 d'
3049 1512 3423 1561 geprespareerde

1377 1600 1609 1653 Compagnie
1634 1595 1841 1644 soldaten
1865 1593 1969 1639 uijt
1995 1593 2047 1638 't
2072 1594 2175 1639 fort
2201 1594 2382 1641 Geldric
2407 1597 2691 1644 Vertrocken,
2716 1599 2821 1647 ende
2845 1603 2897 1649 p.
2922 1604 2949 1649 l
2974 1604 3026 1650 de
3051 1595 3361 1650 toegemaeckte

1365 1703 1533 1754 thomnts
1556 1700 1653 1747 naer
1676 1698 1724 1744 d'
1748 1695 1892 1743 revier
1915 1695 2179 1741 verseijldt,
2202 1695 2275 1740 met
2298 1696 2490 1741 serieuse
2513 1696 2634 1741 ordre
2657 1697 2705 1742 en
2729 1695 3040 1742 recommandatie
3063 1695 3184 1741 onsen
3207 1696 3399 1744 aenslagh

1365 1808 1434 1854 opt
1455 1804 1571 1852 alser
1594 1800 1938 1848 voorsichtichste
1961 1798 2030 1845 Int
2051 1796 2168 1842 welcq
2190 1792 2443 1840 testellen,/
2466 1792 2512 1837 de
2534 1791 2741 1838 Compagnie
2764 1791 2810 1837 in
2832 1792 2856 1837 3
2878 1792 3039 1838 troupen
3061 1791 3108 1836 te
3131 1790 3361 1838 verdeelen,

1361 1915 1455 1965 ende
1475 1909 1570 1959 yder
1592 1904 1731 1953 thonij
1754 1903 1824 1949 met
1846 1902 1870 1947 2
1892 1898 2123 1946 hollanders
2146 1898 2169 1943 6
2192 1894 2446 1943 bengaelders
2469 1894 2516 1939 en
2537 1892 2607 1938 den
2630 1889 2884 1937 CChirurgijn
2907 1889 3022 1935 onder
3045 1888 3184 1934 opsich
3206 1887 3346 1933 vanden
3367 1888 3394 1935 —

1358 2013 1544 2066 eersten
1568 2007 1807 2057 adsistent
1833 2004 1913 2052 Jan
1938 2002 2097 2048 Baszb.
2123 2002 2151 2048 r
2175 2002 2229 2048 te
2255 2000 2387 2047 laten
2413 1997 2651 2045 bewaeren,
2677 1994 2941 2041 mitsgaders
2967 1995 3020 2040 d'
3046 1992 3231 2041 belangh
3257 1989 3338 2037 met

1354 2130 1384 2178 4
1402 2117 1528 2171 blanc
1550 2115 1625 2161 que
1647 2112 1794 2159 corven
1817 2110 1866 2156 en
1890 2104 2181 2154 Bengaeleders
2204 2103 2277 2148 end
2301 2100 2543 2148 trepasten,
2567 2099 2664 2145 ende
2688 2099 2761 2144 een
2784 2097 2931 2143 tandel
2954 2094 3003 2141 te
3027 2092 3173 2138 mannen
3195 2088 3295 2135 omme

1352 2233 1401 2278 't
1421 2220 1645 2278 overcomen
1667 2216 1815 2264 vanden
1838 2211 1986 2260 Vyandt
2009 2209 2059 2255 te
2082 2204 2279 2253 beletten

1360 2378 1412 2427 d.
1430 2382 1459 2429 o
1481 2378 1700 2425 'smergens
1724 2376 1918 2423 omtrendt
1941 2375 1967 2420 9
1990 2373 2136 2419 uijren
2160 2371 2281 2417 keert
2306 2371 2379 2417 den
2402 2370 2669 2419 luijtenamet
2693 2371 2912 2416 Voornomdt
2934 2369 3057 2415 weder
3081 2369 3154 2414 met
3178 2365 3373 2414 d'Comp=e

1349 2483 1495 2533 binnen
1517 2480 1568 2528 't
1590 2475 1785 2524 Casteel,
1808 2473 1881 2520 bij
1904 2470 2050 2517 Welcke
2074 2470 2122 2515 en
2146 2470 2194 2515 s'
2217 2468 2387 2515 Verdere
2411 2468 2580 2515 Crijghs
2604 2468 2846 2516 offecieren
2869 2465 3110 2516 rapporten,
3133 2460 3352 2509 Vernemen,

1348 2578 1420 2625 hoe
1442 2576 1516 2623 dat
1538 2574 1636 2620 over
1660 2574 1708 2619 d'
1732 2573 1876 2620 revier
1899 2571 1971 2617 aen
1995 2569 2115 2616 lomdt
2139 2565 2307 2613 gecomen
2331 2565 2499 2611 sijnde,
2522 2565 2620 2610 ende
2643 2563 2931 2611 meergemelten
2954 2560 3171 2608 luijtenam
3194 2556 3367 2605 conform

1338 2680 1464 2732 ordre
1487 2678 1538 2724 en
1562 2674 1883 2723 recommandatie
1907 2674 1957 2719 d'
1981 2673 2203 2720 gandtsche
2227 2669 2449 2717 Compagnie
2474 2669 2523 2714 in
2548 2669 2671 2715 drije
2695 2666 2893 2715 troupen,
2918 2665 2992 2711 als
3015 2657 3288 2709 namentlijck

1343 2788 1423 2837 een
1447 2780 1633 2832 onder't
1658 2776 1817 2824 gesagh
1842 2771 2001 2820 vanden
2027 2768 2211 2816 sergeam
2237 2766 2421 2813 Abraham
2447 2762 2763 2811 Cristiaenen,
2789 2760 2894 2807 ende
2920 2757 2999 2804 een
3026 2757 3052 2802 d
3078 2757 3105 2802 o
3130 2756 3262 2803 onder
3288 2755 3372 2803 den

1337 2894 1581 2959 Corporael
1606 2892 1633 2937 /
1658 2886 1819 2937 pieter
1844 2876 2190 2930 macxnilianus,
2216 2872 2454 2921 bestaende
2480 2872 2587 2918 Ider
2611 2871 2666 2918 in
2692 2869 2746 2915 10
2771 2867 3090 2914 Nederlanders
3117 2867 3143 2912 5
3170 2866 3409 2913 toepatsen

1332 3009 1442 3061 ende
1467 3005 1522 3053 30
1546 2995 1707 3048 pians,
1733 2988 2000 3039 behoudende
2026 2987 2107 3032 den
2133 2984 2426 3032 luijtenandt
2453 2985 2506 3031 d'
2533 2977 2746 3031 grootste
2772 2975 2932 3022 Troupe
2958 2974 3012 3020 te
3038 2974 3198 3020 weeten
3225 2974 3278 3019 30
3304 2973 3438 3020 bland

1332 3124 1391 3174 10
1412 3105 1690 3165 toepassen,
1716 3102 1772 3149 en
1799 3100 1854 3146 40
1880 3094 2045 3145 pions,
2072 3091 2237 3139 sijnde
2263 3088 2620 3136 gesamentlijck
2645 3084 2756 3134 171.
2782 3079 2975 3128 lopven,
3001 3071 3251 3123 daeronder

1315 3215 1538 3273 begrepen
1564 3212 1648 3259 den
1674 3201 2006 3256 meergemelten
2033 3196 2336 3245 luijtenant,
2363 3191 2611 3240 sergeant,
2638 3190 2694 3236 en
2721 3187 2996 3235 Corporael,
3024 3184 3271 3232 verdeelt,
3299 3184 3356 3231 en

1319 3322 1454 3375 alles
1479 3319 1534 3365 in
1559 3314 1694 3363 goede
1720 3311 1854 3358 ordre
1880 3304 2095 3355 gesteldt
2120 3301 2308 3347 hebben,
2333 3300 2442 3346 omme
2468 3300 2575 3346 naer
2601 3299 2655 3344 d'
2681 3298 2922 3344 bestaende
2949 3295 3136 3344 plaetse
3162 3285 3350 3339 (sijnde

1308 3425 1576 3486 seeckerlen
1600 3419 1787 3469 thuijn:
1812 3416 1945 3463 groot
1970 3414 2024 3461 in
2050 3414 2262 3461 beghijp,
2288 3413 2446 3460 alwaer
2471 3410 2526 3458 op
2550 3406 2763 3454 gisteren
2789 3404 3106 3452 g'Informeert
3132 3404 3319 3450 Wierden

1311 3548 1403 3600 den
1432 3539 1609 3593 vyandt
1636 3536 1726 3583 met
1755 3532 1844 3580 syn
1872 3528 2049 3577 meeste
2078 3527 2226 3573 macht
2255 3528 2373 3574 sich
2402 3526 2668 3573 outhieldt
2694 3523 2756 3571 te
2784 3521 3079 3569 warcheren,
3107 3519 3167 3565 bo
3196 3519 3291 3569 den

1299 3651 1543 3714 sergeandt
1568 3643 1755 3694 bevolen
1780 3642 1993 3689 gewerden
2019 3641 2152 3687 vande
2178 3640 2364 3686 strandt
2391 3639 2629 3685 d'rechte,
2656 3640 2709 3685 en
2735 3639 2815 3685 den
2840 3635 3080 3683 Corporael
3105 3630 3373 3681 d'sliucker

1294 3770 1440 3826 handt
1466 3765 1553 3814 van
1581 3761 1809 3809 gemelten
1838 3758 2008 3806 thuijn
2036 3758 2122 3804 met
2150 3757 2292 3803 haere
2321 3757 2520 3803 troupen
2548 3757 2605 3802 op
2633 3756 2690 3802 te
2718 3754 2946 3801 trecken,
2972 3749 3174 3799 nemende
3202 3749 3291 3798 den

1289 3827 1384 3873 ƒ

1304 3887 1582 3944 luijtenant
1608 3883 1747 3931 synen
1774 3881 1913 3928 Cours
1940 3880 2024 3925 int
2052 3879 2218 3925 midden
2244 3876 2356 3923 omme
2383 3875 2466 3920 den
2494 3873 2661 3920 Vyands
2687 3869 2937 3919 d'assagie
2963 3867 3047 3914 aen
3075 3866 3186 3912 alle
3213 3865 3382 3912 kanten

1298 4016 1360 4068 af
1381 4005 1443 4056 te
1469 3999 1695 4048 snijden,
1720 3999 1778 4045 t'
1805 3993 2114 4043 omsingelen,
2142 3993 2199 4039 en
2226 3994 2506 4040 dienvoegen
2534 3993 2591 4039 In
2618 3992 2703 4038 ons
2730 3990 2927 4037 geweldt
2953 3988 3011 4035 te
3039 3985 3235 4033 becomen

1301 4129 1415 4178 doch
1442 4121 1585 4172 alsoo
1612 4115 1698 4164 Bij
1725 4109 1952 4160 qualijck
1980 4103 2320 4153 geInformeert
2348 4103 2434 4150 syn
2460 4103 2688 4150 geweest,
2716 4104 2773 4149 en
2800 4101 2886 4148 den
2912 4099 3084 4146 Vyandt
3110 4098 3227 4145 niet
3253 4098 3395 4146 Inden

1292 4244 1465 4298 thuijn
1492 4242 1606 4288 maer
1633 4233 1889 4285 omtkrendt
1916 4231 2002 4278 een
2029 4227 2143 4275 half
2171 4226 2285 4272 mijl
2312 4224 2398 4271 van
2426 4224 2541 4271 daer
2565 4224 2624 4272 en
2652 4220 2935 4268 seeckerdop
2962 4217 3162 4266 salwaer
3190 4217 3336 4270 selfs

2931 4343 3180 4396 eenige

1175 2376 1289 2446 F
