3642 4883
1068 592 1416 640 decemb.
1455 593 1664 641 1685

1365 769 1440 815 wat
1463 768 1564 813 noch
1589 768 1689 814 meer
1714 769 1940 817 begeerde,
1963 771 2015 818 hy
2032 768 2162 819 hadde
2187 768 2313 817 Volcq
2336 771 2536 819 gesonden
2560 769 2661 815 ende
2686 769 2860 816 brieven
2885 771 2961 820 aen
2984 776 3086 822 alle
3109 778 3184 823 die
3209 778 3410 828 begeerde

1358 881 1435 928 tot
1459 872 1736 924 adsistentie
1761 870 2012 917 verleenet,
2036 869 2137 916 ende
2162 869 2238 915 hem
2262 869 2389 915 genes
2414 870 2540 916 dincx
2564 869 2841 917 geweijgert,
2865 867 3168 914 replicerende
3192 866 3372 913 Chittij

1357 981 1536 1033 wederom
1560 975 1714 1025 seijde
1738 973 1815 1019 all
1840 970 1993 1017 sondet
2018 970 2171 1016 saeren
2196 969 2348 1015 dueren
2373 968 2450 1014 hij
2475 968 2603 1013 conde
2628 968 2679 1014 d'
2704 966 2857 1014 gastos
2881 965 2958 1011 wel
2983 960 3238 1009 verdraegen
3263 961 3331 1008 en

1350 1082 1495 1135 alles
1523 1074 1838 1127 remedieren,
1865 1068 1981 1117 maer
2008 1065 2066 1112 d'
2095 1063 2239 1110 maijs
2266 1065 2295 1110 t
2323 1065 2496 1112 Moeste
2522 1063 2810 1112 Babalachan
2838 1060 3067 1108 belasten
3096 1058 3182 1105 die
3210 1055 3297 1103 van

1312 1180 1605 1241 Palliacatta
1631 1178 1738 1224 niet
1763 1169 1977 1223 t'helpen
2002 1166 2110 1213 dies
2133 1163 2190 1210 d'
2216 1164 2375 1209 maijs.
2402 1164 2428 1209 t
2455 1160 2721 1209 Mareijnepa
2746 1157 2827 1204 tot
2853 1151 3146 1201 Baboelachan
3172 1150 3334 1196 sondt,
3358 1153 3385 1198 —

1338 1283 1416 1332 hem
1440 1274 1698 1327 belastende
1723 1272 1852 1319 geene
1875 1265 2057 1315 toevoer
2080 1261 2185 1309 ofte
2210 1258 2338 1305 hulpe
2363 1257 2440 1303 aen
2466 1253 2748 1302 palliacatta
2773 1252 2825 1297 te
2850 1250 2953 1297 doen
2977 1247 3056 1294 die
3080 1245 3158 1291 hem
3183 1240 3415 1289 nareynepa

1338 1378 1489 1429 daerop
1513 1373 1664 1422 diende
1688 1372 1764 1418 dat
1787 1368 1914 1416 landt
1938 1362 2064 1412 heeft
2087 1360 2138 1406 d'
2162 1359 2338 1406 Coninck
2363 1359 2438 1404 mij
2462 1358 2663 1406 gegeven,
2685 1355 2762 1401 wat
2787 1355 2888 1401 gaet
2909 1354 2987 1401 mij
3011 1352 3162 1399 andere
3187 1351 3363 1397 luijden

1340 1488 1444 1537 aen,
1467 1483 1520 1531 d'
1545 1475 1724 1527 saecken
1748 1472 1827 1520 met
1850 1469 1903 1516 d'
1928 1463 2185 1513 Hollanders
2209 1463 2312 1509 sall
2337 1463 2414 1508 ick
2440 1463 2619 1510 oprecht
2644 1458 2926 1508 afhandelen,
2949 1453 3053 1502 mijn
3079 1451 3207 1498 volcq
3231 1450 3309 1496 als
3334 1450 3413 1496 die

1343 1593 1451 1639 naer
1477 1583 1773 1637 Palliacatta
1798 1579 1961 1628 Wilden
1987 1574 2095 1623 gaen
2121 1571 2256 1618 heeft
2283 1571 2364 1616 hij
2390 1569 2552 1615 derven
2579 1566 2821 1615 ophouden,
2848 1560 2982 1610 derft
3009 1558 3090 1605 hij
3115 1555 3197 1602 dat
3223 1553 3332 1601 doen

1329 1706 1416 1753 dus
1443 1700 1531 1749 met
1557 1691 1931 1744 verstoortheyt
1958 1687 2102 1735 heeft
2130 1679 2560 1731 slareijnepodoen
2587 1673 2875 1725 vertrecken
2901 1671 2989 1718 die
3017 1669 3103 1715 dit
3130 1663 3332 1714 rapport

1326 1811 1381 1860 d'
1404 1803 1534 1854 Magl.
1559 1802 1586 1847 t
1611 1800 1790 1848 doende,
1816 1798 1893 1845 tot
1918 1791 2175 1842 andtwoordt
2200 1790 2277 1836 gaf
2302 1789 2355 1835 't
2379 1789 2431 1835 Ho
2457 1789 2534 1834 Wel
2559 1788 2637 1833 als
2660 1786 2713 1832 d'
2738 1783 2893 1831 dingen
2918 1781 2995 1827 met
3021 1780 3072 1826 d'
3097 1773 3358 1825 hollanders

1341 1919 1441 1967 maer
1463 1913 1587 1963 recht
1609 1907 1808 1958 afgedaen
1832 1903 2005 1951 werden,
2027 1900 2078 1947 't
2102 1899 2152 1945 Is
2175 1894 2372 1943 wveleens
2396 1893 2422 1939 t
2445 1890 2544 1938 Wiet
2568 1888 2692 1934 doet,
2715 1885 2814 1933 over
2839 1884 2937 1930 dese
2961 1881 3084 1929 reden
3109 1880 3183 1926 Was
3206 1874 3409 1925 Chinamna

1322 2021 1580 2079 bedroeft,
1607 2015 1779 2065 seggen
1805 2011 1892 2059 tot
1919 2008 2033 2055 dato
2062 2006 2119 2053 18
2146 2001 2373 2050 Operdauw
2401 2000 2459 2046 In
2485 1997 2629 2046 geldt
2655 1993 2714 2041 en
2741 1991 2855 2038 4000
2883 1988 2940 2035 En
2967 1979 3196 2032 goederen

1322 2128 1604 2180 gegassteert
1629 2125 1782 2172 hadde,
1808 2122 1911 2170 ende
1936 2120 2013 2166 tot
2038 2118 2141 2165 noch
2166 2117 2243 2163 toe
2269 2115 2397 2162 niets
2422 2109 2730 2159 uijtgerecht,
2753 2105 2807 2153 d.
2829 2102 2858 2148 o
2882 2096 3062 2145 Chinama
3086 2090 3215 2139 hadde
3239 2088 3294 2135 te

1311 2244 1455 2291 vooren
1477 2240 1695 2289 seerhoogh
1718 2235 1959 2285 opgegeven,
1980 2232 2078 2280 ende
2102 2227 2366 2276 palliacatta
2389 2225 2462 2271 als
2486 2224 2582 2270 niet
2605 2221 2798 2268 gehaght,
2821 2219 2894 2266 dan
2918 2219 2966 2264 t'
2988 2213 3134 2263 sedert
3155 2207 3206 2256 de

1318 2351 1544 2404 nederlage
1568 2348 1619 2395 op
1642 2340 1867 2392 Carmandel
1891 2339 1967 2385 was
1989 2335 2091 2384 sijn
2116 2332 2290 2380 gemoedt
2314 2331 2415 2376 seer
2438 2329 2689 2376 verandert,
2712 2326 2763 2373 en
2786 2324 2838 2370 de
2862 2319 3012 2369 seijde
3036 2318 3087 2363 nu
3111 2310 3336 2362 dagelicx—

1317 2459 1374 2505 d'
1398 2457 1563 2508 dingen
1590 2455 1644 2501 te
1670 2451 1808 2500 swaer
1835 2448 1999 2496 waeren
2025 2443 2135 2492 voor
2163 2441 2245 2488 hem
2272 2441 2326 2486 af
2354 2437 2629 2486 t'handelen

1314 2602 1420 2650 des
1455 2594 1703 2647 Conincx
1738 2591 2128 2640 Camerhaeden
2162 2587 2446 2637 oordelen
2481 2585 2906 2632 eenpaerlijck
2941 2585 3082 2630 haer
3117 2584 3390 2632 toequam

1307 2708 1363 2760 d'
1387 2701 1567 2752 saecken
1592 2700 1670 2745 der
1693 2693 1950 2744 hollanders
1976 2690 2104 2738 recht
2128 2688 2181 2734 af
2205 2689 2257 2735 t'
2282 2688 2512 2735 handelen,
2538 2687 2589 2733 en
2614 2687 2666 2732 in
2690 2685 2793 2731 alle
2819 2685 3023 2730 manieren
3049 2683 3256 2731 Chinanna

1323 2805 1512 2861 t'onder
1536 2799 1804 2850 tebrengen,
1829 2796 1910 2843 des
1935 2792 2122 2841 Conincx
2149 2791 2361 2838 meeninge
2387 2792 2467 2838 was
2494 2792 2574 2838 soo
2600 2791 2786 2838 Chittij
2813 2791 2892 2836 een
2918 2789 2999 2835 oft
3024 2784 3131 2833 twee
3157 2783 3319 2831 reysen

1319 2914 1441 2964 sijn
1469 2906 1655 2958 dienst
1683 2903 1746 2951 in
1775 2900 1990 2948 Conincx
2019 2897 2234 2947 Groffyt
2264 2893 2387 2941 niet
2417 2894 2509 2939 Wel
2537 2891 2661 2939 uijt
2692 2891 2754 2937 en
2782 2886 3059 2937 wroghten,
3088 2876 3242 2930 wiste

1334 3016 1428 3061 wat
1457 3013 1554 3061 met
1584 3011 1679 3057 hem
1707 3007 1773 3056 te
1804 3004 1930 3051 doen
1961 2999 2119 3048 hadde

1376 3177 1612 3231 Eenige
1645 3171 1847 3229 dagen
1883 3159 2238 3215 Voorleden
2277 3158 2474 3206 hadde
2512 3157 2826 3206 Chinanna
2862 3148 3298 3204 d'engelsche

1314 3301 1371 3347 t'
1397 3295 1510 3345 hove
1537 3287 1790 3340 geroupen,
1816 3284 1873 3331 d'
1900 3280 2068 3328 welcke
2096 3279 2180 3325 met
2208 3274 2403 3324 ontrent
2431 3274 2543 3321 1000
2570 3275 2794 3321 pardauws
2822 3272 3130 3320 schenckagie

1292 3404 1537 3460 bestaende
1562 3401 1619 3449 in
1644 3393 1971 3445 verscheijden
1997 3389 2269 3438 specerijen
2295 3387 2514 3435 spiegels
2540 3388 2568 3433 E
2595 3387 2866 3433 verschenen
2893 3385 3029 3433 synde
3054 3382 3165 3430 haer
3191 3379 3305 3428 Voor

1280 3522 1340 3572 s'
1367 3513 1567 3566 Conincx
1594 3506 1880 3558 aengelight
1908 3504 2051 3551 heeft
2079 3500 2335 3549 gebraght,
2363 3502 2392 3547 d
2421 3501 2449 3547 '
2476 3499 2649 3545 maijs.
2676 3498 2876 3545 belaste
2903 3497 3047 3543 onder
3074 3495 3274 3541 anderen
3302 3496 3333 3543 —

1284 3624 1365 3672 sij
1392 3623 1579 3669 moesten
1606 3623 1659 3668 d'
1686 3620 1900 3668 goederen
1927 3620 2007 3665 van
2033 3616 2329 3664 valliacatca
2352 3615 2542 3662 Coopen,
2566 3612 2890 3658 d'Engelschen
2916 3611 3184 3657 Versoghten
3210 3612 3241 3658 —

3253 3611 3272 3656 -

1296 3733 1605 3790 Continuatie
1632 3729 1800 3777 vanden
1828 3726 2276 3773 Couweegelijckden
2302 3723 2444 3771 ouden
2471 3722 2668 3768 Coninck
2695 3722 2808 3768 haer
2836 3720 3087 3767 verleenet
3115 3720 3288 3770 hadde,

1280 3852 1358 3899 dat
1383 3851 1486 3897 haer
1511 3842 1818 3896 g'accordeert
1843 3840 2023 3887 wierdt,
2048 3840 2100 3885 In
2124 3838 2356 3884 visiteren
2380 3837 2560 3882 haerder
2586 3836 2893 3883 schenckregie
2918 3833 3097 3881 seijden
3123 3832 3174 3878 d'
3199 3827 3354 3877 groten

1278 3969 1331 4015 d'
1356 3959 1647 4014 schenckagie
1674 3958 1753 4004 der
1779 3953 2043 4002 hollanders
2070 3953 2149 3999 was
2175 3951 2281 3997 Veel
2307 3952 2492 3998 grooter
2518 3952 2572 3998 en
2597 3950 2835 3999 schoonder
2861 3947 2994 3994 goedt
3020 3947 3099 3992 van
3126 3942 3392 3993 alderhande

1261 4076 1468 4129 dingen,
1496 4071 1673 4120 daerop
1702 4069 1761 4115 d'
1788 4066 1939 4113 mags.
1966 4063 2290 4114 wederseijde
2319 4063 2407 4108 dat
2434 4061 2495 4108 so
2523 4060 2583 4106 d'
2612 4057 2848 4107 Waerheyt

2706 4213 2846 4261 des
