3703 4828
1415 609 1891 674 Provideeren
1933 630 2365 679 tvoorleden
2408 634 2581 681 jaer
2623 632 2797 681 sijn
2839 631 3013 679 door
3053 634 3229 681 faul
3270 633 3360 680 te

1419 723 1679 770 vanden
1722 725 2112 775 chirugijn
2154 728 2371 775 van't
2413 729 2631 775 fort,
2674 731 2804 778 off
2846 732 2933 779 te
2975 726 3496 777 vouchelantie

1403 832 1545 883 van
1591 831 1823 877 sijne
1869 830 2240 876 dienaers
2286 831 2425 877 soo
2470 827 2749 876 slecht
2795 827 2934 873 met
2980 828 3120 874 een
3166 830 3354 884 deel

3459 839 3511 885 9

1403 952 1561 1000 oudt
1599 951 1911 998 verlegen
1950 947 2144 996 goedt
2183 946 2456 992 versien
2494 944 2806 991 geweest,
2844 946 2962 992 dat
3000 946 3508 1000 genoodtsaecke

1400 1061 1565 1115 sijn
1605 1059 1928 1107 geworden
1968 1059 2171 1105 vand'
2210 1057 2454 1104 engels
2494 1043 2979 1103 verscheijden
3019 1043 3529 1098 medicamenten

1408 1159 1495 1211 te
1535 1165 1838 1212 leenen,
1880 1165 2010 1215 soo
2053 1168 2310 1215 sullen
2353 1169 2525 1215 oock
2567 1159 2868 1213 volgens
2910 1154 2998 1203 d'
3038 1141 3476 1196 ingeleijde

1400 1274 1733 1322 Notietie
1775 1274 1902 1323 NNo
1940 1280 2024 1326 24
2065 1278 2149 1326 d'
2188 1274 2564 1324 ordinaris
2604 1263 2980 1318 proviesie
3020 1261 3188 1308 voor
3229 1257 3354 1304 dit
3395 1258 3438 1304 —

1379 1384 1689 1433 Compt=r
1733 1384 2218 1431 verwachten,
2256 1369 2836 1429 jnsonderheijt
2878 1364 3012 1412 van
3051 1357 3365 1408 pampier
3407 1357 3454 1406 —

1318 1490 1498 1536 waer
1542 1488 1678 1536 van
1721 1484 1813 1532 ao
1857 1475 2172 1528 passado
2216 1476 2262 1522 4
2305 1478 2575 1526 riemen
2620 1481 2710 1526 (:
2750 1479 2934 1526 niet
2978 1473 3518 1524 tegenstaende

1391 1583 1483 1630 de
1528 1582 1711 1628 kist
1756 1583 1892 1629 met
1938 1580 2074 1628 een
2119 1577 2349 1624 leere
2392 1581 2893 1629 presenningh
2938 1583 3257 1630 omcleet
3302 1583 3487 1635 was)

1369 1684 1548 1738 heel
1591 1682 1945 1729 bedorven
1988 1682 2297 1729 becomen
2339 1676 2606 1727 hebben
2649 1674 2827 1722 naer
2870 1678 2914 1723 t
2951 1675 3448 1723 uijterlijck

1383 1783 1767 1831 blijckte
1815 1783 1959 1829 soo
2007 1783 2199 1829 most
2247 1781 2535 1827 eenige
2581 1778 2822 1825 olije
2870 1776 3110 1823 offte
3158 1773 3407 1823 Traan

1389 1885 1714 1934 ontrent
1760 1889 2087 1938 deselve
2132 1892 2458 1939 gestaen
2504 1890 2829 1938 hebben)
2876 1888 3062 1935 door
3108 1881 3480 1932 welckers

1366 1995 1827 2043 vetticheijt
1869 1998 1995 2044 het
2036 1998 2204 2044 teer
2246 1997 2330 2043 op
2370 1994 2498 2041 een
2539 1992 2791 2041 plaats
2832 1991 3000 2039 heel
3041 1981 3503 2035 geconsumeer

1334 2116 1519 2165 was,
1564 2113 1752 2161 daer
1797 2114 2076 2161 vanden
2119 2109 2493 2163 schipper
2538 2107 2724 2153 sich
2768 2098 3281 2152 g'excuseert

1360 2229 1558 2276 heeft
1597 2227 1755 2274 ende
1794 2223 2148 2273 verclaart
2187 2221 2266 2268 in
2305 2218 2463 2265 sijn
2502 2218 2699 2264 schip
2738 2218 2897 2264 niet
2933 2218 3015 2264 is
3053 2216 3487 2265 beschadicht

1350 2335 1837 2391 geworden

1269 2578 1764 2634 Verscheijden
1805 2589 2055 2640 Comp=s
2092 2596 2424 2647 dienaers
2464 2604 2753 2654 (:onder
2794 2606 3000 2654 mijne
3039 2591 3371 2651 directie

1358 2688 1792 2745 sorterende
1833 2703 2049 2751 hebbe
2093 2703 2224 2750 ten
2265 2705 2612 2753 jnsichte
2655 2707 2785 2753 van
2827 2707 3044 2754 haere
3087 2703 3482 2752 bequaamen

1342 2789 1531 2836 ende
1576 2789 2003 2841 expiratie
2048 2798 2190 2847 des
2235 2801 2519 2849 tijts,
2564 2794 2895 2846 wederom
2941 2793 3036 2838 in
3076 2780 3367 2838 dienst

1350 2894 1894 2942 aengenomen,
1942 2892 2140 2941 ende
2189 2888 2338 2936 hun
2385 2886 2486 2935 op
2529 2888 2881 2936 uEed=ls
2929 2889 3377 2937 aprobatie

1347 3004 1483 3052 soo
1523 3001 1798 3049 danige
1839 3000 2292 3050 qualiteijt
2334 3000 2516 3047 ende
2560 3001 2787 3048 gagie
2828 2997 3370 3049 toegeleijdt,

1340 3107 1483 3155 als
1523 3100 1625 3151 op
1671 3097 1955 3144 uEd=le
2002 3097 2239 3144 largo
2273 3093 2427 3142 Bij
2474 3091 2616 3137 het
2662 3088 2947 3136 nevens
2994 3086 3280 3135 gaande
3321 3089 3374 3136 —

1378 3204 1757 3256 extract
1808 3199 2028 3248 uijt
2080 3190 2298 3243 onse
2352 3184 2840 3235 resolutie
2893 3188 3168 3241 Boeck

1357 3301 1503 3356 1xo
1548 3311 1648 3358 25
1694 3298 1987 3353 sullen
2033 3290 2422 3341 gelieven
2470 3292 2567 3340 t'
2614 3293 3296 3342 apprehendeeren

1337 3499 1479 3547 Den
1524 3498 1806 3547 gesien
1853 3501 1995 3546 den
2040 3501 2601 3553 opvercoopman
2648 3507 2790 3555 Jan
2835 3509 2976 3555 van
3021 3502 3490 3556 teijlingen

1301 3589 1391 3640 T:
1430 3588 1658 3638 wiens
1702 3586 2105 3637 verbonden
2147 3591 2326 3640 tijt
2370 3585 2593 3637 eerst
2634 3582 2728 3629 jn
2769 3584 2994 3631 julio
3036 3587 3263 3642 1647:
3304 3597 3486 3645 gaet

1329 3674 1865 3734 expirieeren)
1909 3678 2043 3724 Bij
2087 3678 2176 3723 de
2217 3677 2443 3724 sijne
2487 3677 2755 3724 vanden
2799 3679 3023 3728 23=en
3066 3683 3471 3734 februarij

1328 3771 1436 3820 om
1489 3767 1703 3815 mijn
1754 3768 1968 3816 seer
2020 3771 2606 3819 ernstelijck
2658 3772 3084 3820 versocht
3137 3774 3404 3826 heeft

1313 3870 1481 3921 dat
1534 3866 1699 3913 hem
1753 3865 2029 3913 wilde
2082 3869 2741 3922 licentieeren
2792 3872 2904 3921 om
2959 3872 3069 3917 nu
3123 3867 3344 3918 naer

1295 3984 1671 4041 Batavia
1723 3981 1831 4031 te
1883 3973 2475 4024 vertrecken,
2527 3978 3064 4032 oorsaacke,
3117 3988 3281 4037 dat

1325 4083 1775 4139 voornemens
1816 4084 1999 4131 ende
2043 4087 2222 4134 seer
2264 4088 2805 4136 gejnclineert
2849 4092 2984 4140 is,
3028 4095 3118 4140 om
3160 4092 3344 4140 sich

1316 4193 1403 4241 (:
1445 4191 1574 4237 met
1617 4191 1831 4237 uEd=e
1873 4189 2302 4238 toelatinge
2344 4188 2387 4234 )
2430 4183 2644 4232 jnden
2686 4181 3072 4232 heijligen
3114 4186 3395 4234 echten

1330 4298 1576 4346 staat
1625 4299 1723 4346 te
1771 4295 2166 4343 Begeven,
2213 4298 2460 4346 inden
2508 4301 2804 4347 dienst
2852 4302 3101 4353 vand'
3146 4313 3450 4369 Compt:

2932 4479 3076 4527 de
3148 4479 3459 4544 novo
