3505 4869
2700 611 2918 667 1022

898 741 977 789 bij
1001 741 1158 789 aldien
1184 740 1339 786 gen=te
1365 740 1443 786 van
1469 741 1547 787 een
1572 741 1728 787 soorte
1754 741 1832 787 als
1858 742 1910 787 In
1935 742 2065 788 mocha
2090 741 2169 787 wel
2195 742 2428 789 getrocken
2454 744 2558 790 sijn
2583 744 2765 791 geweest
2790 742 2947 790 waren,

888 841 1019 892 soude
1043 838 1122 886 die
1147 837 1276 883 alsoo
1301 837 1379 883 met
1405 837 1560 884 hooger
1585 839 1663 884 als
1689 839 1741 885 12
1765 839 1895 884 laryn
1920 839 1973 885 de
1998 840 2152 886 corgie
2178 841 2333 887 hebben
2358 842 2514 888 connen
2538 844 2822 891 debiteeren,
2848 845 2954 892 voor

890 932 1210 988 d'aenstaende
1237 931 1504 978 besendinge
1530 932 1716 978 bewaert
1743 932 1797 978 en
1823 934 1876 979 uE
1903 934 2196 983 toegesonden
2222 938 2383 987 hebbe,
2409 942 2463 988 d'
2488 944 2648 990 Capjes
2675 945 2755 990 met
2781 944 3000 994 voetjes,

892 1036 1000 1085 waer
1025 1032 1107 1080 van
1132 1029 1188 1076 22
1214 1027 1375 1074 balijs
1401 1027 1535 1073 hebbe
1562 1026 1776 1073 becomen,
1802 1026 1857 1073 Is
1883 1029 1990 1074 niet
2016 1029 2125 1077 eene
2150 1032 2313 1080 vragen
2338 1036 2446 1083 naer
2472 1039 2552 1085 bij
2579 1040 2740 1087 aldien
2765 1042 3008 1088 onderwijl

891 1137 971 1183 dat
996 1128 1210 1181 valckenb
1236 1127 1343 1173 hier
1368 1123 1661 1172 verschijnt,
1688 1121 1795 1168 niet
1821 1122 1981 1169 connen
2007 1124 2274 1177 vercoopen,
2299 1133 2406 1180 sijn
2432 1136 2699 1186 voornemens
2724 1142 2777 1188 uE
2804 1143 2884 1190 die
2910 1145 2992 1193 bij

891 1240 944 1289 t'
968 1234 1092 1284 selve
1114 1228 1265 1278 (alsoo
1288 1226 1388 1272 daer
1411 1224 1512 1271 noch
1536 1226 1586 1271 15
1608 1225 1636 1271 a
1660 1223 1685 1268 2
1708 1222 1784 1268 R„a
1807 1221 1858 1267 de
1882 1221 2032 1269 corgie
2055 1225 2204 1274 gelden
2228 1230 2403 1280 connen)
2426 1236 2502 1283 toe
2525 1239 2575 1285 te
2599 1240 2772 1286 senden,
2797 1241 2847 1287 de
2871 1242 2995 1289 bloem

891 1329 1078 1384 copjes,
1104 1326 1183 1373 soo
1209 1325 1262 1371 de
1287 1322 1473 1369 facture
1498 1322 1631 1368 seijt
1655 1322 1709 1368 Is
1735 1322 1841 1368 mede
1866 1322 1972 1368 geen
1998 1323 2261 1371 sorteringe
2287 1326 2393 1373 voor
2419 1329 2498 1375 dit
2524 1331 2761 1379 quartier,
2787 1333 2840 1379 en
2866 1331 2972 1378 wert

888 1429 998 1482 voor
1024 1427 1078 1473 d'
1102 1420 1265 1472 Corgie
1290 1417 1398 1464 niet
1425 1416 1532 1462 meer
1558 1416 1639 1462 als
1665 1416 1693 1462 4
1719 1417 1933 1462 larijnen
1959 1417 2174 1464 geboden,
2200 1419 2254 1465 In
2280 1420 2414 1466 somma
2441 1420 2495 1466 de
2521 1422 2870 1472 porceleijnen,
2894 1426 3029 1473 desen

889 1527 1003 1580 Jare
1028 1515 1226 1571 becomen
1252 1511 1421 1560 sullen
1448 1508 1672 1556 apparent
1700 1507 1812 1553 onse
1839 1508 2147 1559 packhuijsen
2174 1515 2371 1565 (langer
2398 1519 2482 1565 als
2509 1519 2594 1565 ons
2621 1520 2873 1566 aengenaem
2899 1519 2984 1566 is)

887 1620 1111 1677 bewaren,
1136 1607 1390 1663 wenschten
1417 1605 1502 1651 ons
1529 1603 1614 1649 een
1641 1600 1838 1648 Coopman
1865 1600 2091 1650 voorquam
2118 1606 2203 1652 die
2230 1608 2287 1654 de
2314 1610 2455 1655 selve
2482 1611 2567 1657 met
2594 1612 2651 1657 25
2678 1611 2762 1658 p=r
2789 1609 2908 1660 C=to

887 1716 1090 1771 advance
1116 1708 1262 1759 wilde
1290 1701 1549 1752 aennemen,
1577 1697 1750 1745 souden
1779 1696 1865 1742 hem
1893 1695 2067 1742 d'coop
2095 1697 2269 1746 sonder
2297 1702 2441 1750 lanck
2469 1706 2642 1753 beraet
2671 1706 2901 1753 toeslaen
2928 1702 2987 1749 en

883 1817 976 1866 ons
1005 1808 1160 1859 quijt
1188 1794 1435 1851 maecken,

862 1964 948 2015 aen
973 1959 1058 2007 Jan
1081 1955 1140 2003 d'
1167 1950 1360 1999 Coninck
1386 1947 1552 1995 gaende
1579 1946 1689 1992 voor
1717 1945 1992 1992 opperhooft
2019 1946 2129 1991 naer
2156 1944 2349 1990 Bassora
2376 1944 2514 1990 hebbe
2541 1943 2734 1991 geloeft
2760 1939 2987 1988 connende

879 2057 1073 2110 becomen
1100 2056 1156 2102 2.
1182 2054 1211 2100 3
1237 2053 1266 2099 a
1291 2052 1321 2098 4
1346 2048 1485 2095 Jonge
1512 2044 1705 2092 paerden
1732 2043 1787 2088 In
1814 2042 1869 2087 te
1896 2039 2062 2087 coopen
2089 2039 2172 2084 en:
2199 2039 2282 2085 ons
2309 2040 2391 2085 bij
2419 2040 2721 2087 delffshaven
2747 2036 2970 2086 septemb:

880 2148 1139 2208 aenstaende
1164 2141 1447 2192 herrewaerts
1473 2140 1524 2186 te
1550 2137 1730 2185 zenden,
1755 2134 1987 2182 becomende
2012 2134 2166 2180 sullen
2191 2133 2243 2179 ue
2268 2130 2448 2178 d'selve
2474 2130 2576 2175 ofte
2602 2130 2756 2176 eenige
2781 2129 2859 2175 bij
2884 2124 3065 2174 valcken

857 2250 1015 2304 „burch
1039 2237 1302 2294 toesenden,
1326 2235 1380 2282 om
1407 2234 1511 2280 daer
1537 2231 1774 2279 soodanich
1799 2232 1851 2277 te
1875 2226 2191 2277 gebruijcken,
2217 2225 2296 2271 als
2322 2225 2374 2271 ue
2400 2224 2610 2271 bevinden
2634 2220 2741 2268 sal,
2766 2217 2845 2264 den
2871 2213 3031 2261 dienst

884 2346 975 2397 van
1004 2339 1123 2389 onse
1152 2330 1478 2384 principalen
1507 2328 1567 2375 is
1595 2320 2041 2373 vereijsschende,
2071 2320 2107 2368 —

826 2499 913 2545 Ses
939 2495 971 2542 a
998 2491 1114 2540 acht
1142 2488 1287 2534 dagen
1316 2487 1546 2533 verleden
1574 2484 1777 2531 becomen
1806 2484 2036 2532 tijdinge
2064 2486 2180 2532 uijt
2209 2486 2382 2532 Spahan
2410 2485 2498 2530 van
2525 2479 2757 2529 fransche
2785 2475 3047 2524 capucijne

853 2584 1022 2635 Padres
1049 2581 1216 2628 Eijnde
1243 2579 1328 2625 aen
1353 2578 1466 2623 haer
1493 2576 1605 2622 uijt
1632 2576 1799 2623 Aleppo
1827 2577 1911 2623 van
1938 2579 2049 2625 hare
2076 2578 2300 2625 collegie
2327 2578 2410 2623 ges
2438 2578 2522 2623 dat
2549 2576 2716 2623 g'heel
2744 2572 2969 2621 Christen

876 2676 1010 2726 rijck
1035 2672 1142 2721 door
1168 2671 1248 2717 bij
1272 2669 1379 2715 alle
1405 2666 1644 2713 Coningen,
1669 2665 1881 2712 princen,
1906 2665 2012 2710 ende
2039 2665 2303 2710 potentaten
2328 2665 2409 2711 een
2434 2666 2567 2712 vijff
2592 2662 2778 2711 Jarigen
2803 2658 2963 2706 vreede

888 2772 1137 2826 beslooten
1163 2767 1275 2815 was,
1300 2764 1412 2812 waer
1439 2762 1523 2809 toe
1550 2761 1633 2807 den
1661 2758 1800 2806 Turcq
1826 2756 2020 2804 (soomen
2047 2756 2213 2803 seght)
2241 2756 2324 2802 wel
2351 2756 2406 2801 d'
2434 2751 2793 2801 principaelste
2820 2747 3060 2795 oorsaeck

885 2875 1079 2925 gegeven
1104 2868 1273 2919 heeft,
1299 2863 1440 2913 alsoo
1466 2859 1551 2907 met
1577 2856 1661 2903 een
1688 2853 1855 2900 groote
1883 2851 2050 2898 armade
2077 2852 2160 2897 van
2188 2851 2271 2897 300
2299 2849 2327 2895 @
2353 2849 2437 2895 man
2465 2849 2576 2894 zich
2604 2847 2715 2894 naer
2742 2835 3076 2892 d'frontieren

883 2977 970 3028 van
996 2968 1166 3020 poolen
1192 2962 1333 3012 soude
1360 2958 1557 3006 begeven
1583 2952 1780 3002 hebben,
1807 2951 1864 2997 te
1891 2948 2060 2995 weeten
2086 2949 2171 2995 100
2199 2949 2227 2994 @
2255 2949 2311 2994 te
2338 2947 2506 2993 paerde
2533 2946 2619 2992 100
2646 2947 2674 2993 O
2701 2948 2758 2993 te
2786 2946 2926 2993 voete
2953 2944 3010 2991 en

884 3070 973 3123 150
1000 3058 1257 3113 galeijen,
1282 3050 1455 3101 gemant
1482 3047 1569 3094 met
1596 3044 1683 3092 100
1710 3043 1739 3089 O
1767 3041 1939 3088 mannen
1966 3041 2023 3087 te
2051 3040 2222 3086 water,
2250 3037 2336 3085 soo
2364 3036 2506 3081 soude
2535 3036 2620 3081 den
2648 3034 2848 3081 Coninck
2875 3032 2962 3078 van
2985 3027 3019 3076 —

880 3158 1051 3209 poolen
1078 3152 1194 3202 uijt
1220 3147 1336 3195 drie
1363 3142 1478 3191 sijn
1506 3135 1792 3186 principale
1819 3133 2133 3179 hooftsteden
2161 3130 2276 3177 (als
2304 3129 2589 3177 namentlijk
2618 3132 2817 3178 Cracou,
2846 3131 3050 3178 varcha:

877 3257 932 3304 eu
956 3247 1171 3301 lublijn)
1196 3240 1303 3290 alle
1329 3237 1383 3283 d'
1408 3230 1622 3281 Jesuiten
1646 3226 1993 3275 uijtgebannen,
2020 3225 2126 3271 ende
2152 3225 2259 3271 seer
2286 3226 2446 3271 subijt
2471 3227 2632 3274 hebben
2657 3230 2764 3276 doen
2790 3231 3056 3277 vertrecken

876 3351 930 3399 de
954 3341 1138 3395 redenen
1163 3336 1268 3385 daer
1293 3333 1372 3380 van
1396 3328 1528 3377 seijt
1553 3325 1632 3372 den
1657 3322 1840 3369 brieff)
1865 3320 1996 3366 soude
2021 3318 2152 3364 sijn,
2177 3319 2255 3365 dat
2281 3319 2438 3365 eenige
2463 3320 2619 3366 spions
2645 3320 2776 3366 onder
2801 3321 2853 3366 de
2879 3321 3065 3370 grooten

873 3440 985 3493 ende
1009 3427 1224 3484 secreten
1250 3423 1357 3471 raet
1382 3418 1464 3467 van
1490 3411 1677 3461 Coningh
1702 3410 1810 3457 omme
1836 3408 2050 3454 gecocht,
2076 3409 2129 3454 en
2156 3409 2236 3455 tot
2263 3409 2369 3455 hare
2395 3409 2582 3456 devotie
2609 3411 2742 3457 soude
2769 3411 3063 3459 verwillicht

875 3528 1062 3582 hebben,
1086 3523 1142 3571 om
1166 3516 1275 3566 haer
1301 3511 1435 3560 alles
1460 3507 1542 3555 wat
1567 3503 1702 3551 Inden
1728 3501 1835 3548 raet
1862 3500 1942 3546 van
1968 3500 2102 3546 zijne
2129 3501 2262 3546 maj=t
2288 3501 2530 3548 geschiede
2555 3503 2610 3549 t'
2635 3504 2903 3551 openbaren,
2929 3505 3037 3551 ende

876 3624 1087 3679 kennisse
1110 3619 1191 3667 van
1216 3616 1270 3663 te
1294 3609 1427 3660 doen,
1451 3604 1531 3653 wat
1557 3600 1636 3648 van
1661 3595 1898 3644 waerheijt
1924 3595 2029 3641 (soo
2054 3594 2186 3640 teene
2211 3593 2291 3638 als
2316 3592 2369 3637 t'
2395 3592 2554 3638 ander)
2578 3594 2631 3639 is
2657 3594 2788 3639 staet
2814 3594 2867 3639 uE
2892 3594 2972 3642 p=r
2997 3597 3078 3645 via

873 3727 926 3774 d'
950 3720 1110 3772 batt=a
1135 3713 1294 3763 eerder
1319 3709 1399 3757 als
1424 3705 1505 3753 ons
1529 3702 1583 3749 te
1608 3695 1846 3746 vernemen,
1872 3690 2030 3739 tsoude
2057 3689 2136 3735 een
2161 3686 2294 3732 goede
2320 3684 2583 3732 gewenschte
2609 3686 2768 3732 saecke
2793 3686 2899 3732 voor
2925 3684 3005 3732 ons

873 3812 1119 3867 vaderlant
1145 3809 1255 3857 sijn
1280 3804 1391 3854 (soo
1415 3799 1553 3847 veele
1580 3788 1880 3844 sustineere)
1905 3783 1988 3832 dat
2014 3781 2070 3827 d'
2096 3779 2233 3826 heele
2260 3778 2559 3825 Christenh=t
2586 3780 2641 3825 Jn
2667 3779 2804 3825 vrede
2830 3780 2914 3828 was
2937 3781 3049 3830 Godt

869 3909 1162 3972 almachtich
1189 3899 1393 3952 Gelieve
1420 3895 1508 3943 ons
1535 3892 1594 3938 te
1622 3885 1825 3936 gunnen,
1853 3881 1941 3929 wat
1968 3879 2056 3925 ten
2083 3876 2258 3924 besten
2287 3874 2577 3921 welstandt,
2605 3875 2692 3921 van
2720 3877 2808 3924 ons
2836 3879 2984 3925 lieve

865 4019 1127 4075 vaderlant,
1149 4012 1231 4062 oir
1254 4004 1361 4056 baer
1385 3998 1439 4046 en
1461 3985 1647 4041 noodich
1672 3983 1751 4029 is,
1775 3981 1829 4028 en
1853 3976 1959 4024 naer
1985 3974 2063 4021 den
2089 3973 2245 4019 langen
2271 3973 2455 4019 oorlogh
2480 3974 2585 4020 noch
2610 3976 2715 4022 eens
2740 3977 2819 4023 een
2845 3977 2979 4024 goede

871 4115 1018 4168 vrede
1044 4107 1191 4159 mogen
1219 4094 1453 4151 beleven.

731 4273 842 4329 Ende
864 4265 1002 4315 alloo
1028 4261 1110 4309 ons
1134 4253 1244 4305 voor
1268 4246 1459 4297 present
1484 4242 1593 4290 niet
1619 4239 1808 4286 sonders
1835 4234 2077 4283 resteert,
2103 4233 2185 4279 den
2211 4228 2373 4277 dienst
2399 4226 2480 4273 van
2506 4224 2615 4271 onse
2641 4219 2911 4269 trincipale
2937 4218 2964 4263 —

0 724 118 769 aleen
141 725 284 782 redecl

0 922 102 969 ende
126 923 204 970 een
227 926 280 974 op

0 1016 99 1062 men
132 1016 265 1064 voor

0 1113 137 1160 echtid
158 1116 274 1166 hulp.

0 1207 246 1260 machien

0 1302 279 1349 achodooheer

0 1402 82 1447 ons
109 1402 163 1447 is
190 1399 219 1447 —

0 1490 113 1536 wij
149 1491 226 1537 In

0 1586 105 1631 bben
129 1587 260 1636 dier„

0 1674 152 1722 ditien
176 1678 276 1725 met

0 1755 232 1807 boter,

0 1851 111 1897 reijse
129 1850 259 1897 versien

0 1939 250 1988 ewaerts

175 2153 223 2205 die

120 2356 254 2407 ederland

51 2447 243 2495 d'abul.

0 2449 26 2494 d

0 2546 112 2592 pril

0 2641 247 2688 vrach

0 2726 238 2783 genber,

0 2830 240 2879 antiteijt

0 2927 276 2974 verwond

0 3031 244 3082 vernemen

0 3124 250 3177 sootmosso

0 3207 67 3255 te
98 3211 233 3262 gaen

0 3307 109 3353 naer
135 3309 246 3356 eene

0 3405 220 3454 gecomen.

0 3499 49 3547 sal

0 3600 22 3645 toe

115 3503 210 3549 ue

7 2355 31 2401 6
