3567 4883
1200 744 1607 809 Dagelicx,
1646 738 1831 785 daer
1876 740 2011 786 van
2056 740 2101 785 t
2146 740 2418 787 succes
2461 742 2597 789 den
2639 743 3092 796 allerenden
3135 748 3321 797 tijd

1310 882 1828 947 openbaeren
1878 876 2188 925 moedt,
2238 870 2445 919 medt
2497 868 3012 915 vertrouwen
3063 868 3269 916 noch

1304 1030 1501 1085 vele
1548 1017 2082 1074 sorteringen
2129 1011 2614 1062 derwaerts,
2662 1003 3002 1056 Buijten
3049 1001 3195 1047 die
3244 1001 3389 1048 ons

1255 1171 1493 1228 Reede
1539 1158 1912 1214 Bekendt,
1958 1156 2099 1203 als
2146 1152 2380 1201 onder
2426 1148 2753 1196 anderen
2799 1147 2893 1192 d'
2938 1142 3174 1192 Beede
3220 1135 3360 1187 end

1294 1308 1575 1366 smalle
1621 1302 1946 1353 Bastas,
1992 1289 2457 1346 niquanias,
2503 1285 2690 1334 ende
2728 1273 3015 1329 negros
3060 1267 3388 1316 cleeden

1276 1441 1541 1494 leijd'
1584 1431 1939 1485 suratte,
1980 1425 2248 1476 metter
2291 1421 2469 1470 tijt
2510 1416 2646 1465 int
2689 1411 2911 1460 werck
2953 1406 3220 1456 sullen

1283 1567 1571 1630 cunnen
1617 1560 1998 1612 gestelde
2045 1557 2378 1604 werden,
2425 1547 2853 1602 oversulcx
2899 1546 2995 1598 pr
3040 1542 3378 1596 eersten

1277 1721 1372 1769 d'
1407 1714 1784 1767 monsters
1830 1709 2107 1762 nevens
2152 1699 2567 1754 tcostende
2612 1696 2751 1743 der
2796 1692 3073 1740 selver
3116 1693 3261 1742 van

1275 1871 1545 1926 Costij
1588 1862 1814 1916 gaern
1854 1857 1948 1906 te
1988 1848 2307 1903 gemoede
2349 1846 2620 1894 sagen,
2661 1841 2755 1891 om
2799 1835 3023 1884 meden
3067 1829 3339 1879 jncoop

1288 2005 1431 2062 ter
1476 1996 1803 2049 plaetse
1848 1981 2454 2041 advantagieust
2500 1977 2871 2028 bevoedt,
2918 1972 3104 2022 daer
3150 1964 3337 2015 naer

1302 2140 1389 2190 te
1430 2131 1645 2184 mogen
1687 2122 2116 2174 dirigeren,
2158 2122 2330 2168 uijt
2372 2113 2801 2167 d'memorien
2842 2112 2972 2158 der
3013 2104 3400 2156 restanten

1229 2268 1507 2328 Costij
1552 2262 1691 2312 ons
1734 2245 2194 2306 successive
2240 2234 2790 2290 toegesonden,
2834 2231 3204 2280 Bespuere
3248 2235 3415 2282 den

1281 2397 1622 2457 vertier
1670 2390 1817 2439 der
1859 2379 2400 2433 Ramboutijns
2448 2378 2693 2427 naest
2738 2367 3082 2422 eenigen
3130 2354 3326 2411 tijt

1274 2550 1542 2604 sober,
1585 2544 1763 2595 ende
1803 2536 1984 2589 ued:
2026 2525 2425 2579 midtsdien
2468 2523 2646 2570 daer
2688 2520 2866 2567 mede
2910 2511 3397 2568 overcropde,

1275 2685 1790 2748 ontstaende
1838 2670 2149 2729 (:naer
2200 2663 2405 2713 onse
2456 2653 2867 2707 meninge)
2910 2643 3227 2697 vanden

1226 2814 1922 2900 Baedtsoeckende
1970 2803 2366 2858 Chinanna
2414 2803 2514 2849 te
2563 2797 2761 2847 duer
2810 2778 3361 2840 aengenomen,

1268 2963 1446 3019 ende
1489 2959 1577 3006 op
1619 2951 1839 3002 verre
1882 2951 2014 2997 nan
2057 2950 2188 2997 soo
2232 2949 2538 2997 civeijl
2581 2943 2800 2994 mede,
2843 2940 2975 2987 als
3018 2936 3150 2984 wel
3191 2927 3327 2981 die

1237 3093 1384 3151 Bij
1428 3084 1526 3134 de
1572 3070 1860 3127 deenen
1907 3070 2099 3117 ende
2146 3060 2577 3114 portuges,
2624 3062 2768 3112 hoe
2813 3059 2958 3108 wel
3005 3046 3388 3101 nochtans

1261 3220 1443 3276 naer
1484 3207 1754 3263 haeren
1797 3200 2288 3251 ordinarisen
2331 3194 2599 3243 jncoop
2643 3193 2777 3240 met
2820 3188 3043 3239 goede
3088 3184 3400 3233 winsten

1250 3353 1728 3415 affgestaen
1774 3346 1967 3398 sijn
2013 3342 2394 3393 geweest,
2439 3338 2726 3389 jndien
2773 3337 2916 3384 dan
2962 3333 3154 3381 uEd.
3201 3331 3344 3380 Bij

1244 3499 1830 3571 gelegentheijt
1874 3499 2055 3546 daer
2098 3492 2280 3542 mede
2322 3486 2594 3536 nevens
2633 3479 2819 3530 onse
2863 3471 3406 3524 compesiteure

1247 3673 1622 3738 alwaerde
1668 3665 1809 3716 tot
1853 3654 2135 3708 minder
2180 3649 2462 3699 prijs,
2508 3645 2883 3696 gelieven
2928 3641 3023 3688 de
3068 3628 3308 3685 handt

1249 3829 1780 3889 selichten,
1832 3821 2147 3877 hebben
2196 3818 2410 3867 ued
2462 3813 2725 3864 staet
2775 3805 2883 3855 te
2934 3798 3355 3849 maecken,

1246 3992 1378 4043 die
1420 3979 1861 4037 sorteringe
1903 3981 2036 4031 pr
2078 3968 2518 4024 aenstaende
2561 3966 2693 4013 wel
2736 3964 2826 4011 30
2868 3961 2957 4007 p.
3000 3963 3044 4008 r
3088 3960 3265 4009 Cto

1245 4124 1719 4182 cevijlder,
1765 4122 1909 4168 als
1954 4116 2098 4166 ten
2145 4110 2382 4159 tijde
2429 4105 2572 4153 van
2617 4101 2999 4148 Chinanna
3045 4104 3187 4150 Bij
3235 4105 3378 4153 ons

1261 4283 1730 4339 ingekocht,
1776 4277 1964 4326 ende
2009 4275 2104 4320 d'
2151 4263 2432 4320 gelede
2477 4253 2947 4305 interesten
2992 4250 3228 4299 alsoo
3270 4242 3383 4292 in

2976 4476 3293 4528 Corten
