3567 4801
0 570 277 622 Beulsen

2773 545 2985 619 981

1631 628 1924 678 Translaet
1955 633 2053 682 van
2084 638 2246 686 eenen
2278 641 2441 689 brief
2472 644 2538 690 by
2569 646 2667 693 den
2698 648 2958 695 Douvern.
2990 649 3022 694 r

1654 709 1877 757 Arnold
1913 706 2174 757 heussen
2210 713 2322 760 uyt
2358 716 2803 764 masulipatnam
2840 712 2952 762 aen

1639 776 1989 826 Chercheijl,
2019 778 2338 833 geschreven
2366 788 2432 834 in
2463 789 2590 837 dato
2622 788 2750 837 25e.
2778 783 2939 831 Julij

1623 849 1807 897 anno
1852 848 2086 896 1646.

847 956 957 1003 Ick
991 951 1102 999 bei
1137 949 1247 995 van
1279 949 1681 1000 palliacatte
1717 955 1790 1001 op
1826 954 2261 1006 masulipatnam
2297 962 2588 1015 gecomen,
2621 970 2768 1016 ende
2802 962 2986 1016 hebbe

920 1039 1052 1089 alle
1084 1039 1183 1085 't'
1214 1037 1346 1083 gene
1379 1038 1510 1085 daer
1543 1040 1609 1086 te
1640 1042 1772 1089 doen
1804 1045 1936 1092 was,
1968 1048 2100 1097 ende
2131 1053 2394 1108 haperde,
2425 1064 2491 1110 in
2524 1065 2753 1115 Beteren
2785 1069 2951 1117 staet

921 1117 1231 1164 gebracht,
1265 1118 1405 1165 ende
1438 1122 1885 1173 geremedieert,
1920 1128 2059 1177 ende
2092 1134 2197 1182 wat
2229 1138 2334 1188 ons
2367 1144 2506 1195 noch
2539 1150 2884 1202 ontbreeckt

922 1203 1062 1254 ende
1096 1203 1473 1253 versoucken,
1506 1203 1679 1252 hebbe
1712 1208 1816 1255 aen
1849 1210 2056 1259 miersy
2089 1214 2228 1263 daly
2260 1220 2535 1275 vertoont
2568 1232 2603 1277 „
2637 1231 2775 1277 alle
2807 1232 2912 1278 den

914 1287 1125 1338 handel
1160 1286 1369 1332 alhier
1403 1286 1580 1334 (mits
1613 1291 1719 1340 uwe
1753 1296 2034 1346 liefffde
2066 1303 2485 1363 t'onswaerts)
2520 1319 2659 1365 gaet
2694 1320 2799 1370 het
2832 1326 2976 1374 seer

908 1373 1048 1423 wel,
1083 1373 1221 1419 ende
1256 1371 1567 1420 vertrouwe
1602 1375 1879 1429 voortaen
1913 1385 2053 1436 oock
2086 1394 2191 1443 soo
2224 1400 2605 1457 continueren
2639 1413 2777 1459 sal,
2812 1408 2951 1460 alle

910 1457 1252 1507 coopmans.
1290 1457 1404 1503 die
1441 1457 1556 1507 uE:
1590 1461 1859 1510 begeert
1896 1466 2087 1518 hebt,
2122 1476 2352 1534 worden
2387 1491 2503 1541 wel
2539 1497 2918 1549 gelargeert

885 1540 1028 1590 doch
1062 1541 1168 1587 die
1203 1541 1556 1591 resterende
1589 1547 1907 1602 versoucke
1941 1558 2259 1614 licentie,
2292 1570 2435 1622 omme
2468 1579 2575 1626 aen
2608 1583 2855 1632 anderen
2889 1588 2960 1634 te

879 1627 1210 1686 vercopen,
1246 1628 1319 1674 op
1355 1628 1464 1674 dat
1500 1629 1683 1679 comp.
1717 1635 1757 1681 s
1791 1638 2083 1691 goederen
2117 1647 2227 1694 tot
2262 1650 2482 1703 instal
2516 1659 2663 1709 niet
2699 1664 2919 1717 bliven

897 1720 1136 1770 leggen,
1170 1717 1305 1763 ende
1339 1717 1611 1765 verloren
1644 1721 1814 1771 gaen,
1847 1727 1951 1774 wat
1982 1731 2221 1782 aengaet
2254 1738 2356 1785 den
2389 1741 2559 1790 prijs
2592 1746 2763 1795 vant'
2795 1751 3000 1799 silver

906 1806 1043 1856 ende
1077 1805 1144 1851 de
1177 1804 1515 1851 wisselaers
1547 1808 1784 1858 alhier,
1816 1814 1885 1861 sy
1916 1819 1986 1867 en
2017 1824 2286 1877 vercopen
2319 1832 2454 1878 geen
2487 1834 2689 1884 silver
2722 1839 2824 1886 tot

907 1885 1177 1937 verlies
1216 1885 1333 1933 van
1370 1891 1486 1937 uE:
1523 1892 1947 1948 streckende,
1985 1904 2140 1953 maer
2177 1910 2255 1957 om
2291 1913 2370 1963 d'
2408 1919 2986 1982 noodwendicheijt

909 1966 1217 2013 vangelt,
1256 1967 1371 2014 tot
1410 1969 1912 2024 uijtwerckinge
1949 1980 2066 2027 van
2104 1983 2297 2034 comp.
2334 1990 2377 2038 s
2411 1997 2683 2051 dienst,
2720 2006 2876 2053 ende

909 2052 1243 2105 betalinge
1278 2051 1390 2097 van
1426 2051 1574 2097 Haer
1610 2053 1943 2107 schulden.
1978 2064 2199 2112 hebben
2235 2068 2346 2117 dit
2381 2073 2639 2127 gedaen,
2676 2082 2971 2139 tusschen

897 2144 1010 2192 uE:
1046 2136 1197 2187 Ende
1234 2137 1346 2183 ons
1384 2136 1458 2182 is
1496 2136 1646 2186 geen
1681 2141 2132 2196 differentie,
2168 2153 2318 2199 oock
2355 2155 2542 2203 hebbe
2578 2159 2655 2207 d'
2691 2164 2842 2214 onse
2877 2170 2919 2217 —

905 2224 1113 2275 alhier
1147 2224 1423 2271 bevolen,
1457 2227 1595 2273 naer
1629 2228 1733 2275 uE:
1767 2228 1941 2274 bevel
1974 2231 2250 2284 tehoren,
2280 2236 2422 2284 alle
2456 2237 2526 2283 t'
2559 2239 2767 2287 silver
2800 2244 2905 2291 dat

908 2320 1021 2370 uE:
1055 2310 1355 2362 begeert,
1392 2310 1578 2356 moogt
1615 2309 1801 2356 eerst
1837 2310 1987 2359 wegh
2023 2314 2248 2364 nemen,
2281 2319 2432 2367 ende
2469 2321 2582 2369 tot
2617 2324 2692 2370 de
2729 2324 2880 2373 rest

905 2395 1218 2443 licentie
1256 2393 1335 2440 om
1373 2391 1452 2438 te
1490 2388 1804 2435 vercopen
1841 2388 2078 2440 geven;
2116 2396 2195 2443 om
2232 2398 2312 2444 de
2351 2399 2625 2447 Lieffde
2663 2403 2741 2449 en
2780 2404 3015 2456 vrunt„

879 2483 1101 2536 „schap
1136 2479 1247 2527 die
1283 2475 1393 2523 der
1429 2472 1723 2524 tusschen
1758 2480 1868 2527 ons
1904 2482 2014 2531 is,
2049 2485 2196 2532 moet
2233 2487 2343 2534 uE:
2378 2488 2708 2537 desereijs
2742 2487 2818 2537 de

917 2561 1284 2615 Gevangens
1325 2560 1651 2609 largeren
1690 2564 1774 2610 en
1813 2567 2179 2618 ontslaen,
2220 2573 2343 2619 met
2382 2575 2545 2623 ende
2585 2578 2709 2627 int
2749 2583 2999 2643 lossen

902 2653 1067 2705 ende
1105 2649 1309 2696 laden
1350 2649 1552 2695 onser
1590 2650 1957 2702 coopmans.
1994 2653 2240 2702 hebben
2279 2658 2563 2708 gedunge
2602 2664 2929 2720 onlusten

905 2745 1011 2791 met
1044 2739 1117 2788 de
1150 2732 1399 2782 coulijs
1434 2732 1505 2777 te
1538 2731 1824 2782 presten,
1857 2738 1893 2784 u
1927 2739 1998 2786 E:
2032 2740 2281 2788 gelieve
2316 2743 2387 2790 te
2422 2745 2775 2800 ordonneren
2809 2756 2951 2803 ende

902 2829 1192 2885 Vryheijt
1226 2827 1299 2874 te
1331 2825 1552 2874 geven,
1587 2827 1732 2874 onse
1768 2829 2057 2878 beliefte
2092 2834 2274 2883 mogen
2308 2839 2491 2890 doen,
2524 2847 2744 2900 sonder

904 2917 1219 2975 gehouden
1258 2916 1337 2962 te
1375 2914 1495 2961 syn
1534 2912 1772 2958 jmants
1810 2914 2125 2963 licentie
2165 2917 2244 2963 te
2280 2917 2717 2981 versoucken.
2754 2926 2835 2977 Op

903 3008 1294 3061 Leverantie
1330 3004 1450 3053 van
1489 3002 1762 3050 silver,
1800 3005 2035 3052 hebben
2073 3007 2231 3056 eens
2268 3013 2386 3060 20:
2424 3015 2505 3065 En
2535 3021 2699 3069 eens
2735 3026 2854 3077 10:
2890 3034 2970 3086 O:

885 3105 1142 3164 pagoden
1177 3101 1538 3149 ontfangen,
1573 3103 1718 3149 dies
1753 3100 1861 3148 Jck
1896 3099 2114 3146 alhier
2149 3102 2257 3148 aen
2293 3103 2546 3155 miersen
2581 3111 2763 3158 dalij
2797 3114 2910 3164 het

907 3200 1122 3250 silver
1157 3196 1337 3245 hebbe
1372 3195 1588 3241 willen
1624 3195 2018 3246 intrageren,
2053 3200 2162 3246 die
2197 3200 2270 3246 t'
2305 3202 2485 3252 selve
2520 3207 2592 3253 ge
2627 3208 2952 3258 excuseert

907 3291 1164 3345 heeft,
1207 3287 1549 3336 seggende
1591 3286 1849 3337 eerst,
1890 3293 2020 3341 tot
2061 3298 2190 3345 uE:
2231 3301 2317 3348 te
2360 3303 2617 3356 moeten
2659 3312 2916 3364 reysen

901 3380 1055 3431 ende
1092 3376 1284 3424 weder
1321 3376 1627 3425 Comende,
1664 3379 1779 3426 den
1817 3381 2123 3430 ontfangh
2160 3386 2238 3432 te
2275 3389 2506 3440 sullen
2541 3397 2732 3446 doen,
2771 3401 2885 3448 den

878 3467 1047 3526 prys
1086 3459 1295 3512 van't
1336 3459 1584 3506 Silver
1625 3460 1709 3508 is
1749 3465 1833 3512 te
1871 3468 2080 3518 voren
2120 3474 2494 3525 bedongen.
2533 3481 2822 3530 Volgens
2863 3485 2948 3532 de

911 3549 1565 3611 Masulipatnams.
1608 3553 1935 3603 Basaer,
1980 3559 2168 3608 maer
2213 3565 2307 3611 d'
2352 3564 2864 3616 differentie

914 3635 1250 3689 tusschen
1292 3633 1376 3680 d'
1417 3633 1669 3681 nieuwe
1711 3636 1879 3686 ende
1921 3640 2089 3690 oude
2130 3646 2381 3701 pags:o
2423 3656 2508 3703 is
2548 3659 2675 3708 22:
2716 3655 2843 3708 ten

868 3721 1287 3781 Hondert

840 3903 1042 3952 chter
1080 3901 1243 3946 omd'
1282 3899 1483 3947 wille
1523 3898 1645 3944 van
1683 3901 1726 3949 u
1762 3906 1844 3952 E:
1884 3906 2085 3952 hebbe
2123 3907 2205 3953 in
2245 3908 2406 3956 onse
2445 3909 2727 3959 boucken
2766 3911 2929 3959 maer

884 3987 972 4034 20
1012 3983 1103 4030 p.
1142 3978 1190 4027 e
1231 3976 1320 4023 c.
1362 3977 1407 4024 o
1450 3974 2059 4029 doenschrijven,
2102 3985 2146 4030 u
2189 3985 2277 4031 E:
2319 3987 2668 4034 liefffde
2709 3986 2886 4033 moet

876 4071 970 4124 Jn
1012 4060 1502 4116 toecomende,
1543 4054 1768 4104 alsoo
1811 4056 2035 4104 weder
2078 4061 2300 4109 t'ons
2344 4065 2611 4115 waerts
2654 4068 2877 4115 wesen

904 4152 1075 4202 ende
1116 4151 1244 4197 soo
1287 4151 1329 4196 u
1370 4142 1457 4196 E:
1499 4143 1585 4193 H.
1624 4135 1667 4182 r
1709 4136 2007 4185 eenigen
2049 4139 2304 4185 dienst
2347 4140 2601 4188 Connen
2643 4137 2856 4189 doen,
2898 4135 3027 4184 heb

877 4233 974 4281 te
1021 4224 1406 4277 gebieden
1453 4222 1550 4269 /.
1595 4210 1839 4265 vale,

2212 4428 2881 4498 Translaet

0 628 185 683 ds
