3403 5135
905 291 968 338 In
999 293 1220 348 diverse
1250 304 1629 363 occurrentien
1658 320 2068 379 voorgevallen,
2098 335 2195 383 wat
2224 340 2571 397 uijtsochten
2600 353 2728 403 ende
2757 359 3200 425 schermutsingen
3228 383 3260 428 —

914 379 1089 428 opden
1122 384 1331 433 vijant
1365 389 1747 449 ondernomen,
1780 406 2093 463 hoedanich
2125 419 2542 480 d'uijtcomste
2575 436 2820 492 daervan
2852 449 3130 506 geweest,
3163 462 3271 511 wat

906 463 1351 514 gefabriceerde
1383 469 1522 516 ende
1555 472 2001 530 onrechtmatige
2033 486 2513 552 aensouckingen,
2545 509 2649 559 als
2682 515 3025 576 pretentien
3057 533 3264 590 doorde

907 544 1156 593 Coninck
1191 548 1334 596 ende
1369 551 1620 603 anderen
1653 560 1903 615 gedaen,
1938 571 2082 620 ende
2115 576 2224 626 bij
2258 582 2367 630 ons
2400 588 2544 638 daer
2577 595 2652 644 op
2684 602 3077 663 g'antwoort,
3111 619 3254 670 ende

904 622 1280 678 verhandelt
1316 633 1430 682 is,
1466 637 1955 704 dienaengaende
1991 660 2105 709 sal
2141 666 2218 712 in
2254 669 2442 721 desen
2479 677 2631 727 geen
2666 685 2930 741 verhael
2966 697 3155 752 doen,
3189 709 3266 762 mo

901 715 1005 761 mij
1040 716 1144 762 tot
1179 717 1249 763 't
1282 718 1631 777 Ingeleijde
1665 732 1910 787 extract
1943 744 2084 794 uijt
2116 751 2396 810 gehouden
2428 766 2569 815 dach
2602 771 2882 827 register
2915 784 3092 839 deses
3122 797 3265 854 Cast

899 805 1035 852 omme
1068 805 1473 858 prolixiteijt
1505 814 1573 861 't
1606 817 1911 874 eviteren,
1942 831 2212 888 gedrage,
2245 844 2380 894 daer
2413 849 2515 898 bij
2547 854 2684 903 UEd:
2715 860 2885 911 alles
2917 868 3088 920 largo
3119 877 3272 929 ende

899 890 1390 940 omstandelijck
1427 896 1655 943 sullen
1691 900 1994 958 gelieven
2029 914 2106 963 te
2143 919 2447 977 beoogen,
2482 934 2635 986 ende
2670 943 2860 993 onder
2897 949 3162 1004 anderen
3198 961 3241 1011 —

893 977 1022 1025 wel
1065 976 1322 1023 cunnen
1363 978 1749 1033 affmeten,
1790 990 1920 1040 van
1960 997 2091 1048 wat
2128 1004 2346 1059 geest
2387 1016 2518 1068 den
2558 1026 2900 1084 Coninck,
2942 1040 3072 1089 die
3113 1046 3242 1094 ge„

893 1064 1207 1112 nouchsaem
1242 1067 1347 1114 bij
1380 1068 1521 1114 sijn
1555 1068 1764 1115 eijgen
1799 1070 2149 1129 schrijvens
2181 1086 2497 1149 aenwijst,
2528 1107 2635 1157 een
2667 1114 3052 1177 voorstander
3085 1134 3226 1186 van—

881 1156 1165 1202 schelmen
1201 1157 1344 1203 ende
1378 1158 1593 1204 rovers
1627 1160 1699 1205 te
1734 1161 1913 1211 sijn,
1947 1168 2234 1226 gedreven
2266 1183 2447 1237 wert,
2479 1194 2552 1243 nu
2586 1199 2801 1255 echter
2834 1211 3085 1267 blijven
3119 1224 3264 1278 noch

895 1242 1016 1290 van
1054 1243 1370 1290 gevoelen
1407 1245 1566 1291 dees
1605 1246 1959 1299 ruineusen
1998 1255 2274 1313 handel,
2312 1270 2471 1322 ende
2508 1280 2981 1348 verwoestende
3019 1303 3259 1358 exacti

892 1329 1271 1380 (werdende
1312 1335 1481 1383 daer
1522 1339 1690 1385 door
1731 1340 2278 1400 d'Inwoonderen
2319 1356 2488 1408 meer
2528 1364 2697 1417 ende
2738 1374 2908 1427 meer
2947 1384 3242 1438 verarmt

899 1421 1054 1466 ende
1092 1421 1401 1468 d'landen
1440 1423 1556 1469 van
1594 1423 1749 1469 hare
1787 1424 2138 1480 incomsten
2172 1438 2638 1504 gefrusteert,
2675 1461 2869 1511 sulcx
2906 1467 3024 1518 bij
3061 1474 3274 1527 mijne

891 1502 1228 1551 Jonghsten
1264 1506 1377 1553 aen
1414 1508 1564 1555 UEd:
1600 1511 2012 1564 wijtlopiger
2048 1520 2610 1586 gementionneert)
2646 1542 2797 1591 niet
2832 1548 3259 1609 continueren

892 1594 1041 1639 maer
1079 1593 1228 1639 sich
1265 1593 1341 1639 in
1377 1595 1603 1644 corten
1638 1601 1677 1647 (
1713 1602 1789 1648 te
1825 1604 1975 1651 meer
2012 1606 2387 1667 d'Neijcken
2422 1623 2573 1675 ende
2608 1632 2908 1690 d'Mooren
2944 1646 3058 1695 den
3094 1651 3245 1704 aen„

889 1684 1204 1731 gevangen
1243 1686 1557 1732 oorloogh
1596 1687 1833 1737 tegens
1871 1693 1990 1743 den
2028 1700 2344 1756 Coninck,
2381 1713 2501 1763 die
2538 1720 2619 1768 nu
2656 1725 2933 1784 buijten
2970 1740 3256 1795 vermoge

894 1778 1040 1825 ende
1075 1777 1148 1823 in
1184 1772 1619 1821 d'uijtterste
1654 1774 2089 1832 extremiteijt
2124 1788 2451 1848 vervallen
2485 1805 2595 1855 is,
2629 1812 2739 1862 met
2773 1818 2956 1871 ernst
2991 1828 3245 1879 verwol¬

878 1872 1107 1922 gende,
1143 1869 1297 1917 ende
1335 1865 1450 1913 dat
1488 1864 1640 1909 ogen
1678 1864 1946 1914 schijnl
1983 1870 2480 1935 d'Contraiines
2515 1892 2745 1946 vanden
2782 1902 3251 1967 boosaerdigen

891 1954 1232 2001 Chimanna,
1269 1953 1384 1999 als
1421 1952 1649 1998 sijnde
1686 1953 1838 1998 oock
1875 1953 2066 2002 meest
2102 1959 2180 2007 't
2216 1964 2445 2022 eijnde
2481 1979 2709 2031 macht,
2746 1987 2898 2035 ende
2935 1991 3242 2048 middelen

880 2033 1043 2080 niet
1083 2031 1247 2078 meer
1287 2030 1613 2078 sodanigh
1653 2033 1777 2082 aff
1815 2038 1898 2084 te
1938 2039 2224 2094 wachten
2263 2051 2550 2109 hebben)
2589 2065 2753 2115 over
2792 2071 2917 2120 een
2954 2077 3243 2130 favora„

880 2118 1118 2168 belder
1157 2117 1355 2162 bouch
1393 2115 1632 2163 wenden
1669 2120 1946 2169 sullen,
1984 2125 2221 2177 sijnde
2259 2133 2379 2183 ons
2416 2139 2695 2194 oochwit
2732 2151 3088 2209 doorgaens
3125 2166 3244 2211 ge„

876 2193 1117 2239 weest,
1157 2193 1318 2239 niet
1358 2194 1519 2241 omme
1558 2196 1760 2244 Compe
1799 2200 2082 2254 negotie
2121 2211 2404 2264 simpel,
2442 2221 2604 2272 ende
2642 2227 2846 2284 opden
2883 2241 3086 2294 ouden
3124 2251 3250 2300 voe

878 2272 984 2320 van
1019 2275 1267 2323 vorigen
1301 2277 1550 2323 tijden,
1585 2277 1728 2325 naer
1761 2281 2365 2345 d'onversadelijcke
2399 2302 2720 2361 begeerten
2752 2319 2860 2368 en:
2893 2325 3252 2380 pernicieus

879 2356 1366 2410 beswoeijngen
1405 2365 1529 2414 van
1560 2368 1974 2418 Chinnanna,
2014 2374 2177 2423 maer
2216 2379 2300 2427 in
2338 2385 2745 2447 aenstaende
2783 2404 3189 2462 opulenter,

874 2446 1441 2497 progressijver,
1481 2453 1644 2500 ende
1683 2456 2171 2514 onbecommerde
2209 2470 2697 2531 requenteren,
2735 2489 2898 2537 daer
2937 2493 3060 2542 toe
3100 2498 3224 2549 een

863 2534 1367 2583 fundamentele
1408 2537 1575 2584 ende
1617 2539 1952 2590 bestante
1993 2546 2412 2607 resolutie,
2452 2563 2664 2615 verre
2702 2571 2872 2621 ende
2913 2577 3124 2627 goede
3164 2584 3206 2629 —

864 2620 1340 2674 omsichticht,
1380 2620 1775 2669 mitsgaders
1814 2625 2091 2680 behoorl
2129 2637 2288 2685 ende
2326 2641 2880 2705 gelicentieerde
2918 2661 3238 2715 middelen

872 2708 1200 2755 (welcken
1240 2709 1608 2758 aengaende
1648 2713 1813 2761 uEd:
1853 2717 2099 2767 rijper
2139 2722 2467 2780 oordeel,
2506 2736 2631 2785 off
2670 2743 2998 2799 daerinne
3037 2756 3247 2807 soda„

860 2797 1005 2846 nich
1038 2791 1360 2841 gehandelt
1395 2790 1539 2839 sij,
1573 2795 1821 2844 subject
1857 2799 2107 2851 blijve)
2140 2807 2604 2870 gerequireert,
2637 2827 2958 2882 oversulcx
2992 2838 3135 2886 voor
3170 2842 3241 2887 al

863 2883 1112 2931 nodich,
1147 2882 1573 2930 d'obstaculen
1608 2884 1751 2930 ende
1785 2885 1893 2931 der
1928 2886 2142 2938 selver
2176 2895 2498 2951 oorsaeke,
2531 2908 2923 2965 namentlijck
2957 2922 3242 2971 d'Inwil„

840 2968 1133 3021 „ligingh
1168 2966 1351 3013 eerst
1387 2966 1497 3011 van
1532 2966 1859 3013 Chinannas
1895 2966 2259 3022 onversadel
2294 2978 2657 3039 begeerten,
2693 2995 2840 3047 ofte
2873 3003 2947 3049 't
2983 3005 3092 3051 sij
3127 3005 3238 3053 wij

860 3054 1097 3101 vanden
1136 3053 1373 3099 handel
1412 3051 1490 3096 om
1529 3050 1806 3097 d'Zuijd
1845 3053 2003 3099 In't
2041 3054 2280 3106 geheel
2317 3063 2713 3123 desisteren
2750 3080 2908 3128 ende
2946 3083 3066 3132 aen
3105 3088 3231 3139 hem

861 3134 1222 3182 overlaten,
1258 3132 1402 3179 ofte
1438 3130 1800 3177 andersints
1835 3131 2053 3179 24000.
2086 3134 2197 3181 p=a
2231 3137 2557 3192 Jaerlijcx
2592 3148 2702 3197 tot
2736 3153 2846 3202 een
2881 3157 3242 3209 recognitie

864 3221 1015 3270 ende
1051 3220 1386 3266 onderhout
1423 3220 1535 3266 van
1571 3221 1795 3267 sijnen
1830 3223 2018 3271 staet
2053 3228 2351 3279 furneren
2387 3234 2649 3286 wilden,
2684 3243 2835 3293 daer
2870 3250 2946 3298 op
2981 3255 3056 3302 nu
3092 3258 3241 3305 noch

861 3303 1019 3352 naer
1058 3302 1214 3348 dato
1253 3302 1410 3348 vant
1447 3303 1762 3353 gemaecte
1800 3309 2113 3364 contract
2151 3320 2269 3366 met
2308 3322 2465 3370 ons,
2503 3327 2854 3377 doorgaens
2893 3332 3011 3380 wel
3049 3336 3246 3384 onbe„

863 3393 1202 3443 schaemdel
1239 3393 1353 3441 als
1389 3396 1465 3442 of
1502 3396 1653 3442 daer
1688 3396 1803 3443 toe
1840 3396 2254 3451 gerechticht
2291 3407 2480 3457 waer,
2516 3413 2968 3465 g'Insisteert
3004 3421 3234 3471 heeft,

854 3477 966 3524 ten
1002 3478 1261 3523 anderen
1296 3479 1407 3524 des
1444 3479 1739 3526 Conincx,
1775 3481 2033 3529 pogende
2069 3484 2144 3531 't
2179 3486 2292 3534 sij
2327 3491 2475 3538 door
2511 3494 2769 3545 gewelt,
2805 3500 2917 3546 off
2952 3498 3248 3547 valschen

865 3561 1315 3607 peretexten,
1356 3560 1807 3608 sichmeester
1847 3564 1970 3612 van
2011 3567 2380 3622 s'Comp=es
2420 3578 2748 3632 middelen
2788 3587 2870 3633 te
2910 3588 3238 3639 maecken,

861 3650 1129 3698 geweert
1166 3647 1473 3694 wierden,
1511 3648 1704 3695 welck
1740 3650 1856 3696 soo
1893 3651 2087 3704 verre
2123 3661 2469 3710 gebracht,
2506 3667 2622 3714 dat
2659 3670 2927 3722 beijden
2965 3677 3080 3723 van
3118 3677 3236 3724 hun

861 3739 1403 3794 g'opimiatreert
1441 3737 1596 3783 ende
1635 3736 1790 3782 boos
1828 3736 2216 3791 voornemen,
2253 3748 2408 3794 sich
2446 3749 2872 3802 inbeeldende
2910 3757 3065 3803 (als
3104 3750 3222 3802 off

862 3832 986 3882 d'E
1027 3830 1232 3877 Compe
1273 3827 1438 3875 aent
1479 3825 1725 3874 missen
1766 3827 1889 3873 van
1930 3828 2137 3876 desen
2176 3832 2423 3879 handel
2463 3832 2628 3878 maer
2668 3831 2834 3877 voor
2874 3832 3244 3878 weijnigen

856 3905 1001 3952 tijt
1036 3904 1290 3951 meerder
1326 3905 1579 3951 gelegen
1615 3904 1796 3951 waer,
1832 3903 1905 3948 in
1939 3902 2159 3951 corten
2194 3907 2267 3954 't
2302 3910 2556 3958 gevolch
2590 3913 2737 3959 daer
2772 3913 2882 3961 van
2917 3916 2990 3963 't
3026 3918 3243 3965 erlan„

1776 3942 2023 3991 titueert.

846 3986 995 4033 gen,
1031 3984 1143 4030 ten
1178 3982 1552 4029 prinsipale
1589 3983 2035 4031 gedesisteert
2071 3985 2221 4031 sijn
2257 3987 2592 4037 gewerden,
2629 3992 2778 4038 ende
2814 3993 2964 4041 d'E.
3000 3997 3223 4048 Comp=e

854 4066 1387 4114 middelerwijle
1427 4068 1551 4114 soo
1586 4066 2043 4117 excessijven
2083 4073 2329 4120 schade
2370 4075 2534 4121 niet
2574 4076 2657 4123 in
2697 4079 2903 4128 haren
2941 4083 3234 4136 handel,

855 4145 1139 4190 vermits
1180 4145 1424 4190 echter
1464 4145 1627 4191 door
1667 4146 2114 4195 mancquement
2155 4150 2277 4197 van
2317 4153 2724 4204 Contanten,
2764 4159 2967 4205 niets
3007 4156 3253 4204 souden

856 4227 1079 4275 cunnen
1115 4223 1487 4272 verrichten
1524 4222 1783 4268 hebben,
1821 4223 2229 4272 toegebracht
2265 4228 2489 4280 heeft,
2525 4235 2748 4281 sijnde
2785 4236 2897 4282 wel
2933 4235 3008 4280 't
3045 4234 3234 4282 voor„

849 4305 1154 4356 naemste,
1191 4301 1459 4349 d'eerst
1497 4300 1916 4346 aengeslagen
1953 4301 2450 4359 Cansjewaronse
2487 4315 2830 4364 lijwaten,
2868 4318 3020 4364 daer
3059 4318 3135 4363 op
3172 4317 3211 4363 —

840 4390 1100 4443 ontrent
1135 4388 1210 4433 d'
1245 4385 1394 4432 5000
1431 4384 1542 4430 p=a
1579 4383 1948 4430 uijtgeset,
1984 4384 2096 4430 tot
2132 4386 2280 4432 noch
2316 4387 2428 4434 ten
2464 4389 2612 4437 dele
2649 4392 2723 4438 in
2759 4393 2981 4440 handen
3018 4389 3205 4439 vande

835 4474 1114 4523 rovers,
1153 4472 1313 4519 ende
1352 4471 1672 4517 d'verdre
1709 4470 1831 4518 aen
1870 4469 2349 4516 d'Engelschen
2388 4471 2548 4516 voor
2587 4471 2708 4517 hun
2747 4473 3186 4521 achterwesen

851 4559 974 4605 aen
1014 4552 1382 4602 Chinnanna
1422 4551 1709 4597 verpont
1749 4552 2117 4599 gebleven,
2157 4555 2321 4601 daer
2361 4557 2484 4603 van
2524 4557 2852 4604 apparent
2892 4553 3226 4604 weijnich

2799 4634 2971 4683 ofte
3012 4626 3185 4678 geen
