3567 4801
2732 489 2916 544 886

751 680 1135 741 Pieter
1196 663 1887 724 Huijbertsen
1943 661 2137 710 van
2196 651 2891 712 Coorendijck

851 803 954 853 jn
1002 794 1258 846 jndia
1308 785 1662 836 gecomen
1712 781 1814 828 ao
1862 772 2066 823 1643
2115 768 2268 820 met
2316 769 2622 821 'thoss
2671 761 2828 811 van

835 918 1253 980 seelandt
1303 908 1515 961 voor
1566 894 1933 949 soldaet
1975 894 2033 939 a
2086 892 2243 940 ƒ11
2293 891 2452 939 ter
2502 878 2818 936 maendt

830 1046 1107 1103 werdt
1159 1040 1271 1089 op
1319 1028 1544 1082 sijn
1598 1003 2145 1070 vertooghen
2198 979 2858 1047 bequaemheijt

825 1166 979 1222 als
1027 1136 1689 1208 genegentheijt
1739 1131 1841 1179 d'
1891 1125 1993 1174 E.
2041 1113 2298 1168 compe
2347 1103 2551 1154 noch
2601 1084 2906 1144 eenige

811 1276 1130 1340 jaeren
1182 1271 1289 1320 te
1341 1253 1659 1312 dienen
1709 1245 1870 1295 Bij
1922 1229 2187 1286 desen
2239 1221 2451 1272 mits
2501 1215 2981 1268 expiratie

816 1408 976 1464 des
1025 1390 1287 1446 tijts
1338 1385 1442 1433 d'
1493 1376 1703 1428 nove
1752 1359 2275 1418 aengenomen
2324 1347 2534 1401 ende
2586 1340 2847 1390 onder

830 1519 1064 1576 drije
1106 1498 1391 1560 jaeren
1436 1479 1811 1539 verbandt
1856 1473 2045 1524 voor
2091 1470 2186 1517 de
2232 1463 2467 1513 selve
2510 1450 2981 1507 qualiteijt

846 1650 1003 1705 van
1052 1633 1362 1692 soldae
1412 1628 1618 1677 ttot
1669 1617 2079 1673 twaeleff
2128 1600 2489 1661 guldens
2529 1595 2694 1644 ter
2737 1593 3008 1640 maent

845 1764 1407 1840 toegeseijt
1460 1740 2019 1805 innegaende
2073 1725 2465 1784 tnieuwe
2519 1717 2913 1770 verbant

837 1900 1051 1953 ende
1102 1875 1792 1941 verBeteringhe
1842 1861 2004 1915 van
2056 1848 2321 1903 gagie
2373 1845 2586 1893 dato
2637 1836 2904 1890 deses

847 2178 1323 2240 Pieter
1399 2165 1799 2220 gomes
1875 2156 2116 2212 van
2191 2121 2910 2198 Tonningen

857 2299 1012 2349 int
1062 2290 1322 2343 landt
1371 2278 1734 2333 gecomen
1783 2273 1941 2323 a:o
1985 2260 2199 2317 1640
2249 2249 2457 2303 medt
2508 2238 2877 2290 tffuijt

828 2419 1089 2483 schip
1136 2402 1396 2459 Berck
1447 2396 1705 2447 houdt
1756 2388 1963 2440 voor
2011 2378 2376 2431 soldaet
2409 2378 2528 2428 al
2560 2373 2682 2420 i0
2731 2368 2888 2417 ter

862 2532 1110 2592 maent
1158 2528 1401 2575 werdt
1446 2523 1547 2573 op
1593 2509 1790 2566 sijn
1838 2501 2228 2553 vertoogh
2275 2495 2373 2544 en
2420 2475 3008 2538 bequaemheijt

867 2655 1022 2706 als
1071 2630 1738 2698 genegentheijt
1789 2619 1994 2673 d'E:
2044 2604 2352 2660 Comp„e
2402 2592 2607 2646 noch
2653 2575 2965 2635 eenige

865 2755 1178 2815 jaeren
1228 2749 1332 2796 te
1383 2741 1693 2794 dienen
1744 2733 1899 2784 Bij
1950 2718 2209 2777 desen
2259 2711 2466 2762 mits
2483 2693 2983 2753 Expiratie

781 2894 928 2955 des
973 2879 1211 2937 tijts
1256 2876 1353 2923 d'
1400 2866 1590 2920 novo
1635 2843 2063 2909 aengenom,
2107 2837 2205 2888 en
2250 2822 2488 2880 onder
2535 2818 2725 2866 drij
2764 2810 3012 2862 jaren

844 2995 1239 3080 gestoudt
1282 2981 1482 3037 voor
1529 2963 1870 3024 d'selve
1916 2943 2405 3006 qualiteijt
2452 2937 2600 2986 van
2648 2925 2989 2982 soldaet

857 3151 1015 3206 tot
1062 3123 1478 3190 twaeleff
1528 3104 1891 3167 guldens
1940 3094 2097 3146 ter
2145 3072 2458 3138 maendt
2483 3064 3025 3115 toegeleijt

843 3256 1317 3322 innegaende
1360 3250 1411 3299 t
1457 3230 1742 3293 nieuwe
1787 3212 2167 3272 verbandt
2212 3202 2403 3256 ende
2448 3179 3018 3245 verbeteringe

813 3397 1002 3457 van
1051 3372 1371 3438 gagie
1432 3361 1681 3417 dato
1741 3345 2051 3402 deses
2095 3338 2176 3388 —

908 3624 1105 3683 Jan
1165 3606 1561 3667 scholt
1625 3594 1822 3649 van
1884 3571 2277 3634 Brugge
2340 3556 2537 3614 Int
2601 3549 2933 3598 landt

890 3731 1120 3795 gecom
1164 3721 1301 3772 met
1346 3709 1620 3766 tschip
1665 3700 1893 3750 maria
1938 3692 2349 3745 d'medices
2394 3685 2486 3733 Ao
2523 3670 2713 3727 1641
2756 3661 2941 3710 voor

882 3850 1272 3912 adelborst
1312 3848 1357 3894 a
1400 3846 1444 3892 ƒ
1486 3844 1529 3889 9
1559 3832 1701 3888 ter
1741 3822 1958 3873 maent
1999 3814 2216 3866 werdt
2257 3810 2344 3857 op
2387 3805 2559 3855 sijn
2601 3800 2952 3848 vertoogh

875 3969 951 4016 en
988 3959 1326 4014 bequaempt
1363 3956 1476 4003 als
1512 3944 1926 4000 genegenth„t
1963 3938 2113 3988 d'E.
2148 3925 2338 3981 Compe
2373 3917 2525 3968 noch
2562 3914 2787 3961 eenige
2824 3911 3015 3960 jaren

880 4071 968 4117 te
1011 4064 1275 4115 dienen
1315 4057 1450 4108 bij
1492 4051 1713 4100 desen
1756 4050 1932 4096 mits
1973 4037 2370 4092 expiratie
2412 4037 2545 4084 des
2587 4030 2808 4081 tijts
2847 4020 2946 4073 de

878 4176 1067 4226 novo,
1104 4167 1404 4221 aengenom
1441 4167 1516 4212 en
1552 4163 1741 4212 ond„r
1778 4159 1965 4208 drije
1999 4150 2190 4204 jaren
2226 4134 2527 4193 verbandt
2564 4132 2714 4178 voor
2749 4128 3013 4178 d'selve

881 4276 1289 4336 qualiteijt
1330 4274 1452 4321 van
1491 4268 1817 4319 soldaet,
1857 4266 1979 4313 tot
2019 4256 2344 4310 twaeleff
2383 4247 2669 4300 guldens
2708 4246 2832 4293 ter
2865 4248 2997 4294 in„

895 4383 1329 4438 toegeleijt
1371 4372 1807 4426 innegaende
1849 4373 1894 4419 t
1933 4366 2197 4420 nieuwe
2238 4348 2587 4408 verbandt
2629 4341 2815 4392 ende

883 4496 1418 4561 verbeteringe
1461 4491 1596 4540 van
1638 4481 1863 4534 gagie
1907 4473 2085 4524 dato
2128 4466 2352 4516 deses
2394 4455 2753 4511 aenvancq
2797 4455 3020 4505 nemen
