<?xml version="1.0" encoding="UTF-8"?>
<PcGts xmlns="http://schema.primaresearch.org/PAGE/gts/pagecontent/2013-07-15">
  <Metadata externalRef="b92581f1-85d0-417e-b532-d7992a155f84">
    <Creator>Laypa</Creator>
    <Created>2023-09-08T02:22:52</Created>
    <LastChange>2023-09-08T03:38:20</LastChange>
    <Comment>license: CC0</Comment>
    <MetadataItem type="processingStep" name="layout-analysis" value="laypa">
      <Labels>
        <Label value="228a7d24385cff0e51687c00d0e65a2c2a9703d5" type="githash"/>
        <Label value="61334eb4-edff-4af5-b036-b5927f35bbcf" type="uuid"/>
        <Label value="https://hdl.handle.net/10622/VMSCBR" type="laypamodelremote"/>
      </Labels>
    </MetadataItem>
    <MetadataItem type="processingStep" name="region-analysis" value="laypa">
      <Labels>
        <Label value="0a3442b4-835c-44bc-9115-3fd08263a5dc" type="uuid"/>
        <Label value="https://hdl.handle.net/10622/DMAS2T" type="laypamodelremote"/>
      </Labels>
    </MetadataItem>
    <MetadataItem type="processingStep" name="htr" value="loghi-htr">
      <Labels>
        <Label value="9efb3e0ff4338dc6e07d110ac4d435f27f5b0e16&#10;" type="githash"/>
        <Label value="3a9bdaa3-493c-483e-bbb2-f51961b8e5a0" type="uuid"/>
        <Label value="64" type="batch_size"/>
        <Label value="https://hdl.handle.net/10622/X2JZYY" type="loghihtrmodelremote"/>
      </Labels>
    </MetadataItem>
    <MetadataItem type="processingStep" name="word-splitting" value="loghi-htr-tooling"/>
    <MetadataItem type="other" name="dataset" value="https://hdl.handle.net/10622/LVXSBW">
      <Labels>
        <Label value="VOC transcriptions v2 - GLOBALISE" type="name"/>
        <Label value="Dataset in pagexml and txt format, including data card." type="description"/>
        <Label value="https://globalise.huygens.knaw.nl/" type="creator"/>
        <Label value="https://hdl.handle.net/10622/LVXSBW" type="url"/>
      </Labels>
    </MetadataItem>
  </Metadata>
  <Page imageFilename="NL-HaNA_1.04.02_1161_0943.jpg" imageWidth="3505" imageHeight="4869">
    <ReadingOrder>
      <OrderedGroup id="orderedgroup_af90e7e2-298a-4901-9bfc-2c314a25f464">
        <RegionRefIndexed index="0" regionRef="region_a584480c-41a0-4321-b2d1-280e079d9e27_4"/>
        <RegionRefIndexed index="1" regionRef="region_a877a26b-36c5-4ab7-b304-09d102f1e404_5"/>
        <RegionRefIndexed index="2" regionRef="region_79775b71-dfb1-43bd-bc75-81470f0c4550_9"/>
        <RegionRefIndexed index="3" regionRef="region_c3960935-1675-4c5e-9371-6d547c0f60c9_10"/>
        <RegionRefIndexed index="4" regionRef="region_297b67bf-b84b-43e8-ab3b-465c289b780c_8"/>
        <RegionRefIndexed index="5" regionRef="region_f59294fe-a931-459b-863a-8d9dd685c7ee_7"/>
        <RegionRefIndexed index="6" regionRef="region_3a76c4a9-b45f-4851-bda0-61d0ea108cc2_6"/>
        <RegionRefIndexed index="7" regionRef="region_63d57bd8-1665-42ad-bb47-4df316cc3882_2"/>
        <RegionRefIndexed index="8" regionRef="region_98b50fc9-7a0d-4fbd-954d-79d40e5d9e36_1"/>
        <RegionRefIndexed index="9" regionRef="region_d5ef42dd-b426-4686-bece-c565cb0aa7f8_3"/>
        <RegionRefIndexed index="10" regionRef="region_5225a76a-dad4-45bb-b0f8-9038d7c23dbe"/>
        <RegionRefIndexed index="11" regionRef="region_54494799-cd7d-4de0-8472-0dfe5bebc307"/>
      </OrderedGroup>
    </ReadingOrder>
    <TextRegion id="region_a584480c-41a0-4321-b2d1-280e079d9e27_4" custom="structure {type:page-number;}">
      <Coords points="2464,959 2464,969 2468,972 2468,976 2471,979 2475,979 2478,983 2485,983 2488,986 2495,986 2499,990 2506,990 2509,993 2516,993 2519,990 2543,990 2547,986 2595,986 2598,983 2612,983 2615,979 2622,979 2622,959 2618,955 2618,948 2615,945 2615,942 2605,931 2601,931 2598,928 2595,928 2591,924 2581,924 2577,921 2553,921 2550,918 2543,918 2540,914 2499,914 2495,918 2492,918 2475,935 2475,938 2471,942 2471,948 2468,952 2468,955"/>
      <TextLine id="e606bddf-a341-46c4-8b97-b634a03c24bb">
        <Coords points="2403,897 2577,901 2606,905 2623,922 2664,917 2670,923 2670,988 2640,985 2605,1006 2403,1001"/>
        <Baseline points="2434,964 2484,967 2534,967 2584,970 2634,972 2640,973"/>
        <Word id="word_f2194e12-b55b-4580-96b4-ad9386848705">
          <Coords points="2436,929 2486,932 2534,932 2586,935 2635,937 2646,938 2638,983 2634,982 2583,980 2534,977 2483,977 2433,974"/>
          <TextEquiv>
            <Unicode>1037</Unicode>
          </TextEquiv>
        </Word>
        <TextEquiv conf="0.9991518800418314">
          <Unicode>1037</Unicode>
        </TextEquiv>
        <TextStyle xHeight="49"/>
      </TextLine>
    </TextRegion>
    <TextRegion id="region_a877a26b-36c5-4ab7-b304-09d102f1e404_5" custom="structure {type:header;}">
      <Coords points="489,784 507,794 541,794 551,801 558,801 578,812 620,812 623,815 688,815 691,812 715,812 719,808 736,808 739,805 791,805 794,808 804,808 808,812 828,815 832,818 852,818 856,822 924,822 928,825 958,825 965,822 969,825 1010,825 1013,829 1106,829 1109,832 1260,832 1263,835 1308,835 1311,839 1403,839 1407,842 1441,842 1444,839 1554,839 1557,842 1609,842 1612,846 1646,846 1650,849 1674,849 1677,853 1749,853 1752,849 1797,849 1800,853 1896,853 1900,856 1968,856 1972,859 2074,859 2078,863 2170,863 2174,859 2245,856 2249,853 2266,853 2269,849 2283,849 2286,846 2321,846 2324,842 2334,842 2348,832 2355,815 2348,791 2341,784 2321,774 2297,774 2293,770 2263,767 2245,760 2197,757 2194,753 2167,753 2163,750 1992,750 1989,746 1948,743 1944,740 1924,740 1920,736 1855,733 1852,729 1811,726 1807,722 1790,722 1787,719 1770,719 1766,716 1749,716 1746,712 1694,712 1691,709 1674,709 1670,712 1533,712 1530,709 1509,709 1506,705 1486,705 1482,702 1434,702 1431,699 1359,699 1355,695 1215,695 1212,692 1198,692 1195,695 1150,695 1147,699 1061,699 1058,695 931,695 928,692 873,692 869,695 828,695 825,699 804,699 801,702 743,705 739,709 729,709 726,712 719,712 685,726 661,729 637,740 589,746 555,760 503,760 500,770"/>
      <TextLine id="line_39b060d6-2294-421e-aecc-b19c48732f87">
        <Coords points="1301,649 1347,619 1379,619 1487,716 1519,720 1551,744 1624,748 1624,813 1611,820 1587,816 1552,841 1447,844 1419,848 1411,856 1315,856 1301,868"/>
        <Baseline points="1332,800 1382,799 1432,799 1482,795 1532,795 1582,795 1594,798"/>
        <Word id="word_2fdefee1-5899-4044-8721-e72f061ad5fb">
          <Coords points="1331,765 1381,764 1432,764 1479,760 1532,760 1582,760 1602,764 1592,808 1582,805 1532,805 1483,805 1432,809 1382,809 1332,810"/>
          <TextEquiv>
            <Unicode>Leeren</Unicode>
          </TextEquiv>
        </Word>
        <TextEquiv conf="0.9087513650263154">
          <Unicode>Leeren</Unicode>
        </TextEquiv>
        <TextStyle xHeight="44"/>
      </TextLine>
    </TextRegion>
    <TextRegion id="region_79775b71-dfb1-43bd-bc75-81470f0c4550_9" custom="structure {type:marginalia;}">
      <Coords points="2293,1085 2293,1089 2297,1092 2300,1092 2304,1096 2307,1096 2310,1099 2317,1099 2324,1106 2328,1106 2334,1113 2338,1113 2341,1116 2355,1116 2358,1113 2365,1113 2365,1109 2369,1106 2369,1103 2372,1099 2372,1096 2379,1089 2379,1075 2314,1075 2310,1079 2304,1079 2297,1085"/>
    </TextRegion>
    <TextRegion id="region_c3960935-1675-4c5e-9371-6d547c0f60c9_10" custom="structure {type:marginalia;}">
      <Coords points="2410,1075 2410,1079 2420,1089 2420,1092 2423,1092 2427,1096 2430,1096 2434,1099 2434,1113 2440,1120 2447,1120 2451,1123 2458,1123 2461,1127 2461,1133 2458,1137 2458,1140 2454,1144 2454,1161 2458,1164 2458,1168 2461,1171 2461,1174 2471,1185 2471,1188 2482,1198 2482,1205 2485,1209 2485,1226 2471,1240 2471,1246 2468,1250 2482,1263 2485,1263 2492,1270 2495,1270 2506,1281 2509,1281 2512,1284 2523,1284 2526,1287 2557,1287 2560,1291 2598,1291 2601,1294 2605,1294 2608,1291 2608,1287 2615,1281 2615,1277 2625,1267 2625,1263 2629,1260 2629,1253 2632,1250 2632,1219 2636,1216 2636,1212 2639,1209 2639,1205 2646,1198 2646,1171 2642,1168 2646,1164 2646,1120 2642,1116 2642,1109 2636,1103 2636,1092 2632,1089 2632,1085 2629,1085 2625,1082 2605,1082 2601,1079 2588,1079 2584,1075 2553,1075 2550,1072 2547,1075 2536,1075 2533,1072 2417,1072 2413,1075"/>
    </TextRegion>
    <TextRegion id="region_297b67bf-b84b-43e8-ab3b-465c289b780c_8" custom="structure {type:marginalia;}">
      <Coords points="2499,2400 2495,2404 2495,2411 2492,2414 2492,2434 2495,2438 2495,2445 2499,2448 2499,2458 2516,2476 2523,2469 2523,2462 2526,2458 2526,2434 2523,2431 2523,2424 2519,2421 2519,2417 2516,2414 2519,2411 2519,2404 2516,2400"/>
    </TextRegion>
    <TextRegion id="region_f59294fe-a931-459b-863a-8d9dd685c7ee_7" custom="structure {type:marginalia;}">
      <Coords points="1112,3691 1102,3691 1102,3695 1099,3698 1099,3708 1092,3715 1088,3715 1088,3719 1099,3719 1102,3715 1106,3715 1109,3712 1112,3712 1112,3708 1116,3705 1116,3698 1112,3695"/>
    </TextRegion>
    <TextRegion id="region_3a76c4a9-b45f-4851-bda0-61d0ea108cc2_6" custom="structure {type:marginalia;}">
      <Coords points="1088,3756 1085,3756 1082,3760 1085,3763 1088,3760"/>
    </TextRegion>
    <TextRegion id="region_63d57bd8-1665-42ad-bb47-4df316cc3882_2" custom="structure {type:paragraph;}">
      <Coords points="366,1017 342,1068 342,1154 359,1202 366,1397 356,1705 363,2140 353,2167 370,2804 363,3267 373,3294 428,3311 596,3294 630,3280 650,3229 685,3205 921,3178 1410,3188 1752,3167 2023,3167 2119,3178 2362,3164 2440,3147 2458,3119 2451,3054 2461,3010 2413,2979 2403,2952 2458,2917 2444,2886 2451,2811 2526,2750 2516,2695 2547,2660 2485,2589 2495,2510 2512,2479 2495,2458 2488,2414 2499,2397 2516,2397 2516,2366 2471,2342 1800,2332 1612,2298 1530,2232 1393,2219 1359,2126 1420,2075 1417,2020 1451,1976 1345,1883 1355,1842 1345,1828 1342,1736 1379,1691 1379,1647 1393,1613 1376,1472 1420,1435 1444,1428 1472,1442 1499,1616 1492,1698 1506,1825 1503,1935 1482,1979 1503,2000 1513,2075 1537,2113 1564,2126 1763,2137 2006,2116 2043,2102 2047,2041 2105,2013 2372,2003 2495,1976 2499,1965 2482,1948 2434,1924 2492,1900 2553,1897 2571,1880 2567,1870 2454,1839 2338,1832 2297,1811 2324,1794 2386,1787 2478,1798 2553,1774 2564,1760 2485,1722 2444,1739 2365,1739 2338,1712 2341,1678 2280,1637 2372,1606 2417,1609 2434,1626 2389,1654 2375,1678 2482,1715 2540,1678 2536,1633 2591,1565 2571,1527 2663,1476 2663,1455 2595,1397 2584,1329 2601,1298 2512,1287 2464,1250 2482,1209 2451,1161 2458,1127 2440,1123 2406,1075 2382,1075 2369,1113 2348,1120 2365,1127 2358,1137 2283,1147 2232,1133 2167,1072 2057,1044 1677,1061 1509,1055 1479,1075 1489,1130 1472,1164 1451,1185 1414,1188 1301,1137 1171,1130 1116,1106 1102,1079 1071,1058 900,1017 910,1007 880,990 798,996 739,979 667,976 626,979 585,1003 551,1003 524,976 496,969 448,1003"/>
      <TextLine id="line_61ed2311-d2be-4184-92df-8a89d2ebcab5">
        <Coords points="313,971 511,967 559,954 651,963 831,962 875,966 907,982 971,982 999,1007 1203,1010 1215,1019 1316,1028 1316,1092 1243,1092 1219,1111 1075,1091 1058,1107 659,1114 619,1127 587,1118 571,1102 487,1106 470,1098 415,1098 387,1111 313,1115"/>
        <Baseline points="344,1085 394,1086 444,1086 494,1085 544,1084 594,1083 644,1083 694,1083 744,1083 794,1083 844,1084 894,1084 944,1085 994,1085 1044,1085 1094,1084 1144,1086 1194,1085 1244,1081 1286,1077"/>
        <Word id="word_cc50a02b-7e61-47a0-a1a5-cc98c59ae9e6">
          <Coords points="345,1050 395,1051 444,1051 493,1050 543,1049 593,1048 644,1048 694,1048 744,1048 763,1048 763,1093 744,1093 694,1093 644,1093 594,1093 544,1094 494,1095 444,1096 394,1096 344,1095"/>
          <TextEquiv>
            <Unicode>Compareerden</Unicode>
          </TextEquiv>
        </Word>
        <Word id="word_d9846a67-3648-403a-9bc1-51d296299104">
          <Coords points="798,1048 845,1049 894,1049 938,1050 937,1095 894,1094 844,1094 798,1093"/>
          <TextEquiv>
            <Unicode>voor</Unicode>
          </TextEquiv>
        </Word>
        <Word id="word_fe242a0d-259f-429d-acb6-47db0f2f03e1">
          <Coords points="971,1051 993,1050 1044,1050 1093,1049 1145,1051 1193,1050 1241,1046 1283,1042 1287,1087 1245,1091 1194,1095 1144,1096 1094,1094 1044,1095 994,1095 973,1096"/>
          <TextEquiv>
            <Unicode>donderges</Unicode>
          </TextEquiv>
        </Word>
        <TextEquiv conf="0.8143451598341503">
          <Unicode>Compareerden voor donderges</Unicode>
        </TextEquiv>
        <TextStyle xHeight="41"/>
      </TextLine>
      <TextLine id="bed3160a-1592-4b99-9665-d8d98055af2d">
        <Coords points="1434,995 1532,994 1544,1006 1568,1007 1900,1010 1922,1026 2063,1031 2071,1023 2139,1007 2151,995 2187,990 2231,1014 2251,1014 2271,1034 2407,1035 2490,1025 2542,1030 2558,1046 2608,1043 2618,1034 2688,1053 2688,1115 2671,1115 2652,1134 2627,1110 2579,1111 2527,1131 2395,1130 2351,1154 2307,1154 2279,1130 2227,1122 2163,1122 2149,1129 2128,1118 2085,1134 2058,1107 2016,1107 1992,1115 1868,1110 1852,1123 1832,1115 1775,1166 1737,1142 1720,1142 1684,1110 1655,1110 1596,1160 1488,1153 1434,1194"/>
        <Baseline points="1465,1102 1515,1100 1565,1098 1615,1097 1665,1096 1715,1096 1765,1096 1815,1096 1865,1095 1915,1094 1965,1094 2015,1093 2065,1093 2115,1094 2165,1094 2215,1094 2265,1094 2315,1096 2365,1097 2415,1098 2465,1098 2515,1096 2565,1096 2615,1097 2658,1100"/>
        <Word id="word_e7634fc5-0f21-43ee-8bb0-aeb73d96fe4d">
          <Coords points="1464,1067 1514,1065 1564,1063 1614,1062 1664,1061 1715,1061 1765,1061 1815,1061 1864,1060 1914,1059 1965,1059 2014,1058 2065,1058 2105,1059 2104,1104 2065,1103 2015,1103 1965,1104 1915,1104 1865,1105 1815,1106 1765,1106 1715,1106 1665,1106 1615,1107 1565,1108 1515,1110 1465,1112"/>
          <TextEquiv>
            <Unicode>Interrogatorium</Unicode>
          </TextEquiv>
        </Word>
        <Word id="word_b162824e-d561-4512-9f95-585012ca2d83">
          <Coords points="2146,1060 2164,1059 2215,1059 2265,1059 2316,1061 2366,1062 2403,1063 2402,1108 2365,1107 2315,1106 2265,1104 2215,1104 2165,1104 2147,1105"/>
          <TextEquiv>
            <Unicode>gedaen</Unicode>
          </TextEquiv>
        </Word>
        <Word id="word_b088d552-e13f-4756-8363-fdbfe369c4d5">
          <Coords points="2444,1064 2464,1063 2514,1061 2565,1061 2616,1062 2660,1065 2657,1110 2615,1107 2565,1106 2515,1106 2465,1108 2445,1109"/>
          <TextEquiv>
            <Unicode>maken</Unicode>
          </TextEquiv>
        </Word>
        <TextEquiv conf="0.9515001455038241">
          <Unicode>Interrogatorium gedaen maken</Unicode>
        </TextEquiv>
        <TextStyle xHeight="44"/>
      </TextLine>
      <TextLine id="line_6b70b592-f073-4661-9cef-c845a3e636a4">
        <Coords points="322,1114 436,1119 465,1115 484,1103 571,1102 587,1118 619,1127 659,1114 763,1115 775,1103 843,1103 866,1095 1096,1092 1120,1102 1156,1138 1186,1114 1221,1111 1237,1098 1317,1100 1337,1118 1382,1122 1382,1186 1336,1180 1328,1188 1309,1188 1281,1212 1253,1212 1241,1203 1098,1208 1086,1199 854,1204 616,1184 523,1184 503,1204 491,1199 482,1208 472,1201 464,1208 322,1207"/>
        <Baseline points="353,1184 403,1182 453,1180 503,1171 553,1166 603,1167 653,1170 703,1172 753,1174 803,1174 853,1174 903,1172 953,1172 1003,1171 1053,1169 1103,1168 1153,1168 1203,1168 1253,1168 1303,1169 1352,1171"/>
        <Word id="word_d77d263d-663d-4e23-9ff0-13812dc272da">
          <Coords points="352,1149 387,1148 389,1193 353,1194"/>
          <TextEquiv>
            <Unicode>E</Unicode>
          </TextEquiv>
        </Word>
        <Word id="word_3f15b70b-aa31-493a-a98f-42eefb9ae32e">
          <Coords points="423,1146 452,1145 497,1137 550,1131 603,1132 602,1177 554,1176 505,1181 453,1190 425,1191"/>
          <TextEquiv>
            <Unicode>hren.</Unicode>
          </TextEquiv>
        </Word>
        <Word id="word_acd3c07c-7f5d-45f4-8bd4-46dfee144757">
          <Coords points="643,1133 658,1135 704,1137 754,1139 803,1139 853,1139 902,1137 953,1137 1002,1136 1052,1134 1102,1133 1153,1133 1173,1133 1173,1178 1153,1178 1103,1178 1053,1179 1003,1181 953,1182 903,1182 853,1184 803,1184 753,1184 703,1182 652,1180 636,1178"/>
          <TextEquiv>
            <Unicode>Gecommitteerden</Unicode>
          </TextEquiv>
        </Word>
        <Word id="word_912dfa26-12c0-4451-958f-c1be8593f227">
          <Coords points="1209,1133 1253,1133 1304,1134 1353,1136 1352,1181 1303,1179 1253,1178 1209,1178"/>
          <TextEquiv>
            <Unicode>uijt</Unicode>
          </TextEquiv>
        </Word>
        <TextEquiv conf="0.8373579387296106">
          <Unicode>E hren. Gecommitteerden uijt</Unicode>
        </TextEquiv>
        <TextStyle xHeight="38"/>
      </TextLine>
      <TextLine id="line_84763aea-6094-4497-9300-0e5bb2b59e0a">
        <Coords points="1450,1186 1488,1153 1596,1160 1660,1109 1684,1109 1720,1141 1736,1141 1752,1157 1776,1166 1832,1114 1852,1122 1868,1109 1995,1114 2016,1106 2059,1106 2087,1134 2121,1122 2133,1110 2150,1127 2193,1121 2280,1129 2308,1154 2352,1154 2408,1134 2520,1133 2544,1146 2575,1137 2612,1174 2669,1135 2669,1200 2648,1189 2632,1202 2612,1194 2564,1198 2529,1233 2492,1207 2472,1214 2400,1213 2236,1205 2200,1197 2171,1212 2150,1194 2128,1194 2114,1206 2056,1210 1892,1202 1828,1264 1768,1260 1747,1240 1728,1240 1708,1221 1696,1227 1450,1230"/>
        <Baseline points="1481,1197 1531,1196 1581,1195 1631,1195 1681,1195 1731,1195 1781,1192 1831,1192 1881,1192 1931,1191 1981,1188 2031,1186 2081,1183 2131,1180 2181,1176 2231,1177 2281,1181 2331,1184 2381,1185 2431,1184 2481,1184 2531,1183 2581,1184 2631,1186 2639,1185"/>
        <Word id="word_0efc898a-d154-4c7d-b907-34b5b3d4ff3c">
          <Coords points="1480,1162 1530,1161 1580,1160 1631,1160 1636,1160 1636,1205 1631,1205 1581,1205 1531,1206 1481,1207"/>
          <TextEquiv>
            <Unicode>ende</Unicode>
          </TextEquiv>
        </Word>
        <Word id="word_32f12529-1f6d-47b8-a503-2e4baba2810f">
          <Coords points="1674,1160 1681,1160 1731,1160 1779,1157 1831,1157 1867,1157 1867,1202 1831,1202 1782,1202 1731,1205 1681,1205 1674,1205"/>
          <TextEquiv>
            <Unicode>mynne</Unicode>
          </TextEquiv>
        </Word>
        <Word id="word_648d4737-ed93-41e1-926e-0e4d97167962">
          <Coords points="1904,1157 1930,1156 1979,1153 1982,1153 1983,1198 1982,1198 1931,1201 1906,1202"/>
          <TextEquiv>
            <Unicode>E.</Unicode>
          </TextEquiv>
        </Word>
        <Word id="word_c108177c-db1f-4733-a803-87d782c48e1a">
          <Coords points="2020,1151 2030,1151 2079,1148 2129,1145 2178,1141 2215,1142 2214,1187 2182,1186 2132,1190 2082,1193 2031,1196 2022,1196"/>
          <TextEquiv>
            <Unicode>hren.</Unicode>
          </TextEquiv>
        </Word>
        <Word id="word_b55e7cd5-e7c5-4c31-a517-cb5891515fb7">
          <Coords points="2257,1143 2285,1146 2333,1149 2369,1150 2368,1195 2330,1194 2280,1191 2252,1187"/>
          <TextEquiv>
            <Unicode>van</Unicode>
          </TextEquiv>
        </Word>
        <Word id="word_9d5a3655-ee1e-44ae-81f8-f32fa776812f">
          <Coords points="2405,1151 2429,1149 2481,1149 2530,1148 2582,1149 2632,1151 2635,1150 2640,1195 2631,1196 2581,1194 2531,1193 2481,1194 2432,1194 2408,1196"/>
          <TextEquiv>
            <Unicode>achtbe</Unicode>
          </TextEquiv>
        </Word>
        <TextEquiv conf="0.7848541739610109">
          <Unicode>ende mynne E. hren. van achtbe</Unicode>
        </TextEquiv>
        <TextStyle xHeight="28"/>
      </TextLine>
      <TextLine id="f2d24806-6da2-4561-ae9f-e8c1f2c1584d">
        <Coords points="310,1204 460,1209 472,1201 483,1208 528,1184 931,1184 947,1192 1055,1200 1235,1200 1259,1217 1398,1213 1404,1207 1404,1270 1123,1273 1099,1277 1083,1293 1063,1297 636,1300 583,1344 528,1312 364,1316 356,1308 310,1304"/>
        <Baseline points="341,1281 391,1284 441,1283 491,1280 541,1278 591,1278 641,1278 691,1278 741,1277 791,1274 841,1273 891,1272 941,1271 991,1270 1041,1268 1091,1265 1141,1264 1191,1263 1241,1263 1291,1262 1341,1260 1374,1255"/>
        <Word id="word_56c7d497-be94-4a0e-9bc9-1d27d18729fe">
          <Coords points="343,1246 393,1249 440,1248 450,1247 452,1292 441,1293 390,1294 340,1291"/>
          <TextEquiv>
            <Unicode>den</Unicode>
          </TextEquiv>
        </Word>
        <Word id="word_6d045253-8c8f-40c2-a5c0-324874d2132b">
          <Coords points="486,1245 489,1245 540,1243 591,1243 641,1243 691,1243 709,1243 710,1288 691,1288 641,1288 591,1288 541,1288 492,1290 489,1290"/>
          <TextEquiv>
            <Unicode>Achtbn</Unicode>
          </TextEquiv>
        </Word>
        <Word id="word_9604f775-1129-46c6-909b-5f090b3d7a1c">
          <Coords points="745,1242 789,1239 840,1238 890,1237 894,1237 895,1282 891,1282 841,1283 792,1284 748,1287"/>
          <TextEquiv>
            <Unicode>Raat</Unicode>
          </TextEquiv>
        </Word>
        <Word id="word_1cbb1483-a9d9-4d4c-bab7-b4bf5da86801">
          <Coords points="931,1236 940,1236 990,1235 1040,1233 1040,1233 1043,1278 1041,1278 991,1280 941,1281 932,1281"/>
          <TextEquiv>
            <Unicode>van</Unicode>
          </TextEquiv>
        </Word>
        <Word id="word_f60000ee-e099-493b-a7b1-d51c30b703a4">
          <Coords points="1077,1231 1089,1230 1140,1229 1190,1228 1241,1228 1290,1227 1340,1225 1369,1220 1375,1265 1341,1270 1291,1272 1241,1273 1191,1273 1141,1274 1092,1275 1080,1276"/>
          <TextEquiv>
            <Unicode>Justitie</Unicode>
          </TextEquiv>
        </Word>
        <TextEquiv conf="0.8377919853275336">
          <Unicode>den Achtbn Raat van Justitie</Unicode>
        </TextEquiv>
        <TextStyle xHeight="34"/>
      </TextLine>
      <TextLine id="fa787c39-f5d6-40bc-b580-98e225b85675">
        <Coords points="1444,1230 1574,1229 1626,1246 1638,1234 1696,1230 1711,1222 1726,1237 1773,1237 1798,1261 1830,1262 1866,1226 1903,1226 1946,1206 2121,1211 2145,1196 2172,1213 2185,1203 2197,1211 2221,1211 2281,1199 2482,1198 2524,1230 2557,1199 2615,1195 2657,1233 2670,1233 2670,1296 2389,1298 2361,1322 2169,1326 2125,1325 2118,1318 1922,1318 1898,1305 1862,1314 1444,1322"/>
        <Baseline points="1475,1308 1525,1307 1575,1301 1625,1298 1675,1296 1725,1292 1775,1291 1825,1291 1875,1289 1925,1286 1975,1287 2025,1286 2075,1285 2125,1284 2175,1284 2225,1282 2275,1282 2325,1283 2375,1283 2425,1282 2475,1283 2525,1282 2575,1282 2625,1283 2640,1281"/>
        <Word id="word_42baf8ca-ec10-46c4-b9ff-5f61086dcb43">
          <Coords points="1474,1273 1524,1272 1571,1266 1623,1263 1629,1263 1630,1308 1626,1308 1576,1311 1525,1317 1475,1318"/>
          <TextEquiv>
            <Unicode>Rade</Unicode>
          </TextEquiv>
        </Word>
        <Word id="word_c3d9e111-0b60-46a0-92ec-5ae2618f4559">
          <Coords points="1667,1261 1674,1261 1722,1257 1774,1256 1785,1256 1785,1301 1775,1301 1726,1302 1675,1306 1669,1306"/>
          <TextEquiv>
            <Unicode>van</Unicode>
          </TextEquiv>
        </Word>
        <Word id="word_0a47bd39-5f15-47a8-a247-67e51309017e">
          <Coords points="1824,1256 1825,1256 1874,1254 1923,1251 1976,1252 2024,1251 2074,1250 2124,1249 2135,1249 2135,1294 2125,1294 2075,1295 2025,1296 1975,1297 1926,1296 1875,1299 1825,1301 1824,1301"/>
          <TextEquiv>
            <Unicode>Justitie</Unicode>
          </TextEquiv>
        </Word>
        <Word id="word_f3becc4a-0c1e-4d0f-bcf9-441d7afc2c7d">
          <Coords points="2174,1249 2175,1249 2224,1247 2275,1247 2291,1247 2290,1292 2275,1292 2225,1292 2175,1294 2174,1294"/>
          <TextEquiv>
            <Unicode>des</Unicode>
          </TextEquiv>
        </Word>
        <Word id="word_6bf95529-454a-44cf-a05f-1008091ff868">
          <Coords points="2329,1248 2375,1248 2424,1247 2476,1248 2524,1247 2575,1247 2626,1248 2635,1246 2641,1291 2625,1293 2575,1292 2525,1292 2475,1293 2425,1292 2375,1293 2329,1293"/>
          <TextEquiv>
            <Unicode>Casteels</Unicode>
          </TextEquiv>
        </Word>
        <TextEquiv conf="0.9186452052713985">
          <Unicode>Rade van Justitie des Casteels</Unicode>
        </TextEquiv>
        <TextStyle xHeight="39"/>
      </TextLine>
      <TextLine id="line_5bff8914-e3f2-4967-a310-ba3c659e5961">
        <Coords points="312,1291 526,1310 575,1345 638,1295 1062,1295 1398,1286 1410,1297 1439,1297 1434,1367 1318,1359 986,1360 970,1368 894,1372 658,1372 634,1384 578,1388 312,1388"/>
        <Baseline points="343,1376 393,1374 443,1372 493,1371 543,1368 593,1366 643,1366 693,1364 743,1362 793,1360 843,1359 893,1357 943,1356 993,1353 1043,1351 1093,1349 1143,1347 1193,1347 1243,1347 1293,1345 1343,1343 1393,1342 1409,1346"/>
        <Word id="word_c276dcf5-dcdc-4df0-bec9-dc5cec8c96bb">
          <Coords points="342,1341 392,1339 442,1337 465,1337 466,1382 443,1382 393,1384 343,1386"/>
          <TextEquiv>
            <Unicode>des</Unicode>
          </TextEquiv>
        </Word>
        <Word id="word_20eb04b1-72f2-48d1-be60-1bfce2d5b4ca">
          <Coords points="504,1336 540,1333 592,1331 643,1331 692,1329 742,1327 792,1325 834,1324 835,1369 793,1370 743,1372 693,1374 643,1376 593,1376 544,1378 508,1381"/>
          <TextEquiv>
            <Unicode>Casteels</Unicode>
          </TextEquiv>
        </Word>
        <Word id="word_8e50ebbc-81d1-4927-8080-26b4b2e8814b">
          <Coords points="873,1323 890,1322 942,1321 991,1318 1042,1316 1092,1314 1142,1312 1163,1312 1163,1357 1143,1357 1093,1359 1043,1361 994,1363 943,1366 894,1367 877,1368"/>
          <TextEquiv>
            <Unicode>Batavia</Unicode>
          </TextEquiv>
        </Word>
        <Word id="word_66e8412c-0730-4e33-b678-1bd937f6d378">
          <Coords points="1204,1312 1243,1312 1292,1310 1342,1308 1392,1307 1417,1312 1407,1356 1393,1352 1343,1353 1293,1355 1243,1357 1204,1357"/>
          <TextEquiv>
            <Unicode>Claes</Unicode>
          </TextEquiv>
        </Word>
        <TextEquiv conf="0.9640632541392397">
          <Unicode>des Casteels Batavia Claes</Unicode>
        </TextEquiv>
        <TextStyle xHeight="31"/>
      </TextLine>
      <TextLine id="line_536b3653-19f8-4a70-8b8e-badb07ccaad5">
        <Coords points="304,1386 550,1381 578,1390 586,1382 634,1382 646,1374 894,1374 970,1370 978,1362 1182,1362 1190,1354 1334,1350 1414,1354 1450,1321 1889,1325 1901,1313 2118,1318 2125,1325 2169,1326 2357,1321 2365,1329 2417,1337 2618,1343 2618,1407 2573,1407 2549,1422 2461,1421 2442,1402 2353,1402 2333,1410 2241,1406 2209,1410 2201,1418 2077,1418 2037,1450 2024,1450 1990,1430 1975,1444 1968,1437 1933,1437 1917,1421 1717,1426 1709,1434 1613,1430 1585,1446 1418,1438 1366,1470 1262,1478 1238,1477 1226,1465 1210,1473 1184,1453 1122,1453 1080,1489 1054,1465 918,1461 884,1489 798,1493 779,1512 766,1509 742,1528 721,1512 694,1516 666,1489 650,1489 642,1497 542,1497 468,1509 442,1484 304,1484"/>
        <Baseline points="335,1473 385,1470 435,1465 485,1462 535,1460 585,1459 635,1455 685,1453 735,1451 785,1447 835,1446 885,1446 935,1444 985,1442 1035,1441 1085,1440 1135,1439 1185,1438 1235,1437 1285,1436 1335,1434 1385,1432 1435,1424 1485,1412 1535,1409 1585,1405 1635,1402 1685,1401 1735,1400 1785,1399 1835,1400 1885,1399 1935,1399 1985,1398 2035,1397 2085,1396 2135,1395 2185,1396 2235,1395 2285,1394 2335,1394 2385,1394 2435,1393 2485,1392 2535,1393 2585,1394 2588,1392"/>
        <Word id="word_84cffcd6-6af9-44e3-8369-76d9772bd96e">
          <Coords points="333,1438 383,1435 432,1430 483,1427 510,1426 511,1471 486,1472 436,1475 386,1480 336,1483"/>
          <TextEquiv>
            <Unicode>Boten</Unicode>
          </TextEquiv>
        </Word>
        <Word id="word_5b01ea7b-31e7-426a-ae5b-a5226c340fc0">
          <Coords points="546,1425 585,1424 632,1420 684,1418 734,1416 782,1412 827,1411 828,1456 786,1457 735,1461 685,1463 636,1465 585,1469 546,1470"/>
          <TextEquiv>
            <Unicode>Schipper</Unicode>
          </TextEquiv>
        </Word>
        <Word id="word_6bb3ffef-d57d-49a9-9dae-8ea9a0297d7e">
          <Coords points="864,1410 886,1411 934,1409 984,1407 1034,1406 1084,1405 1134,1404 1144,1404 1145,1449 1135,1449 1085,1450 1035,1451 985,1452 935,1454 885,1456 863,1455"/>
          <TextEquiv>
            <Unicode>Molchior</Unicode>
          </TextEquiv>
        </Word>
        <Word id="word_a3063f8d-4e73-4a6f-a927-9e755de55e81">
          <Coords points="1180,1403 1184,1403 1234,1402 1284,1401 1334,1399 1384,1397 1429,1389 1453,1384 1463,1427 1437,1434 1385,1442 1335,1444 1285,1446 1235,1447 1185,1448 1181,1448"/>
          <TextEquiv>
            <Unicode>harmensz</Unicode>
          </TextEquiv>
        </Word>
        <Word id="word_816b7705-1be7-49ec-bd02-f9349e8469ba">
          <Coords points="1495,1374 1535,1374 1582,1370 1633,1367 1684,1366 1734,1365 1741,1365 1742,1410 1735,1410 1685,1411 1636,1412 1586,1415 1535,1419 1496,1419"/>
          <TextEquiv>
            <Unicode>Batavie</Unicode>
          </TextEquiv>
        </Word>
        <Word id="word_3ffe5360-598c-4ff3-b717-fbf790812c58">
          <Coords points="1777,1364 1784,1364 1836,1365 1884,1364 1935,1364 1984,1363 2034,1362 2084,1361 2134,1360 2166,1361 2165,1406 2135,1405 2085,1406 2035,1407 1985,1408 1935,1409 1885,1409 1835,1410 1785,1409 1778,1409"/>
          <TextEquiv>
            <Unicode>overgegeven</Unicode>
          </TextEquiv>
        </Word>
        <Word id="word_30b5905d-5dfd-4e25-b15a-f67ef1c2f518">
          <Coords points="2199,1361 2234,1360 2270,1359 2271,1404 2235,1405 2201,1406"/>
          <TextEquiv>
            <Unicode>by</Unicode>
          </TextEquiv>
        </Word>
        <Word id="word_14abf27b-5ea3-4f7e-a4e7-24ba8aeb3ec8">
          <Coords points="2307,1359 2336,1359 2385,1359 2434,1358 2447,1358 2448,1403 2435,1403 2385,1404 2335,1404 2306,1404"/>
          <TextEquiv>
            <Unicode>ende</Unicode>
          </TextEquiv>
        </Word>
        <Word id="word_d64ede5f-a600-4dcb-b1cf-aa2bfcdafa18">
          <Coords points="2482,1357 2484,1357 2536,1358 2568,1363 2586,1359 2593,1400 2585,1404 2535,1403 2485,1402 2483,1402"/>
          <TextEquiv>
            <Unicode>van</Unicode>
          </TextEquiv>
        </Word>
        <TextEquiv conf="0.8852586144801805">
          <Unicode>Boten Schipper Molchior harmensz Batavie overgegeven by ende van</Unicode>
        </TextEquiv>
        <TextStyle xHeight="37"/>
      </TextLine>
      <TextLine id="line_75a1524f-56e8-4fcb-b0c5-54e13449dfaf">
        <Coords points="1464,1426 1486,1418 1546,1415 1594,1422 1899,1411 1938,1441 1964,1441 1971,1448 1991,1430 2023,1450 2038,1450 2078,1415 2162,1411 2189,1403 2277,1403 2289,1411 2329,1411 2337,1403 2442,1403 2461,1418 2558,1418 2605,1387 2681,1382 2734,1431 2734,1495 2727,1502 2525,1494 2499,1514 2481,1499 2453,1499 2443,1491 2201,1495 2169,1526 2070,1534 2054,1549 2015,1557 1978,1540 1946,1509 1926,1510 1878,1553 1633,1558 1580,1506 1464,1506"/>
        <Baseline points="1495,1498 1545,1498 1595,1499 1645,1500 1695,1499 1745,1498 1795,1496 1845,1492 1895,1485 1945,1486 1995,1486 2045,1488 2095,1482 2145,1481 2195,1483 2245,1484 2295,1485 2345,1483 2395,1483 2445,1483 2495,1482 2545,1479 2595,1477 2645,1477 2695,1479 2704,1479"/>
        <Word id="word_320d72e1-b13f-4544-85d8-a58a610cf950">
          <Coords points="1495,1463 1545,1463 1596,1464 1646,1465 1694,1464 1703,1464 1704,1509 1695,1509 1645,1510 1595,1509 1545,1508 1495,1508"/>
          <TextEquiv>
            <Unicode>wiyen</Unicode>
          </TextEquiv>
        </Word>
        <Word id="word_808a2480-0788-4e9a-b895-8da295649580">
          <Coords points="1744,1463 1794,1461 1842,1457 1890,1450 1912,1450 1911,1495 1896,1495 1846,1502 1795,1506 1746,1508"/>
          <TextEquiv>
            <Unicode>Dhr.</Unicode>
          </TextEquiv>
        </Word>
        <Word id="word_543ec74c-99ef-4bfc-af46-5c9c583eb63f">
          <Coords points="1953,1451 1995,1451 2046,1453 2074,1449 2080,1494 2045,1498 1995,1496 1953,1496"/>
          <TextEquiv>
            <Unicode>mr.</Unicode>
          </TextEquiv>
        </Word>
        <Word id="word_45a0f083-c04a-435e-bebd-5a4c06fb4d3d">
          <Coords points="2122,1444 2148,1446 2196,1448 2246,1449 2296,1450 2344,1448 2370,1448 2370,1493 2345,1493 2295,1495 2245,1494 2195,1493 2144,1491 2119,1489"/>
          <TextEquiv>
            <Unicode>Gerard</Unicode>
          </TextEquiv>
        </Word>
        <Word id="word_4f0547ac-e3e9-4152-a973-c14f488a4bf2">
          <Coords points="2412,1448 2445,1448 2494,1447 2543,1444 2594,1442 2645,1442 2696,1444 2704,1444 2704,1489 2695,1489 2645,1487 2595,1487 2546,1489 2495,1492 2445,1493 2412,1493"/>
          <TextEquiv>
            <Unicode>harbers</Unicode>
          </TextEquiv>
        </Word>
        <TextEquiv conf="0.724397770782441">
          <Unicode>wiyen Dhr. mr. Gerard harbers</Unicode>
        </TextEquiv>
        <TextStyle xHeight="36"/>
      </TextLine>
      <TextLine id="line_4beafedb-1e92-4857-81cf-2779f7c1527e">
        <Coords points="310,1491 444,1486 468,1507 607,1502 623,1514 669,1518 680,1529 699,1511 730,1511 766,1478 791,1491 882,1491 915,1459 1055,1465 1081,1490 1127,1451 1184,1450 1219,1478 1378,1483 1386,1476 1411,1476 1411,1540 1406,1534 1290,1535 1270,1539 1230,1575 1142,1575 1087,1542 1031,1589 887,1585 880,1578 859,1578 847,1566 778,1571 762,1562 623,1567 611,1575 564,1574 540,1562 376,1559 368,1567 310,1567"/>
        <Baseline points="341,1554 391,1551 441,1547 491,1544 541,1543 591,1541 641,1540 691,1538 741,1535 791,1531 841,1528 891,1527 941,1527 991,1525 1041,1525 1091,1525 1141,1524 1191,1525 1241,1525 1291,1523 1341,1521 1381,1525"/>
        <Word id="word_bd34f5af-7707-4d95-89a8-7623e2af77e8">
          <Coords points="339,1519 389,1516 438,1512 489,1509 540,1508 590,1506 640,1505 690,1503 739,1500 754,1499 758,1544 742,1545 691,1548 641,1550 591,1551 541,1553 492,1554 442,1557 392,1561 342,1564"/>
          <TextEquiv>
            <Unicode>Ondercoopman</Unicode>
          </TextEquiv>
        </Word>
        <Word id="word_ed52eb18-3cb8-4f52-9e38-f332cb6233bf">
          <Coords points="789,1496 839,1493 890,1492 941,1492 990,1490 1041,1490 1091,1490 1140,1489 1192,1490 1208,1490 1208,1535 1191,1535 1141,1534 1091,1535 1041,1535 991,1535 941,1537 891,1537 842,1538 792,1541"/>
          <TextEquiv>
            <Unicode>Jacobclaessz</Unicode>
          </TextEquiv>
        </Word>
        <Word id="word_0fdff091-4435-40a3-98a1-1827bbf5aa7d">
          <Coords points="1241,1490 1290,1488 1340,1486 1384,1490 1380,1535 1341,1531 1291,1533 1243,1535"/>
          <TextEquiv>
            <Unicode>Jack</Unicode>
          </TextEquiv>
        </Word>
        <TextEquiv conf="0.8484947498468487">
          <Unicode>Ondercoopman Jacobclaessz Jack</Unicode>
        </TextEquiv>
        <TextStyle xHeight="32"/>
      </TextLine>
      <TextLine id="line_9683a20e-1216-4e89-badb-7b32f6d4ebe5">
        <Coords points="1459,1508 1584,1508 1632,1556 1877,1552 1929,1507 1941,1507 1969,1532 1981,1523 1993,1531 2068,1535 2088,1515 2164,1528 2188,1507 2340,1507 2352,1515 2416,1524 2440,1524 2468,1509 2496,1516 2509,1508 2536,1535 2597,1533 2597,1597 2536,1597 2500,1624 2188,1628 1953,1619 1892,1675 1865,1662 1833,1662 1797,1631 1709,1619 1701,1611 1577,1624 1459,1624"/>
        <Baseline points="1490,1598 1540,1599 1590,1598 1640,1596 1690,1596 1740,1596 1790,1596 1840,1595 1890,1594 1940,1591 1990,1592 2040,1592 2090,1592 2140,1590 2190,1589 2240,1588 2290,1589 2340,1588 2390,1588 2440,1587 2490,1586 2540,1584 2567,1582"/>
        <Word id="word_3b0c8588-1b2a-4dae-9cc7-9bcdca182c0f">
          <Coords points="1491,1563 1541,1564 1589,1563 1639,1561 1690,1561 1740,1561 1790,1561 1821,1560 1822,1605 1790,1606 1740,1606 1690,1606 1640,1606 1590,1608 1540,1609 1490,1608"/>
          <TextEquiv>
            <Unicode>advocant</Unicode>
          </TextEquiv>
        </Word>
        <Word id="word_85114070-6b56-44b4-b59d-ead32c2407fd">
          <Coords points="1862,1560 1889,1559 1938,1556 1991,1557 2040,1557 2090,1557 2139,1555 2152,1555 2153,1600 2140,1600 2090,1602 2040,1602 1990,1602 1941,1601 1890,1604 1863,1605"/>
          <TextEquiv>
            <Unicode>fiscaal</Unicode>
          </TextEquiv>
        </Word>
        <Word id="word_bf6d0ad9-8e59-4409-8453-7c1d86e8841e">
          <Coords points="2194,1554 2239,1553 2291,1554 2318,1553 2319,1598 2290,1599 2240,1598 2194,1599"/>
          <TextEquiv>
            <Unicode>van</Unicode>
          </TextEquiv>
        </Word>
        <Word id="word_d5e29eed-2250-49ab-8d35-2bc97ccaea4c">
          <Coords points="2360,1553 2390,1553 2439,1552 2489,1551 2539,1549 2564,1547 2568,1592 2540,1594 2490,1596 2440,1597 2390,1598 2360,1598"/>
          <TextEquiv>
            <Unicode>Indie</Unicode>
          </TextEquiv>
        </Word>
        <TextEquiv conf="0.9324762137085266">
          <Unicode>advocant fiscaal van Indie</Unicode>
        </TextEquiv>
        <TextStyle xHeight="34"/>
      </TextLine>
      <TextLine id="line_58e60ff8-901f-4103-a743-a96e427b87fc">
        <Coords points="323,1568 421,1564 429,1572 569,1572 585,1588 665,1595 673,1603 758,1607 777,1604 821,1564 846,1565 861,1580 1027,1596 1086,1541 1149,1581 1229,1577 1249,1561 1430,1562 1430,1627 877,1638 832,1682 805,1682 793,1690 710,1689 692,1698 682,1689 629,1689 597,1665 533,1657 493,1658 469,1670 437,1657 399,1669 388,1661 323,1657"/>
        <Baseline points="354,1642 404,1641 454,1639 504,1638 554,1636 604,1635 654,1633 704,1630 754,1629 804,1629 854,1628 904,1626 954,1624 1004,1625 1054,1624 1104,1622 1154,1621 1204,1619 1254,1618 1304,1617 1354,1617 1400,1612"/>
        <Word id="word_efcdb633-70f9-4f1e-b283-0c0f05838a27">
          <Coords points="353,1607 403,1606 453,1604 503,1603 553,1601 603,1600 653,1598 702,1595 753,1594 793,1594 793,1639 754,1639 705,1640 654,1643 604,1645 554,1646 504,1648 454,1649 404,1651 354,1652"/>
          <TextEquiv>
            <Unicode>opperstierman</Unicode>
          </TextEquiv>
        </Word>
        <Word id="word_812d34d9-8af3-4ee5-845a-ae689c77b473">
          <Coords points="825,1594 853,1593 903,1591 953,1589 1005,1590 1028,1590 1029,1634 1004,1635 954,1634 904,1636 854,1638 827,1639"/>
          <TextEquiv>
            <Unicode>Pieter</Unicode>
          </TextEquiv>
        </Word>
        <Word id="word_15528396-3cb2-452c-8730-6049e1a32789">
          <Coords points="1061,1589 1102,1587 1153,1586 1203,1584 1253,1583 1303,1582 1354,1582 1396,1577 1401,1622 1354,1627 1304,1627 1254,1628 1204,1629 1154,1631 1104,1632 1063,1634"/>
          <TextEquiv>
            <Unicode>diedeloffs</Unicode>
          </TextEquiv>
        </Word>
        <TextEquiv conf="0.8953322700681805">
          <Unicode>opperstierman Pieter diedeloffs</Unicode>
        </TextEquiv>
        <TextStyle xHeight="29"/>
      </TextLine>
      <TextLine id="cc69af78-fa68-4d01-a6c9-910567aad8a6">
        <Coords points="1447,1625 1645,1629 1769,1620 1777,1628 1793,1628 1825,1660 1873,1664 1883,1672 1909,1668 1961,1620 2589,1631 2589,1695 2316,1694 2268,1714 2260,1707 2076,1709 2056,1726 1877,1726 1845,1758 1809,1757 1773,1721 1764,1725 1742,1706 1709,1714 1699,1706 1447,1714"/>
        <Baseline points="1478,1706 1528,1706 1578,1703 1628,1702 1678,1699 1728,1697 1778,1696 1828,1696 1878,1695 1928,1694 1978,1693 2028,1691 2078,1693 2128,1693 2178,1692 2228,1689 2278,1688 2328,1687 2378,1686 2428,1686 2478,1686 2528,1684 2559,1680"/>
        <Word id="word_c33088b2-7e63-4a58-a6b3-bf3569160276">
          <Coords points="1478,1671 1528,1671 1576,1668 1627,1667 1636,1666 1639,1711 1628,1712 1579,1713 1528,1716 1478,1716"/>
          <TextEquiv>
            <Unicode>nol.</Unicode>
          </TextEquiv>
        </Word>
        <Word id="word_0d7daf9e-3a38-4693-8d18-f9473958ee7c">
          <Coords points="1677,1664 1727,1662 1777,1661 1828,1661 1877,1660 1918,1659 1919,1704 1878,1705 1828,1706 1778,1706 1728,1707 1679,1709"/>
          <TextEquiv>
            <Unicode>ofsicy</Unicode>
          </TextEquiv>
        </Word>
        <Word id="word_dc98d567-5462-4be8-8418-1dd38b500de0">
          <Coords points="1958,1658 1977,1658 2027,1656 2079,1658 2128,1658 2158,1657 2159,1702 2128,1703 2078,1703 2028,1701 1978,1703 1959,1703"/>
          <TextEquiv>
            <Unicode>Eyssr</Unicode>
          </TextEquiv>
        </Word>
        <Word id="word_82ad9d1a-1141-4014-994f-97aaf75984f6">
          <Coords points="2196,1657 2225,1654 2277,1653 2318,1652 2319,1697 2278,1698 2229,1699 2200,1702"/>
          <TextEquiv>
            <Unicode>ter</Unicode>
          </TextEquiv>
        </Word>
        <Word id="word_6161eb98-10da-4079-95a5-88229a918820">
          <Coords points="2358,1651 2377,1651 2428,1651 2478,1651 2527,1649 2554,1645 2560,1690 2528,1694 2478,1696 2428,1696 2378,1696 2359,1696"/>
          <TextEquiv>
            <Unicode>eenre</Unicode>
          </TextEquiv>
        </Word>
        <TextEquiv conf="0.7898595873781681">
          <Unicode>nol. ofsicy Eyssr ter eenre</Unicode>
        </TextEquiv>
        <TextStyle xHeight="34"/>
      </TextLine>
      <TextLine id="line_5f02ff51-e958-4c6d-9bb8-80fc2288f6cb">
        <Coords points="328,1657 387,1661 395,1669 419,1669 438,1657 458,1670 494,1658 533,1657 597,1665 621,1681 794,1689 833,1681 877,1641 972,1650 1432,1655 1432,1719 1335,1714 1295,1730 1080,1741 849,1741 823,1765 541,1765 529,1756 328,1756"/>
        <Baseline points="359,1735 409,1736 459,1733 509,1729 559,1728 609,1725 659,1723 709,1721 759,1721 809,1718 859,1716 909,1714 959,1714 1009,1714 1059,1714 1109,1712 1159,1710 1209,1709 1259,1708 1309,1707 1359,1706 1402,1704"/>
        <Word id="word_13e01c9d-aa31-4417-8cc0-3e0a05e0753b">
          <Coords points="360,1700 410,1701 457,1698 506,1694 558,1693 607,1690 658,1688 708,1686 759,1686 807,1683 809,1683 811,1728 810,1728 759,1731 709,1731 659,1733 610,1735 559,1738 510,1739 460,1743 409,1746 359,1745"/>
          <TextEquiv>
            <Unicode>onderstierman</Unicode>
          </TextEquiv>
        </Word>
        <Word id="word_9c7d24f9-887c-423a-beb4-911dec72d44d">
          <Coords points="844,1682 858,1681 908,1679 959,1679 1009,1679 1054,1679 1054,1724 1009,1724 959,1724 909,1724 859,1726 846,1727"/>
          <TextEquiv>
            <Unicode>marten</Unicode>
          </TextEquiv>
        </Word>
        <Word id="word_44f334c9-d0b5-47fa-bc44-198f48a34ed3">
          <Coords points="1086,1679 1106,1677 1158,1675 1208,1674 1258,1673 1308,1672 1358,1671 1400,1669 1402,1714 1359,1716 1309,1717 1259,1718 1209,1719 1159,1720 1110,1722 1090,1724"/>
          <TextEquiv>
            <Unicode>corneliss</Unicode>
          </TextEquiv>
        </Word>
        <TextEquiv conf="0.800914768705341">
          <Unicode>onderstierman marten corneliss</Unicode>
        </TextEquiv>
        <TextStyle xHeight="32"/>
      </TextLine>
      <TextLine id="line_4e7aed50-1570-4842-a1f9-b386f8400b1b">
        <Coords points="1457,1729 1539,1729 1579,1766 1667,1764 1696,1781 1727,1764 1734,1770 1769,1769 1792,1789 1878,1726 2054,1726 2078,1703 2478,1695 2525,1698 2565,1728 2658,1728 2658,1792 2637,1782 2605,1795 2533,1795 2495,1829 2473,1807 2453,1802 2441,1814 2389,1834 2006,1834 1971,1806 1758,1806 1735,1818 1695,1818 1687,1826 1655,1830 1457,1830"/>
        <Baseline points="1488,1812 1538,1807 1588,1803 1638,1801 1688,1799 1738,1796 1788,1796 1838,1795 1888,1794 1938,1793 1988,1793 2038,1792 2088,1790 2138,1788 2188,1787 2238,1785 2288,1783 2338,1781 2388,1780 2438,1778 2488,1780 2538,1779 2588,1778 2628,1777"/>
        <Word id="word_b91c5f24-b4a3-4878-bd51-8550a81f0bd2">
          <Coords points="1485,1777 1535,1772 1585,1768 1633,1766 1635,1811 1589,1813 1539,1817 1489,1822"/>
          <TextEquiv>
            <Unicode>Omme</Unicode>
          </TextEquiv>
        </Word>
        <Word id="word_9d868dae-da46-4885-88e8-49eb7b4581b5">
          <Coords points="1670,1765 1687,1764 1736,1761 1788,1761 1818,1760 1819,1805 1788,1806 1739,1806 1688,1809 1672,1810"/>
          <TextEquiv>
            <Unicode>daer</Unicode>
          </TextEquiv>
        </Word>
        <Word id="word_bdd3c4d6-d309-4149-a629-d77992fb034f">
          <Coords points="1855,1760 1887,1759 1928,1758 1929,1803 1888,1804 1856,1805"/>
          <TextEquiv>
            <Unicode>op</Unicode>
          </TextEquiv>
        </Word>
        <Word id="word_d2de5072-2cd3-470f-8933-6dfde65b5490">
          <Coords points="1967,1757 1989,1758 2037,1757 2087,1755 2137,1753 2149,1753 2150,1798 2138,1798 2088,1800 2038,1802 1988,1803 1966,1802"/>
          <TextEquiv>
            <Unicode>onder</Unicode>
          </TextEquiv>
        </Word>
        <Word id="word_de71ae71-7bc1-4ac9-9013-df5602ee2bd3">
          <Coords points="2186,1752 2187,1752 2237,1750 2287,1748 2332,1746 2334,1791 2288,1793 2238,1795 2188,1797 2187,1797"/>
          <TextEquiv>
            <Unicode>Eede</Unicode>
          </TextEquiv>
        </Word>
        <Word id="word_2a1d41ba-8540-42fb-b3dc-44f74a207a75">
          <Coords points="2371,1745 2389,1745 2437,1743 2489,1745 2537,1744 2587,1743 2627,1742 2628,1787 2588,1788 2538,1789 2488,1790 2438,1788 2388,1790 2370,1790"/>
          <TextEquiv>
            <Unicode>gehoort</Unicode>
          </TextEquiv>
        </Word>
        <TextEquiv conf="0.9167141292338842">
          <Unicode>Omme daer op onder Eede gehoort</Unicode>
        </TextEquiv>
        <TextStyle xHeight="36"/>
      </TextLine>
      <TextLine id="line_98d094a7-0188-4563-acd5-3cbd55819a7e">
        <Coords points="328,1753 530,1757 542,1769 722,1770 824,1766 862,1731 986,1730 1330,1734 1350,1752 1367,1752 1366,1818 1282,1811 1214,1846 1130,1837 1081,1881 1072,1881 1053,1862 1022,1853 970,1857 942,1845 862,1845 842,1833 766,1834 753,1846 698,1846 666,1873 594,1868 550,1877 442,1877 407,1846 386,1854 370,1842 328,1842"/>
        <Baseline points="359,1828 409,1825 459,1824 509,1824 559,1822 609,1819 659,1818 709,1817 759,1816 809,1814 859,1812 909,1811 959,1810 1009,1809 1059,1808 1109,1808 1159,1806 1209,1806 1259,1804 1309,1803 1337,1801"/>
        <Word id="word_1a4cbf95-b18d-41f7-b819-e50436c3ad21">
          <Coords points="357,1793 407,1790 458,1789 509,1789 558,1787 607,1784 658,1783 708,1782 758,1781 808,1779 858,1777 867,1777 868,1822 859,1822 809,1824 759,1826 709,1827 659,1828 610,1829 559,1832 509,1834 459,1834 410,1835 360,1838"/>
          <TextEquiv>
            <Unicode>hoochbootsman</Unicode>
          </TextEquiv>
        </Word>
        <Word id="word_30e13f21-0c7a-47c7-b781-3c2ef0890c95">
          <Coords points="906,1776 908,1776 958,1775 1008,1774 1058,1773 1102,1773 1102,1818 1059,1818 1009,1819 959,1820 909,1821 907,1821"/>
          <TextEquiv>
            <Unicode>Claes</Unicode>
          </TextEquiv>
        </Word>
        <Word id="word_28edd34b-3d9f-4ca4-87f7-1bb6b867e6dd">
          <Coords points="1137,1773 1155,1771 1209,1771 1258,1769 1308,1768 1334,1766 1338,1811 1309,1813 1259,1814 1209,1816 1160,1816 1143,1818"/>
          <TextEquiv>
            <Unicode>Janss</Unicode>
          </TextEquiv>
        </Word>
        <TextEquiv conf="0.9365960339878742">
          <Unicode>hoochbootsman Claes Janss</Unicode>
        </TextEquiv>
        <TextStyle xHeight="36"/>
      </TextLine>
      <TextLine id="line_0a596aa8-39f0-4cf1-8d66-36f86267a84e">
        <Coords points="1463,1831 1493,1831 1505,1819 1525,1818 1629,1823 1645,1812 1730,1804 1773,1811 1969,1807 2009,1835 2388,1835 2464,1800 2492,1826 2505,1819 2524,1838 2645,1837 2645,1901 2552,1908 2532,1928 2504,1936 2476,1936 2448,1923 2300,1928 2280,1911 2192,1907 1833,1907 1629,1916 1594,1936 1573,1919 1463,1920"/>
        <Baseline points="1494,1904 1544,1900 1594,1899 1644,1898 1694,1897 1744,1896 1794,1897 1844,1895 1894,1894 1944,1893 1994,1893 2044,1892 2094,1889 2144,1889 2194,1889 2244,1888 2294,1887 2344,1886 2394,1886 2444,1888 2494,1889 2544,1888 2594,1889 2615,1886"/>
        <Word id="word_87d6f719-c203-49c6-babb-cd0a53e88702">
          <Coords points="1491,1869 1541,1865 1561,1865 1562,1910 1545,1910 1495,1914"/>
          <TextEquiv>
            <Unicode>te</Unicode>
          </TextEquiv>
        </Word>
        <Word id="word_87a4f7fd-080c-4d0e-8ad9-c90cfb2356d8">
          <Coords points="1595,1864 1643,1863 1693,1862 1743,1861 1795,1862 1798,1862 1800,1907 1794,1907 1744,1906 1694,1907 1644,1908 1596,1909"/>
          <TextEquiv>
            <Unicode>hebben</Unicode>
          </TextEquiv>
        </Word>
        <Word id="word_768e384b-e11e-4609-94ef-cbeb9db7e1fc">
          <Coords points="1832,1860 1843,1860 1893,1859 1943,1858 1994,1858 2043,1857 2092,1854 2144,1854 2194,1854 2241,1853 2242,1898 2194,1899 2144,1899 2095,1899 2044,1902 1994,1903 1944,1903 1894,1904 1844,1905 1834,1905"/>
          <TextEquiv>
            <Unicode>d'officieren</Unicode>
          </TextEquiv>
        </Word>
        <Word id="word_aa0fdb1f-8afc-47dc-8f87-093b5e5f058d">
          <Coords points="2275,1852 2293,1852 2343,1851 2394,1851 2413,1852 2411,1897 2394,1896 2344,1896 2294,1897 2276,1897"/>
          <TextEquiv>
            <Unicode>vant</Unicode>
          </TextEquiv>
        </Word>
        <Word id="word_5395a2f6-4708-4789-bc98-e82d37d813ea">
          <Coords points="2446,1853 2495,1854 2543,1853 2595,1854 2610,1851 2616,1896 2594,1899 2544,1898 2494,1899 2445,1898"/>
          <TextEquiv>
            <Unicode>Schip</Unicode>
          </TextEquiv>
        </Word>
        <TextEquiv conf="0.8710899845465859">
          <Unicode>te hebben d'officieren vant Schip</Unicode>
        </TextEquiv>
        <TextStyle xHeight="34"/>
      </TextLine>
      <TextLine id="line_19f99d99-2a5e-4d94-b075-58441a57e6d4">
        <Coords points="321,1836 371,1836 383,1844 394,1838 431,1867 659,1870 677,1883 718,1847 758,1842 794,1851 962,1850 970,1858 990,1859 1046,1854 1074,1882 1129,1838 1193,1838 1217,1855 1233,1847 1362,1847 1362,1911 1169,1911 1129,1915 1121,1923 1074,1923 1046,1939 916,1934 858,1943 670,1943 662,1951 610,1951 548,1985 486,1961 467,1946 321,1947"/>
        <Baseline points="352,1926 402,1925 452,1921 502,1918 552,1917 602,1915 652,1914 702,1911 752,1908 802,1908 852,1903 902,1902 952,1902 1002,1902 1052,1900 1102,1899 1152,1899 1202,1895 1252,1893 1302,1894 1332,1896"/>
        <Word id="word_e3f76a99-1cc7-475c-946d-b2b708ae9b28">
          <Coords points="351,1891 401,1890 449,1886 500,1883 551,1882 601,1880 651,1879 677,1877 679,1922 652,1924 602,1925 552,1927 503,1928 453,1931 402,1935 352,1936"/>
          <TextEquiv>
            <Unicode>Schieman</Unicode>
          </TextEquiv>
        </Word>
        <Word id="word_ce38b7eb-157c-4074-8026-58dd0d7dcbd9">
          <Coords points="717,1875 750,1873 802,1873 849,1868 882,1867 883,1912 853,1913 802,1918 753,1918 720,1920"/>
          <TextEquiv>
            <Unicode>Gier</Unicode>
          </TextEquiv>
        </Word>
        <Word id="word_bdfa1090-4212-4827-bc1b-df144677a3ed">
          <Coords points="924,1867 953,1867 1002,1867 1051,1865 1101,1864 1152,1864 1166,1863 1169,1908 1152,1909 1102,1909 1052,1910 1002,1912 952,1912 923,1912"/>
          <TextEquiv>
            <Unicode>saskes</Unicode>
          </TextEquiv>
        </Word>
        <Word id="word_cd11c395-c59f-49ff-8e91-7034b3e27329">
          <Coords points="1208,1859 1251,1858 1303,1859 1334,1861 1331,1906 1302,1904 1252,1903 1210,1904"/>
          <TextEquiv>
            <Unicode>van</Unicode>
          </TextEquiv>
        </Word>
        <TextEquiv conf="0.8644110814603294">
          <Unicode>Schieman Gier saskes van</Unicode>
        </TextEquiv>
        <TextStyle xHeight="35"/>
      </TextLine>
      <TextLine id="line_98e2b283-e291-4297-a206-eb0a6de22e1d">
        <Coords points="332,1949 471,1948 521,1976 561,1981 633,1936 681,1941 689,1934 857,1933 928,1941 1048,1941 1096,1933 1189,1933 1464,1944 1464,2008 1420,2002 1176,2002 1092,2010 813,2010 805,2017 629,2017 521,2025 514,2032 332,2037"/>
        <Baseline points="363,2019 413,2015 463,2014 513,2011 563,2009 613,2007 663,2006 713,2005 763,2004 813,2001 863,1999 913,1998 963,1998 1013,1997 1063,1996 1113,1996 1163,1995 1213,1992 1263,1992 1313,1993 1363,1993 1413,1995 1434,1993"/>
        <Word id="word_df5c2a30-d258-4b94-a830-8c2d4d62dfe4">
          <Coords points="360,1984 410,1980 462,1979 511,1976 562,1974 612,1972 662,1971 692,1970 693,2015 663,2016 613,2017 563,2019 514,2021 463,2024 414,2025 364,2029"/>
          <TextEquiv>
            <Unicode>gnnelant</Unicode>
          </TextEquiv>
        </Word>
        <Word id="word_b556409e-3515-4b4e-baff-f85eb4d99301">
          <Coords points="733,1970 762,1969 811,1966 862,1964 912,1963 963,1963 1012,1962 1062,1961 1104,1961 1104,2006 1063,2006 1013,2007 963,2008 913,2008 863,2009 814,2011 763,2014 734,2015"/>
          <TextEquiv>
            <Unicode>Constubel</Unicode>
          </TextEquiv>
        </Word>
        <Word id="word_136fe62e-f7de-4113-9f9a-be2c06ffd777">
          <Coords points="1144,1961 1161,1960 1211,1957 1263,1957 1314,1958 1363,1958 1414,1960 1431,1958 1435,2003 1413,2005 1363,2003 1313,2003 1263,2002 1214,2002 1164,2005 1146,2006"/>
          <TextEquiv>
            <Unicode>Rooloff</Unicode>
          </TextEquiv>
        </Word>
        <TextEquiv conf="0.8267526691515178">
          <Unicode>gnnelant Constubel Rooloff</Unicode>
        </TextEquiv>
        <TextStyle xHeight="31"/>
      </TextLine>
      <TextLine id="line_9e05bdf0-4161-4f91-90cd-d501295ae932">
        <Coords points="1455,1920 1573,1920 1595,1935 1604,1926 1617,1931 1629,1919 1733,1919 1745,1911 1833,1906 2280,1910 2300,1927 2456,1926 2484,1944 2609,1944 2609,2008 2404,2011 2376,2038 2276,2038 2228,2085 2196,2089 2056,2092 2032,2068 2013,2068 1964,2025 1889,2021 1853,2022 1794,2080 1769,2093 1730,2073 1712,2088 1581,2089 1545,2056 1455,2056"/>
        <Baseline points="1486,2018 1536,2020 1586,2019 1636,2016 1686,2013 1736,2011 1786,2010 1836,2008 1886,2007 1936,2006 1986,2005 2036,2004 2086,2004 2136,2003 2186,2001 2236,1999 2286,1998 2336,1996 2386,1996 2436,1996 2486,1995 2536,1993 2579,1993"/>
        <Word id="word_17566660-e315-4e35-a5fd-0b284cf067ac">
          <Coords points="1487,1983 1537,1985 1585,1984 1634,1981 1684,1978 1735,1976 1785,1975 1835,1973 1864,1972 1864,2017 1836,2018 1786,2020 1736,2021 1687,2023 1637,2026 1586,2029 1536,2030 1486,2028"/>
          <TextEquiv>
            <Unicode>dEliphant</Unicode>
          </TextEquiv>
        </Word>
        <Word id="word_b7f026fb-bfb0-410b-88fd-1d132448420e">
          <Coords points="1906,1972 1935,1971 1985,1970 2035,1969 2086,1969 2135,1968 2157,1967 2159,2012 2136,2013 2086,2014 2036,2014 1986,2015 1936,2016 1906,2017"/>
          <TextEquiv>
            <Unicode>endede</Unicode>
          </TextEquiv>
        </Word>
        <Word id="word_17d34297-0511-4db7-b03c-7a6f15482a04">
          <Coords points="2199,1965 2235,1964 2285,1963 2335,1961 2386,1961 2411,1961 2411,2006 2386,2006 2336,2006 2286,2008 2236,2009 2201,2010"/>
          <TextEquiv>
            <Unicode>fluyt</Unicode>
          </TextEquiv>
        </Word>
        <Word id="word_1c202a7e-62f3-4011-9c95-d5f54a39e5b0">
          <Coords points="2452,1961 2485,1960 2535,1958 2579,1958 2579,2003 2536,2003 2486,2005 2453,2006"/>
          <TextEquiv>
            <Unicode>den</Unicode>
          </TextEquiv>
        </Word>
        <TextEquiv conf="0.751180260660099">
          <Unicode>dEliphant endede fluyt den</Unicode>
        </TextEquiv>
        <TextStyle xHeight="45"/>
      </TextLine>
      <TextLine id="line_58ca5660-59e7-4373-ae66-40c3127ae0a4">
        <Coords points="325,2045 495,2053 526,2025 630,2018 823,2017 830,2024 1085,2028 1093,2036 1117,2037 1428,2028 1444,2038 1473,2038 1473,2102 1380,2102 1367,2109 1357,2101 1241,2101 1179,2155 1081,2156 1066,2171 1053,2171 1006,2125 966,2098 959,2104 950,2098 838,2098 762,2102 754,2109 439,2105 399,2109 375,2133 347,2128 325,2140"/>
        <Baseline points="356,2103 406,2101 456,2097 506,2095 556,2093 606,2093 656,2093 706,2092 756,2093 806,2090 856,2086 906,2084 956,2084 1006,2084 1056,2084 1106,2084 1156,2085 1206,2087 1256,2087 1306,2084 1356,2085 1406,2084 1443,2087"/>
        <Word id="word_f8d00043-aafc-4dd2-a986-98b50dc64ecb">
          <Coords points="355,2068 405,2066 453,2062 505,2060 555,2058 606,2058 610,2058 610,2103 606,2103 556,2103 506,2105 457,2107 406,2111 356,2113"/>
          <TextEquiv>
            <Unicode>pauluss</Unicode>
          </TextEquiv>
        </Word>
        <Word id="word_27f2a814-abef-4f08-85fd-007564427e88">
          <Coords points="646,2058 656,2058 705,2057 757,2058 804,2055 853,2051 905,2049 956,2049 972,2049 972,2094 956,2094 906,2094 857,2096 807,2100 756,2103 706,2102 656,2103 646,2103"/>
          <TextEquiv>
            <Unicode>Botselyer</Unicode>
          </TextEquiv>
        </Word>
        <Word id="word_1bdb9dab-fe0d-40f0-9312-c180bdc73b7f">
          <Coords points="1008,2049 1056,2049 1106,2049 1118,2049 1117,2094 1106,2094 1056,2094 1008,2094"/>
          <TextEquiv>
            <Unicode>Jan</Unicode>
          </TextEquiv>
        </Word>
        <Word id="word_98578f81-06a4-4930-b3fa-71e916841258">
          <Coords points="1154,2050 1157,2050 1207,2052 1256,2052 1304,2049 1357,2050 1405,2049 1446,2052 1442,2097 1406,2094 1356,2095 1307,2094 1256,2097 1206,2097 1156,2095 1153,2095"/>
          <TextEquiv>
            <Unicode>pieterss</Unicode>
          </TextEquiv>
        </Word>
        <TextEquiv conf="0.8623656581269766">
          <Unicode>pauluss Botselyer Jan pieterss</Unicode>
        </TextEquiv>
        <TextStyle xHeight="35"/>
      </TextLine>
      <TextLine id="line_3336f61e-5f19-4f47-94fc-8936e529b865">
        <Coords points="1460,2057 1546,2057 1582,2089 1711,2089 1734,2073 1770,2093 1793,2081 1857,2021 1964,2025 2001,2055 2106,2055 2106,2119 2061,2114 2053,2122 1989,2126 1817,2126 1785,2153 1710,2152 1702,2144 1498,2144 1491,2137 1460,2137"/>
        <Baseline points="1491,2128 1541,2125 1591,2125 1641,2123 1691,2122 1741,2121 1791,2119 1841,2117 1891,2113 1941,2111 1991,2109 2041,2108 2076,2104"/>
        <Word id="word_d8780915-0a5a-498b-9d63-aa3611719b46">
          <Coords points="1489,2093 1539,2090 1591,2090 1640,2088 1690,2087 1740,2086 1782,2084 1784,2129 1741,2131 1691,2132 1641,2133 1591,2135 1542,2135 1492,2138"/>
          <TextEquiv>
            <Unicode>Coninck</Unicode>
          </TextEquiv>
        </Word>
        <Word id="word_fe2312dd-3766-4f26-b1b6-6d807e8acfda">
          <Coords points="1824,2083 1840,2082 1888,2078 1940,2076 1990,2074 2040,2073 2072,2069 2077,2114 2041,2118 1991,2119 1941,2121 1892,2123 1841,2127 1826,2128"/>
          <TextEquiv>
            <Unicode>Davidt</Unicode>
          </TextEquiv>
        </Word>
        <TextEquiv conf="0.8612499342929975">
          <Unicode>Coninck Davidt</Unicode>
        </TextEquiv>
        <TextStyle xHeight="29"/>
      </TextLine>
      <TextLine id="line_84d842d6-751a-47a1-96b0-4a145a3fbbbb">
        <Coords points="321,2140 343,2131 376,2135 403,2108 755,2108 962,2093 983,2104 1046,2164 1074,2164 1082,2156 1179,2155 1202,2135 1427,2137 1427,2201 1346,2201 1306,2220 1166,2216 1122,2244 1042,2235 938,2235 894,2275 880,2262 619,2262 603,2258 575,2231 552,2224 479,2224 439,2240 335,2244 321,2252"/>
        <Baseline points="352,2223 402,2220 452,2219 502,2216 552,2213 602,2210 652,2210 702,2209 752,2208 802,2204 852,2200 902,2196 952,2194 1002,2192 1052,2192 1102,2191 1152,2190 1202,2189 1252,2188 1302,2187 1352,2187 1397,2186"/>
        <Word id="word_2a6bbfab-06ef-4b6b-9d5d-c4b5d5370824">
          <Coords points="350,2188 400,2185 451,2184 475,2183 478,2227 452,2229 403,2230 353,2233"/>
          <TextEquiv>
            <Unicode>van</Unicode>
          </TextEquiv>
        </Word>
        <Word id="word_606479bb-2554-4e32-9af3-6b879c8e66c0">
          <Coords points="517,2180 550,2178 600,2175 652,2175 701,2174 751,2173 767,2172 771,2217 752,2218 702,2219 652,2220 603,2220 553,2223 520,2225"/>
          <TextEquiv>
            <Unicode>Serdam</Unicode>
          </TextEquiv>
        </Word>
        <Word id="word_2593d388-1349-4143-9d01-a14db7944be5">
          <Coords points="809,2168 849,2165 899,2161 951,2159 1001,2157 1052,2157 1101,2156 1151,2155 1201,2154 1251,2153 1301,2152 1352,2152 1396,2151 1397,2196 1352,2197 1302,2197 1252,2198 1202,2199 1152,2200 1102,2201 1052,2202 1002,2202 952,2204 903,2206 853,2210 812,2213"/>
          <TextEquiv>
            <Unicode>Oppertimmerman</Unicode>
          </TextEquiv>
        </Word>
        <TextEquiv conf="0.9001222853671004">
          <Unicode>van Serdam Oppertimmerman</Unicode>
        </TextEquiv>
        <TextStyle xHeight="39"/>
      </TextLine>
      <TextLine id="e07e1f44-1ae4-468e-ac28-2eeda8b4d205">
        <Coords points="321,2252 335,2244 439,2240 479,2224 552,2224 575,2231 603,2259 619,2262 880,2262 895,2275 939,2235 1042,2235 1074,2252 1082,2244 1122,2244 1174,2215 1306,2220 1322,2212 1454,2211 1494,2227 1635,2229 1635,2294 1466,2297 1434,2301 1414,2321 1374,2321 1362,2312 1350,2318 1334,2307 1142,2312 1131,2304 951,2301 919,2333 843,2329 831,2320 811,2320 780,2344 403,2353 383,2340 321,2340"/>
        <Baseline points="352,2309 402,2307 452,2305 502,2305 552,2307 602,2306 652,2302 702,2300 752,2298 802,2296 852,2294 902,2292 952,2290 1002,2289 1052,2290 1102,2289 1152,2289 1202,2289 1252,2288 1302,2288 1352,2286 1402,2284 1452,2283 1502,2284 1552,2282 1602,2280 1605,2279"/>
        <Word id="word_1572986b-a3d2-4e23-9945-dd2e20930cac">
          <Coords points="351,2274 401,2272 451,2270 499,2270 499,2315 452,2315 402,2317 352,2319"/>
          <TextEquiv>
            <Unicode>alle</Unicode>
          </TextEquiv>
        </Word>
        <Word id="word_9e41f5cd-ce03-4057-a52e-6c959d56dbf7">
          <Coords points="541,2270 556,2272 601,2271 649,2267 701,2265 719,2264 721,2309 702,2310 653,2312 602,2316 551,2317 535,2315"/>
          <TextEquiv>
            <Unicode>ydier</Unicode>
          </TextEquiv>
        </Word>
        <Word id="word_1c863b0f-ea34-4459-ada2-8a166ecb7aba">
          <Coords points="756,2263 801,2261 851,2259 901,2257 951,2255 1001,2254 1053,2255 1088,2254 1089,2299 1052,2300 1002,2299 952,2300 902,2302 852,2304 802,2306 758,2308"/>
          <TextEquiv>
            <Unicode>qualiteyt</Unicode>
          </TextEquiv>
        </Word>
        <Word id="word_1d4180dd-ba24-475b-a8a4-3dce64d6f52a">
          <Coords points="1126,2254 1153,2254 1202,2254 1236,2253 1237,2298 1202,2299 1152,2299 1126,2299"/>
          <TextEquiv>
            <Unicode>opt</Unicode>
          </TextEquiv>
        </Word>
        <Word id="word_6ec20416-a011-411c-a58b-62c1eafd76c3">
          <Coords points="1274,2253 1303,2253 1351,2251 1401,2249 1451,2248 1458,2248 1457,2293 1452,2293 1402,2294 1352,2296 1302,2298 1273,2298"/>
          <TextEquiv>
            <Unicode>Schip</Unicode>
          </TextEquiv>
        </Word>
        <Word id="word_c4f9e5a6-fb31-46c8-b7e5-0d8df0fa5676">
          <Coords points="1495,2249 1503,2249 1551,2247 1594,2246 1601,2245 1608,2289 1602,2290 1552,2292 1502,2294 1494,2294"/>
          <TextEquiv>
            <Unicode>den</Unicode>
          </TextEquiv>
        </Word>
        <TextEquiv conf="0.9367329390106801">
          <Unicode>alle ydier qualiteyt opt Schip den</Unicode>
        </TextEquiv>
        <TextStyle xHeight="34"/>
      </TextLine>
      <TextLine id="line_785f04c2-7e68-4acb-8a04-c51f06ef5342">
        <Coords points="321,2339 382,2339 407,2356 455,2356 463,2348 781,2343 811,2319 831,2319 843,2328 910,2327 919,2335 954,2301 1130,2304 1142,2312 1334,2307 1346,2316 1415,2320 1434,2301 1466,2297 1686,2292 2193,2300 2209,2312 2250,2316 2261,2327 2401,2336 2578,2327 2578,2391 2373,2388 2193,2396 2138,2451 2121,2454 2098,2447 2053,2452 2017,2431 1894,2427 1885,2419 1714,2419 1702,2407 1474,2407 1466,2399 1366,2396 1318,2396 1286,2416 1182,2407 1134,2443 1090,2438 1054,2411 986,2412 962,2436 938,2443 835,2443 783,2431 771,2439 707,2439 691,2427 533,2432 523,2424 515,2432 503,2428 470,2455 455,2454 427,2427 321,2423"/>
        <Baseline points="352,2406 402,2405 452,2403 502,2401 552,2399 602,2397 652,2394 702,2393 752,2393 802,2389 852,2386 902,2384 952,2382 1002,2381 1052,2380 1102,2379 1152,2379 1202,2379 1252,2379 1302,2380 1352,2380 1402,2377 1452,2376 1502,2377 1552,2378 1602,2376 1652,2376 1702,2378 1752,2378 1802,2379 1852,2378 1902,2380 1952,2381 2002,2381 2052,2381 2102,2382 2152,2383 2202,2381 2252,2380 2302,2380 2352,2379 2402,2376 2452,2375 2502,2375 2548,2376"/>
        <Word id="word_84bbe068-7e59-4f1a-ac34-cc9b4fd9e3ce">
          <Coords points="351,2371 401,2370 451,2368 501,2366 551,2364 601,2362 650,2359 701,2358 711,2358 711,2403 702,2403 653,2404 602,2407 552,2409 502,2411 452,2413 402,2415 352,2416"/>
          <TextEquiv>
            <Unicode>Oliphant,</Unicode>
          </TextEquiv>
        </Word>
        <Word id="word_20095955-12bc-443c-9f72-bd694153817e">
          <Coords points="751,2358 752,2358 799,2354 850,2351 901,2349 951,2347 990,2346 991,2391 952,2392 902,2394 853,2396 803,2399 752,2403 751,2403"/>
          <TextEquiv>
            <Unicode>Reymer</Unicode>
          </TextEquiv>
        </Word>
        <Word id="word_91dd8064-f2eb-4d92-a68f-c5346244f7a1">
          <Coords points="1030,2345 1051,2345 1101,2344 1152,2344 1202,2344 1252,2344 1303,2345 1310,2345 1310,2390 1302,2390 1252,2389 1202,2389 1152,2389 1102,2389 1052,2390 1031,2390"/>
          <TextEquiv>
            <Unicode>egbersz</Unicode>
          </TextEquiv>
        </Word>
        <Word id="word_69d9586d-949e-4196-93d3-cd4c972457ad">
          <Coords points="1350,2345 1352,2345 1400,2342 1451,2341 1470,2341 1470,2386 1452,2386 1403,2387 1352,2390 1350,2390"/>
          <TextEquiv>
            <Unicode>van</Unicode>
          </TextEquiv>
        </Word>
        <Word id="word_ec384d38-47f7-4f31-8418-ae0c386bc6b9">
          <Coords points="1510,2342 1553,2343 1601,2341 1652,2341 1703,2343 1752,2343 1803,2344 1851,2343 1871,2344 1869,2389 1852,2388 1802,2389 1752,2388 1702,2388 1652,2386 1602,2386 1552,2388 1510,2387"/>
          <TextEquiv>
            <Unicode>Amsterdam</Unicode>
          </TextEquiv>
        </Word>
        <Word id="word_6232412e-6723-462b-89fb-c6e069ea9b1d">
          <Coords points="1910,2345 1953,2346 2002,2346 2052,2346 2103,2347 2153,2348 2201,2346 2251,2345 2268,2345 2268,2390 2252,2390 2202,2391 2152,2393 2102,2392 2052,2391 2002,2391 1952,2391 1909,2390"/>
          <TextEquiv>
            <Unicode>Schipper,</Unicode>
          </TextEquiv>
        </Word>
        <Word id="word_a8622b4e-ce70-4401-8c24-fac2cec7ffef">
          <Coords points="2308,2345 2351,2344 2400,2341 2451,2340 2502,2340 2549,2341 2548,2386 2502,2385 2452,2385 2403,2386 2352,2389 2309,2390"/>
          <TextEquiv>
            <Unicode>Willem</Unicode>
          </TextEquiv>
        </Word>
        <TextEquiv conf="0.8745612690850952">
          <Unicode>Oliphant, Reymer egbersz van Amsterdam Schipper, Willem</Unicode>
        </TextEquiv>
        <TextStyle xHeight="38"/>
      </TextLine>
      <TextLine id="line_76d9fd6c-a4f5-4dc6-b7d2-f7f9bba84e66">
        <Coords points="309,2425 431,2429 455,2453 477,2453 506,2425 534,2434 691,2429 703,2438 773,2438 787,2425 819,2425 835,2441 943,2442 990,2409 1062,2413 1086,2434 1150,2434 1166,2418 1262,2422 1323,2394 1470,2401 1502,2409 1702,2409 1710,2417 1946,2425 2037,2437 2049,2446 2073,2446 2081,2439 2091,2449 2122,2453 2140,2450 2193,2401 2380,2401 2389,2409 2428,2409 2441,2417 2550,2421 2550,2485 2245,2482 2221,2498 2177,2502 1859,2505 1802,2505 1742,2493 1586,2490 1490,2494 1458,2523 1430,2506 1138,2509 1082,2517 1020,2502 962,2502 847,2505 835,2517 807,2521 571,2516 543,2537 309,2532"/>
        <Baseline points="340,2512 390,2506 440,2501 490,2498 540,2495 590,2491 640,2488 690,2486 740,2486 790,2486 840,2484 890,2482 940,2483 990,2481 1040,2479 1090,2479 1140,2479 1190,2479 1240,2477 1290,2475 1340,2475 1390,2474 1440,2474 1490,2474 1540,2474 1590,2475 1640,2476 1690,2476 1740,2476 1790,2475 1840,2475 1890,2476 1940,2476 1990,2476 2040,2476 2090,2476 2140,2476 2190,2475 2240,2473 2290,2472 2340,2476 2390,2472 2440,2469 2490,2468 2520,2470"/>
        <Word id="word_cd3819d1-7ee3-4a9c-8fd8-e26536f40e79">
          <Coords points="336,2477 386,2471 437,2466 488,2463 538,2460 550,2459 554,2504 541,2505 491,2508 441,2511 391,2516 341,2522"/>
          <TextEquiv>
            <Unicode>Blauw</Unicode>
          </TextEquiv>
        </Word>
        <Word id="word_1f58c651-7328-4c38-b6d6-6e38624d5394">
          <Coords points="594,2456 638,2453 689,2451 724,2451 724,2496 690,2496 641,2498 596,2501"/>
          <TextEquiv>
            <Unicode>van</Unicode>
          </TextEquiv>
        </Word>
        <Word id="word_01c7abe8-cbd4-40a6-bb3c-1501ff4fe3af">
          <Coords points="767,2451 790,2451 839,2449 889,2447 941,2448 989,2446 1039,2444 1090,2444 1140,2444 1152,2444 1152,2489 1140,2489 1090,2489 1040,2489 990,2491 940,2493 890,2492 840,2494 790,2496 767,2496"/>
          <TextEquiv>
            <Unicode>Amsterdam</Unicode>
          </TextEquiv>
        </Word>
        <Word id="word_398d12c5-33da-48e3-8436-62e355aa7b5d">
          <Coords points="1193,2444 1238,2442 1289,2440 1340,2440 1389,2439 1440,2439 1490,2439 1540,2439 1591,2440 1641,2441 1665,2441 1665,2486 1640,2486 1590,2485 1540,2484 1490,2484 1440,2484 1390,2484 1340,2485 1290,2485 1240,2487 1195,2489"/>
          <TextEquiv>
            <Unicode>bouckhouder</Unicode>
          </TextEquiv>
        </Word>
        <Word id="word_b3ab6c90-2048-4cec-ba13-4d04b3f14305">
          <Coords points="1708,2441 1740,2441 1789,2440 1840,2440 1891,2441 1922,2441 1922,2486 1890,2486 1840,2485 1790,2485 1740,2486 1708,2486"/>
          <TextEquiv>
            <Unicode>Claes</Unicode>
          </TextEquiv>
        </Word>
        <Word id="word_1e8cdfed-cb78-40ec-a799-98c19b01e3e8">
          <Coords points="1964,2441 1990,2441 2040,2441 2090,2441 2140,2441 2189,2440 2239,2438 2289,2437 2309,2438 2306,2483 2290,2482 2240,2483 2190,2485 2140,2486 2090,2486 2040,2486 1990,2486 1964,2486"/>
          <TextEquiv>
            <Unicode>Willemsz</Unicode>
          </TextEquiv>
        </Word>
        <Word id="word_dd121557-66ae-4e2f-b5f7-be6e41731954">
          <Coords points="2345,2442 2386,2437 2438,2434 2489,2433 2522,2435 2519,2480 2490,2478 2441,2479 2391,2482 2350,2487"/>
          <TextEquiv>
            <Unicode>Botn</Unicode>
          </TextEquiv>
        </Word>
        <TextEquiv conf="0.8699065575977256">
          <Unicode>Blauw van Amsterdam bouckhouder Claes Willemsz Botn</Unicode>
        </TextEquiv>
        <TextStyle xHeight="36"/>
      </TextLine>
      <TextLine id="line_212518e7-8b55-471c-944c-1244fb731524">
        <Coords points="330,2537 540,2538 580,2505 723,2506 743,2497 1167,2498 1179,2486 1434,2491 1457,2513 1490,2482 1502,2489 1742,2493 1802,2506 2058,2501 2074,2513 2229,2513 2253,2537 2337,2538 2429,2526 2437,2519 2518,2519 2518,2583 2429,2583 2413,2590 2165,2586 2157,2594 1962,2594 1938,2606 1646,2598 1566,2602 1558,2610 1434,2609 1403,2597 1393,2605 1363,2606 1342,2623 1315,2598 1019,2597 988,2625 947,2594 883,2598 855,2626 808,2644 488,2649 456,2621 431,2637 330,2636"/>
        <Baseline points="361,2597 411,2597 461,2594 511,2591 561,2589 611,2588 661,2585 711,2583 761,2581 811,2580 861,2579 911,2578 961,2577 1011,2579 1061,2580 1111,2578 1161,2578 1211,2578 1261,2576 1311,2577 1361,2576 1411,2576 1461,2578 1511,2577 1561,2577 1611,2577 1661,2578 1711,2580 1761,2579 1811,2577 1861,2576 1911,2576 1961,2576 2011,2575 2061,2573 2111,2573 2161,2572 2211,2572 2261,2571 2311,2571 2361,2570 2411,2569 2461,2569 2488,2568"/>
        <Word id="word_7f917f0a-3d3b-41f8-a873-83a38d87cb86">
          <Coords points="361,2562 411,2562 459,2559 509,2556 560,2554 610,2553 659,2550 710,2548 760,2546 810,2545 860,2544 882,2544 883,2589 861,2589 811,2590 761,2591 711,2593 662,2595 611,2598 561,2599 512,2601 462,2604 411,2607 361,2607"/>
          <TextEquiv>
            <Unicode>opperstierman</Unicode>
          </TextEquiv>
        </Word>
        <Word id="word_f344ddd7-f70e-4f20-b22d-77b2d69a00bd">
          <Coords points="922,2543 960,2542 1012,2544 1062,2545 1110,2543 1161,2543 1211,2543 1242,2542 1244,2587 1211,2588 1161,2588 1111,2588 1061,2590 1011,2589 961,2587 923,2588"/>
          <TextEquiv>
            <Unicode>Fredrick</Unicode>
          </TextEquiv>
        </Word>
        <Word id="word_32c88eea-2f90-48e5-a44b-317c2e2a8624">
          <Coords points="1286,2540 1313,2542 1360,2541 1411,2541 1462,2543 1484,2543 1485,2588 1461,2588 1411,2586 1361,2586 1310,2587 1283,2585"/>
          <TextEquiv>
            <Unicode>huyss</Unicode>
          </TextEquiv>
        </Word>
        <Word id="word_88daf7ad-e022-4070-9f03-9bcf1ccb59c6">
          <Coords points="1525,2542 1561,2542 1611,2542 1646,2543 1645,2588 1611,2587 1561,2587 1525,2587"/>
          <TextEquiv>
            <Unicode>van</Unicode>
          </TextEquiv>
        </Word>
        <Word id="word_51092c7b-bec5-4259-a848-7a4ee4acbff0">
          <Coords points="1687,2544 1713,2545 1760,2544 1810,2542 1860,2541 1911,2541 1926,2541 1926,2586 1911,2586 1861,2586 1811,2587 1761,2589 1710,2590 1685,2588"/>
          <TextEquiv>
            <Unicode>Bremen</Unicode>
          </TextEquiv>
        </Word>
        <Word id="word_c88fc5ae-60e4-4ea1-99f6-a7c637192f66">
          <Coords points="1965,2541 2010,2540 2060,2538 2111,2538 2160,2537 2211,2537 2260,2536 2311,2536 2360,2535 2410,2534 2461,2534 2487,2533 2488,2578 2461,2579 2411,2579 2361,2580 2311,2581 2261,2581 2211,2582 2161,2582 2111,2583 2061,2583 2011,2585 1966,2586"/>
          <TextEquiv>
            <Unicode>onderstierman</Unicode>
          </TextEquiv>
        </Word>
        <TextEquiv conf="0.8617404711872043">
          <Unicode>opperstierman Fredrick huyss van Bremen onderstierman</Unicode>
        </TextEquiv>
        <TextStyle xHeight="36"/>
      </TextLine>
      <TextLine id="line_951c6c45-4f59-429f-b52b-80e40e48674a">
        <Coords points="321,2606 436,2606 483,2646 815,2641 855,2626 891,2590 942,2586 982,2586 998,2598 1106,2586 1139,2586 1146,2593 1282,2593 1314,2597 1340,2622 1358,2609 1396,2621 1422,2605 1558,2610 1566,2602 1730,2597 1738,2605 1938,2606 1974,2593 2122,2597 2165,2589 2257,2589 2285,2601 2382,2602 2441,2613 2622,2613 2622,2677 2577,2674 2533,2718 2517,2725 2489,2724 2457,2705 2409,2705 2389,2697 2085,2694 2069,2681 2034,2714 2011,2721 1970,2709 1778,2714 1758,2697 1723,2686 1665,2714 1615,2681 1458,2682 1450,2690 1410,2690 1378,2719 1359,2709 1342,2725 1280,2717 1268,2729 1234,2729 1215,2721 1174,2721 1166,2729 1022,2724 982,2697 791,2698 783,2706 707,2706 691,2718 639,2718 623,2725 531,2724 519,2733 443,2732 427,2717 391,2713 321,2713"/>
        <Baseline points="352,2689 402,2687 452,2687 502,2688 552,2687 602,2684 652,2682 702,2681 752,2679 802,2676 852,2675 902,2674 952,2671 1002,2672 1052,2671 1102,2670 1152,2669 1202,2668 1252,2668 1302,2667 1352,2667 1402,2667 1452,2667 1502,2668 1552,2667 1602,2667 1652,2667 1702,2668 1752,2668 1802,2669 1852,2667 1902,2666 1952,2667 2002,2668 2052,2667 2102,2667 2152,2667 2202,2667 2252,2667 2302,2668 2352,2668 2402,2666 2452,2664 2502,2662 2552,2660 2592,2662"/>
        <Word id="word_405e8075-30ad-4b3f-b64f-e42c6be8e708">
          <Coords points="351,2654 401,2652 452,2652 503,2653 551,2652 560,2651 563,2696 552,2697 502,2698 452,2697 402,2697 352,2699"/>
          <TextEquiv>
            <Unicode>Gerrit</Unicode>
          </TextEquiv>
        </Word>
        <Word id="word_96962570-62a4-4460-9ba5-6eb5fa0954b2">
          <Coords points="595,2649 600,2649 651,2647 701,2646 751,2644 800,2641 806,2641 807,2686 803,2686 752,2689 702,2691 652,2692 603,2694 598,2694"/>
          <TextEquiv>
            <Unicode>Claesz</Unicode>
          </TextEquiv>
        </Word>
        <Word id="word_646a9887-de20-4cb0-84bc-ed28cb463344">
          <Coords points="841,2640 851,2640 901,2639 945,2636 947,2681 902,2684 852,2685 842,2685"/>
          <TextEquiv>
            <Unicode>van</Unicode>
          </TextEquiv>
        </Word>
        <Word id="word_2e6b1f9b-e9a2-4bc1-87f4-fe3aeda29ca6">
          <Coords points="987,2635 1007,2637 1051,2636 1101,2635 1151,2634 1191,2633 1192,2678 1152,2679 1102,2680 1052,2681 1001,2682 980,2679"/>
          <TextEquiv>
            <Unicode>Loenen</Unicode>
          </TextEquiv>
        </Word>
        <Word id="word_537c28f8-7d45-4cf3-add9-53e673052a2a">
          <Coords points="1227,2633 1253,2633 1301,2632 1352,2632 1402,2632 1452,2632 1503,2633 1551,2632 1602,2632 1652,2632 1703,2633 1717,2633 1717,2678 1702,2678 1652,2677 1602,2677 1552,2677 1502,2678 1452,2677 1402,2677 1352,2677 1302,2677 1252,2678 1226,2678"/>
          <TextEquiv>
            <Unicode>Goochbootsman,</Unicode>
          </TextEquiv>
        </Word>
        <Word id="word_6ebf36e4-d1a1-426b-af13-2385ba688458">
          <Coords points="1752,2633 1752,2633 1803,2634 1851,2632 1891,2631 1892,2676 1852,2677 1802,2679 1752,2678 1752,2678"/>
          <TextEquiv>
            <Unicode>hans</Unicode>
          </TextEquiv>
        </Word>
        <Word id="word_c69a4992-041c-4fa8-95b1-ccb16c98e7a5">
          <Coords points="1929,2631 1954,2632 2003,2633 2051,2632 2102,2632 2152,2632 2172,2632 2172,2677 2152,2677 2102,2677 2052,2677 2002,2678 1951,2677 1926,2675"/>
          <TextEquiv>
            <Unicode>hertoch</Unicode>
          </TextEquiv>
        </Word>
        <Word id="word_38177600-2637-4d12-ada3-fe5624215e91">
          <Coords points="2207,2632 2252,2632 2303,2633 2312,2633 2312,2678 2302,2678 2252,2677 2207,2677"/>
          <TextEquiv>
            <Unicode>van</Unicode>
          </TextEquiv>
        </Word>
        <Word id="word_28d71db5-e659-4605-9b54-60cddcc706ef">
          <Coords points="2347,2633 2352,2633 2401,2631 2451,2629 2501,2627 2551,2625 2593,2627 2591,2672 2552,2670 2502,2672 2452,2674 2402,2676 2352,2678 2347,2678"/>
          <TextEquiv>
            <Unicode>Crumpen</Unicode>
          </TextEquiv>
        </Word>
        <TextEquiv conf="0.8547999356370288">
          <Unicode>Gerrit Claesz van Loenen Goochbootsman, hans hertoch van Crumpen</Unicode>
        </TextEquiv>
        <TextStyle xHeight="35"/>
      </TextLine>
      <TextLine id="f62e6ea8-3947-4b80-9b80-45d054747262">
        <Coords points="331,2707 413,2707 449,2728 525,2728 697,2716 733,2692 997,2704 1342,2700 1363,2680 1381,2689 1613,2680 1663,2712 1720,2688 1754,2696 1773,2712 1973,2707 2037,2748 2089,2707 2405,2703 2465,2707 2493,2727 2513,2728 2585,2724 2602,2714 2602,2778 2513,2780 2446,2842 2419,2822 2393,2822 2372,2803 2341,2827 2318,2815 2269,2815 2249,2795 2133,2795 2113,2812 2102,2812 2089,2799 1985,2799 1933,2843 1913,2842 1873,2811 1805,2811 1785,2791 1689,2796 1656,2822 1641,2807 1605,2807 1597,2799 1413,2799 1397,2808 1309,2812 1277,2807 1247,2831 1201,2830 1165,2807 389,2799 377,2808 331,2808"/>
        <Baseline points="362,2786 412,2784 462,2781 512,2781 562,2781 612,2778 662,2776 712,2774 762,2772 812,2770 862,2769 912,2766 962,2765 1012,2763 1062,2760 1112,2758 1162,2757 1212,2756 1262,2756 1312,2755 1362,2755 1412,2755 1462,2755 1512,2757 1562,2756 1612,2757 1662,2758 1712,2759 1762,2761 1812,2762 1862,2762 1912,2762 1962,2764 2012,2769 2062,2768 2112,2768 2162,2769 2212,2770 2262,2771 2312,2770 2362,2770 2412,2769 2462,2769 2512,2769 2562,2767 2572,2763"/>
        <Word id="word_fb3cf84d-c281-46a8-941b-47ab1b96d63c">
          <Coords points="361,2751 411,2749 460,2746 512,2746 562,2746 610,2743 661,2741 676,2740 678,2785 662,2786 613,2788 562,2791 512,2791 463,2791 412,2794 362,2796"/>
          <TextEquiv>
            <Unicode>Constabol</Unicode>
          </TextEquiv>
        </Word>
        <Word id="word_7cb2393d-33c8-410f-b47d-c6068c3d08c3">
          <Coords points="711,2739 761,2737 811,2735 861,2734 886,2732 889,2777 862,2779 812,2780 762,2782 713,2784"/>
          <TextEquiv>
            <Unicode>alles</Unicode>
          </TextEquiv>
        </Word>
        <Word id="word_5fe758f3-bfcb-44f4-8680-37646882a155">
          <Coords points="923,2730 962,2730 992,2729 994,2774 962,2775 923,2775"/>
          <TextEquiv>
            <Unicode>in</Unicode>
          </TextEquiv>
        </Word>
        <Word id="word_f898c8b3-8c10-4da5-9944-5b0279814f02">
          <Coords points="1026,2727 1060,2725 1111,2723 1161,2722 1168,2722 1169,2767 1162,2767 1112,2768 1063,2770 1029,2772"/>
          <TextEquiv>
            <Unicode>dier</Unicode>
          </TextEquiv>
        </Word>
        <Word id="word_0a1e3523-eef3-4a9e-9d8a-63e30422dda9">
          <Coords points="1203,2721 1211,2721 1262,2721 1311,2720 1362,2720 1412,2720 1462,2720 1513,2722 1519,2722 1520,2767 1512,2767 1462,2765 1412,2765 1362,2765 1312,2765 1262,2766 1212,2766 1204,2766"/>
          <TextEquiv>
            <Unicode>qualiteyt</Unicode>
          </TextEquiv>
        </Word>
        <Word id="word_7e8a50fa-c2ca-44a7-b5a8-0c2f74dfe46a">
          <Coords points="1554,2721 1561,2721 1613,2722 1663,2723 1713,2724 1763,2726 1813,2727 1862,2727 1906,2727 1906,2772 1862,2772 1812,2772 1762,2771 1712,2769 1662,2768 1612,2767 1562,2766 1555,2766"/>
          <TextEquiv>
            <Unicode>bescheyden</Unicode>
          </TextEquiv>
        </Word>
        <Word id="word_23116324-a1cf-4ea3-b9d1-e3839631b0cb">
          <Coords points="1944,2727 1965,2729 2015,2734 2061,2733 2112,2733 2163,2734 2213,2735 2222,2735 2221,2780 2212,2780 2162,2779 2112,2778 2062,2778 2011,2779 1961,2774 1940,2772"/>
          <TextEquiv>
            <Unicode>optfluyt</Unicode>
          </TextEquiv>
        </Word>
        <Word id="word_abd01744-934d-4684-b927-aa4bab5cd21b">
          <Coords points="2257,2736 2263,2736 2311,2735 2362,2735 2411,2734 2432,2734 2432,2779 2412,2779 2362,2780 2312,2780 2262,2781 2257,2781"/>
          <TextEquiv>
            <Unicode>Schip</Unicode>
          </TextEquiv>
        </Word>
        <Word id="word_b5272cd5-f824-4f86-9250-bfbafaf0d2e4">
          <Coords points="2467,2734 2512,2734 2559,2731 2561,2732 2576,2772 2562,2777 2512,2779 2467,2779"/>
          <TextEquiv>
            <Unicode>den</Unicode>
          </TextEquiv>
        </Word>
        <TextEquiv conf="0.877755603128735">
          <Unicode>Constabol alles in dier qualiteyt bescheyden optfluyt Schip den</Unicode>
        </TextEquiv>
        <TextStyle xHeight="37"/>
      </TextLine>
      <TextLine id="b601fb10-5dcf-46a4-bbbf-fe087ba18f9f">
        <Coords points="341,2810 643,2801 1142,2805 1164,2809 1194,2837 1234,2838 1256,2829 1279,2841 1358,2781 1542,2786 1550,2778 1598,2778 1656,2766 1670,2769 1698,2797 1730,2797 1767,2782 1810,2813 1881,2813 1917,2842 1941,2838 1981,2801 2089,2801 2109,2814 2133,2793 2249,2793 2269,2813 2317,2813 2342,2827 2373,2805 2393,2825 2423,2825 2439,2841 2481,2806 2498,2805 2498,2869 2489,2861 2411,2858 2401,2865 2369,2858 2349,2866 2301,2866 2285,2878 1946,2877 1885,2929 1870,2929 1858,2917 1794,2917 1754,2881 1658,2877 1582,2878 1574,2886 1410,2885 1348,2941 1334,2932 1262,2932 1242,2913 1214,2909 1070,2906 982,2968 919,2945 835,2945 792,2956 747,2952 695,2924 627,2924 607,2913 341,2914"/>
        <Baseline points="372,2897 422,2894 472,2890 522,2888 572,2885 622,2884 672,2885 722,2884 772,2882 822,2879 872,2878 922,2874 972,2872 1022,2870 1072,2869 1122,2868 1172,2868 1222,2867 1272,2865 1322,2863 1372,2864 1422,2863 1472,2862 1522,2862 1572,2861 1622,2860 1672,2858 1722,2857 1772,2857 1822,2854 1872,2853 1922,2852 1972,2856 2022,2860 2072,2856 2122,2852 2172,2852 2222,2852 2272,2851 2322,2849 2372,2849 2422,2848 2468,2854"/>
        <Word id="word_e6984a76-02c3-4283-8074-e7118af3b68f">
          <Coords points="370,2862 420,2859 469,2855 521,2853 570,2850 621,2849 635,2849 634,2894 622,2894 573,2895 522,2898 473,2900 423,2904 373,2907"/>
          <TextEquiv>
            <Unicode>Coninck</Unicode>
          </TextEquiv>
        </Word>
        <Word id="word_f16cbf1a-1fc7-4f6b-94db-1337faf5a754">
          <Coords points="672,2850 673,2850 721,2849 771,2847 820,2844 871,2843 893,2841 897,2886 872,2888 823,2889 772,2892 722,2894 672,2895 671,2895"/>
          <TextEquiv>
            <Unicode>Davidt</Unicode>
          </TextEquiv>
        </Word>
        <Word id="word_58b2366d-dc99-42ea-a52c-134bb676fb91">
          <Coords points="932,2838 971,2837 1021,2835 1071,2834 1121,2833 1158,2833 1158,2878 1122,2878 1072,2879 1022,2880 972,2882 934,2883"/>
          <TextEquiv>
            <Unicode>hebben</Unicode>
          </TextEquiv>
        </Word>
        <Word id="word_9c3c5c27-2f16-4828-a989-db3b9e9cf748">
          <Coords points="1194,2833 1221,2832 1271,2830 1306,2829 1308,2874 1272,2875 1222,2877 1196,2878"/>
          <TextEquiv>
            <Unicode>ter</Unicode>
          </TextEquiv>
        </Word>
        <Word id="word_c0160f95-acad-450a-994c-b44601b7ffb6">
          <Coords points="1348,2827 1375,2829 1421,2828 1471,2827 1522,2827 1571,2826 1621,2825 1671,2823 1719,2822 1720,2867 1672,2868 1622,2870 1572,2871 1522,2872 1472,2872 1422,2873 1371,2874 1345,2872"/>
          <TextEquiv>
            <Unicode>requisitie</Unicode>
          </TextEquiv>
        </Word>
        <Word id="word_3af56585-d70b-41a4-9387-eaa14410a11f">
          <Coords points="1759,2821 1774,2822 1820,2819 1871,2818 1921,2817 1947,2819 1944,2864 1922,2862 1872,2863 1823,2864 1772,2867 1757,2866"/>
          <TextEquiv>
            <Unicode>vande</Unicode>
          </TextEquiv>
        </Word>
        <Word id="word_1b178200-1a2a-4a4a-89c4-849295e31aae">
          <Coords points="1984,2822 2025,2825 2054,2822 2057,2867 2021,2870 1981,2867"/>
          <TextEquiv>
            <Unicode>hr</Unicode>
          </TextEquiv>
        </Word>
        <Word id="word_8b183996-e85a-4ef4-af37-d55ec5a843d0">
          <Coords points="2091,2819 2119,2817 2172,2817 2206,2817 2206,2862 2172,2862 2123,2862 2095,2864"/>
          <TextEquiv>
            <Unicode>mr.</Unicode>
          </TextEquiv>
        </Word>
        <Word id="word_bcf8cfe3-ea5a-4172-bc60-2f089ed1bc54">
          <Coords points="2242,2817 2271,2816 2321,2814 2372,2814 2421,2813 2472,2819 2467,2864 2422,2858 2372,2859 2322,2859 2272,2861 2244,2862"/>
          <TextEquiv>
            <Unicode>Serard</Unicode>
          </TextEquiv>
        </Word>
        <TextEquiv conf="0.8386342233279461">
          <Unicode>Coninck Davidt hebben ter requisitie vande hr mr. Serard</Unicode>
        </TextEquiv>
        <TextStyle xHeight="39"/>
      </TextLine>
      <TextLine id="e5230b60-0abb-4886-9e43-2784bc4cce77">
        <Coords points="345,2921 395,2922 403,2914 463,2909 607,2913 615,2921 695,2925 747,2953 796,2957 835,2946 920,2946 960,2961 986,2939 1021,2946 1083,2890 1115,2879 1335,2874 1347,2885 1572,2886 1579,2879 1656,2874 1663,2881 1755,2881 1795,2917 1859,2917 1872,2930 1886,2930 1951,2871 2015,2870 2043,2878 2287,2875 2319,2859 2398,2862 2419,2855 2447,2862 2463,2875 2575,2882 2624,2876 2624,2940 2607,2951 2495,2951 2479,2942 2343,2943 2283,2947 2276,2954 2207,2953 2179,2962 2159,2953 2139,2962 2007,2962 1999,2970 1843,2970 1791,2978 1723,2961 1655,2962 1648,2969 1471,2966 1395,3036 1368,3012 1115,3009 1107,3001 1019,2997 1012,2990 999,3002 966,2986 667,2998 659,3006 555,3002 431,3009 411,3028 345,3024"/>
        <Baseline points="376,2996 426,3000 476,3000 526,2997 576,2994 626,2993 676,2991 726,2988 776,2985 826,2982 876,2980 926,2978 976,2975 1026,2973 1076,2971 1126,2970 1176,2967 1226,2965 1276,2964 1326,2963 1376,2961 1426,2958 1476,2955 1526,2956 1576,2956 1626,2955 1676,2953 1726,2951 1776,2951 1826,2949 1876,2949 1926,2947 1976,2948 2026,2947 2076,2945 2126,2945 2176,2943 2226,2941 2276,2938 2326,2937 2376,2935 2426,2933 2476,2931 2526,2929 2576,2927 2594,2925"/>
        <Word id="word_02a9c86f-ddbe-4443-86d6-9c616407ab31">
          <Coords points="379,2961 429,2965 476,2965 524,2962 574,2959 625,2958 629,2958 631,3003 626,3003 577,3004 527,3007 476,3010 425,3010 375,3006"/>
          <TextEquiv>
            <Unicode>herbers</Unicode>
          </TextEquiv>
        </Word>
        <Word id="word_5455d5df-1ced-4969-bfa0-9bb0c2410cee">
          <Coords points="665,2956 675,2956 724,2953 774,2950 824,2947 875,2945 925,2943 955,2941 958,2986 926,2988 876,2990 827,2992 777,2995 727,2998 676,3001 667,3001"/>
          <TextEquiv>
            <Unicode>advocant</Unicode>
          </TextEquiv>
        </Word>
        <Word id="word_2493944a-a51a-492f-830b-5f8dc84f74d1">
          <Coords points="993,2939 1025,2938 1075,2936 1125,2935 1174,2932 1225,2930 1248,2930 1249,2975 1226,2975 1177,2977 1126,2980 1076,2981 1026,2983 994,2984"/>
          <TextEquiv>
            <Unicode>fiscael</Unicode>
          </TextEquiv>
        </Word>
        <Word id="word_54fed5b3-804e-4436-9219-c3b39e969ffe">
          <Coords points="1284,2929 1325,2928 1375,2926 1392,2925 1394,2970 1376,2971 1326,2973 1285,2974"/>
          <TextEquiv>
            <Unicode>van</Unicode>
          </TextEquiv>
        </Word>
        <Word id="word_18d64e2b-95aa-43c3-97c6-f8d29dfcd6c5">
          <Coords points="1428,2923 1474,2920 1527,2921 1576,2921 1611,2920 1612,2965 1576,2966 1526,2966 1477,2965 1431,2968"/>
          <TextEquiv>
            <Unicode>Jndia</Unicode>
          </TextEquiv>
        </Word>
        <Word id="word_19ced249-4b14-452c-a2d5-770013057d7b">
          <Coords points="1646,2920 1674,2918 1720,2916 1722,2961 1677,2963 1649,2965"/>
          <TextEquiv>
            <Unicode>op</Unicode>
          </TextEquiv>
        </Word>
        <Word id="word_fc8229d6-67cc-46a4-91df-c382d2d83ad6">
          <Coords points="1760,2915 1778,2916 1825,2914 1876,2914 1902,2913 1903,2958 1876,2959 1826,2959 1775,2961 1757,2960"/>
          <TextEquiv>
            <Unicode>yder</Unicode>
          </TextEquiv>
        </Word>
        <Word id="word_7ce27958-1c27-4297-96fb-cb3c295c9393">
          <Coords points="1941,2911 1977,2913 2025,2912 2075,2910 2126,2910 2175,2908 2225,2906 2274,2903 2325,2902 2374,2900 2376,2945 2326,2947 2277,2948 2226,2951 2176,2953 2126,2955 2076,2955 2026,2957 1976,2958 1939,2956"/>
          <TextEquiv>
            <Unicode>vruichpoinct</Unicode>
          </TextEquiv>
        </Word>
        <Word id="word_ba7cee1f-4808-4711-a0cd-360b69465076">
          <Coords points="2411,2899 2425,2898 2475,2896 2525,2894 2575,2892 2590,2890 2595,2935 2576,2937 2526,2939 2476,2941 2426,2943 2413,2944"/>
          <TextEquiv>
            <Unicode>onder</Unicode>
          </TextEquiv>
        </Word>
        <TextEquiv conf="0.93694802678554">
          <Unicode>herbers advocant fiscael van Jndia op yder vruichpoinct onder</Unicode>
        </TextEquiv>
        <TextStyle xHeight="30"/>
      </TextLine>
      <TextLine id="line_7fe20d3f-b6c8-46d5-9e8e-10f7c0da572d">
        <Coords points="343,3026 403,3030 425,3014 501,3015 509,3007 537,3003 844,2998 880,3002 912,3034 972,3035 1024,2991 1056,2990 1108,3014 1368,3014 1392,3038 1403,3039 1479,2967 1648,2971 1681,2960 1723,2962 1750,2973 1763,2960 2015,2960 2067,2952 2127,2960 2159,2952 2190,2983 2555,2982 2555,3046 2394,3043 2352,3063 2344,3055 2163,3059 2127,3067 2015,3062 1938,3130 1904,3133 1839,3129 1827,3117 1667,3113 1432,3117 1410,3134 1401,3126 1296,3122 1261,3110 1244,3111 1232,3122 1136,3122 1108,3102 984,3102 936,3103 911,3122 888,3126 693,3126 645,3173 433,3168 409,3149 343,3149"/>
        <Baseline points="374,3101 424,3097 474,3095 524,3092 574,3090 624,3087 674,3084 724,3082 774,3080 824,3078 874,3075 924,3074 974,3070 1024,3067 1074,3065 1124,3063 1174,3062 1224,3061 1274,3060 1324,3060 1374,3058 1424,3058 1474,3057 1524,3057 1574,3057 1624,3056 1674,3055 1724,3055 1774,3053 1824,3053 1874,3052 1924,3050 1974,3049 2024,3047 2074,3044 2124,3043 2174,3042 2224,3039 2274,3038 2324,3035 2374,3034 2424,3032 2474,3030 2524,3031 2525,3031"/>
        <Word id="word_4551173e-5b2b-442a-918d-838c2dd3f873">
          <Coords points="371,3066 421,3062 473,3060 522,3057 549,3056 551,3101 525,3102 474,3105 425,3107 375,3111"/>
          <TextEquiv>
            <Unicode>onder</Unicode>
          </TextEquiv>
        </Word>
        <Word id="word_6521e819-0fd4-4bb6-95d1-0f7bbbb1e987">
          <Coords points="583,3055 622,3052 672,3049 723,3047 773,3045 823,3043 872,3040 923,3039 971,3035 1022,3032 1042,3031 1044,3076 1025,3077 975,3080 924,3084 875,3085 824,3088 774,3090 724,3092 675,3094 625,3097 586,3100"/>
          <TextEquiv>
            <Unicode>gepresteerden</Unicode>
          </TextEquiv>
        </Word>
        <Word id="word_3bf53dd3-20df-4692-bf40-e8eaeb7060cb">
          <Coords points="1077,3030 1123,3028 1173,3027 1219,3026 1220,3071 1174,3072 1124,3073 1079,3075"/>
          <TextEquiv>
            <Unicode>Eede</Unicode>
          </TextEquiv>
        </Word>
        <Word id="word_ef6307c3-3649-4f53-9fd0-4acf71b295b2">
          <Coords points="1254,3025 1273,3025 1324,3025 1373,3023 1424,3023 1473,3022 1524,3022 1574,3022 1623,3021 1673,3020 1714,3020 1714,3065 1674,3065 1624,3066 1574,3067 1524,3067 1474,3067 1424,3068 1374,3068 1324,3070 1274,3070 1255,3070"/>
          <TextEquiv>
            <Unicode>gerespondeert</Unicode>
          </TextEquiv>
        </Word>
        <Word id="word_05b0de42-5e51-437d-b652-af564695a765">
          <Coords points="1746,3020 1771,3018 1824,3018 1873,3017 1889,3016 1891,3061 1874,3062 1824,3063 1775,3063 1750,3065"/>
          <TextEquiv>
            <Unicode>ende</Unicode>
          </TextEquiv>
        </Word>
        <Word id="word_7cc2a8ed-a7e7-409f-9c03-c97316133a60">
          <Coords points="1925,3015 1973,3014 2023,3012 2072,3009 2123,3008 2173,3007 2222,3004 2273,3003 2276,3003 2279,3048 2274,3048 2225,3049 2174,3052 2124,3053 2075,3054 2024,3057 1974,3059 1926,3060"/>
          <TextEquiv>
            <Unicode>geanwwoort</Unicode>
          </TextEquiv>
        </Word>
        <Word id="word_ffde077a-e48d-4361-9b2b-cf04385c8582">
          <Coords points="2311,3001 2322,3000 2373,2999 2418,2997 2420,3042 2374,3044 2325,3045 2314,3046"/>
          <TextEquiv>
            <Unicode>als</Unicode>
          </TextEquiv>
        </Word>
        <Word id="word_88bfcb26-ae49-4e1e-a645-4921cf448c33">
          <Coords points="2453,2996 2473,2995 2525,2996 2525,2996 2525,3041 2524,3041 2474,3040 2455,3041"/>
          <TextEquiv>
            <Unicode>in</Unicode>
          </TextEquiv>
        </Word>
        <TextEquiv conf="0.8953178033517407">
          <Unicode>onder gepresteerden Eede gerespondeert ende geanwwoort als in</Unicode>
        </TextEquiv>
        <TextStyle xHeight="39"/>
      </TextLine>
      <TextLine id="ed9aaf1f-af85-4796-a9ce-f5f90a9504c4">
        <Coords points="343,3149 409,3149 433,3169 642,3173 693,3127 909,3123 933,3103 985,3102 1109,3102 1133,3123 1233,3123 1245,3111 1261,3110 1293,3122 1401,3127 1412,3135 1472,3078 1832,3084 1849,3075 1864,3090 1909,3090 1919,3099 1948,3075 2153,3075 2186,3078 2200,3087 2475,3082 2484,3091 2501,3091 2501,3155 2436,3156 2376,3188 2324,3200 2265,3252 1377,3260 1245,3251 969,3251 945,3272 701,3276 685,3263 634,3259 569,3259 558,3267 533,3267 477,3219 401,3220 383,3236 343,3235"/>
        <Baseline points="374,3212 424,3209 474,3204 524,3201 574,3199 624,3196 674,3192 724,3188 774,3185 824,3182 874,3180 924,3178 974,3177 1024,3175 1074,3173 1124,3170 1174,3167 1224,3166 1274,3163 1324,3162 1374,3161 1424,3159 1474,3157 1524,3156 1574,3155 1624,3154 1674,3154 1724,3154 1774,3154 1824,3154 1874,3156 1924,3155 1974,3153 2024,3150 2074,3147 2124,3146 2174,3144 2224,3144 2274,3144 2324,3143 2374,3141 2424,3138 2471,3140"/>
        <Word id="word_375f054b-0a7f-4f01-a860-390c0c1059c7">
          <Coords points="372,3177 422,3174 471,3169 522,3166 573,3164 622,3161 633,3160 637,3205 625,3206 574,3209 525,3211 475,3214 425,3219 375,3222"/>
          <TextEquiv>
            <Unicode>marqine</Unicode>
          </TextEquiv>
        </Word>
        <Word id="word_6dcc0fa1-8e06-45f7-ad55-dd36e3a4cbd4">
          <Coords points="670,3157 671,3157 721,3153 772,3150 821,3147 823,3192 775,3195 725,3198 675,3202 674,3202"/>
          <TextEquiv>
            <Unicode>voor</Unicode>
          </TextEquiv>
        </Word>
        <Word id="word_9905c715-ea43-4418-b85c-8e6ee8566c37">
          <Coords points="861,3145 874,3145 923,3143 973,3142 1009,3141 1010,3186 974,3187 924,3188 874,3190 860,3190"/>
          <TextEquiv>
            <Unicode>yder</Unicode>
          </TextEquiv>
        </Word>
        <Word id="word_d8e810bb-e127-4f5b-bd7e-a05cef441a32">
          <Coords points="1046,3139 1073,3138 1122,3135 1158,3133 1160,3178 1125,3180 1074,3183 1048,3184"/>
          <TextEquiv>
            <Unicode>der</Unicode>
          </TextEquiv>
        </Word>
        <Word id="word_e49fe8e1-15c5-46a2-80ca-31ea57a0a3ac">
          <Coords points="1198,3131 1225,3131 1272,3128 1323,3127 1373,3126 1421,3124 1422,3169 1374,3171 1324,3172 1275,3173 1224,3176 1197,3176"/>
          <TextEquiv>
            <Unicode>selver</Unicode>
          </TextEquiv>
        </Word>
        <Word id="word_0e34e167-7e2e-4b83-8292-11570970ec0c">
          <Coords points="1458,3123 1473,3122 1523,3121 1573,3120 1623,3119 1674,3119 1724,3119 1774,3119 1824,3119 1873,3121 1871,3166 1824,3164 1774,3164 1724,3164 1674,3164 1624,3164 1574,3165 1524,3166 1474,3167 1460,3168"/>
          <TextEquiv>
            <Unicode>geannoteert</Unicode>
          </TextEquiv>
        </Word>
        <Word id="word_42644c34-112b-410f-8b23-7d2fe7d0f97a">
          <Coords points="1904,3123 1918,3120 1973,3118 2022,3115 2057,3113 2059,3158 2025,3160 1974,3163 1926,3165 1911,3167"/>
          <TextEquiv>
            <Unicode>inde</Unicode>
          </TextEquiv>
        </Word>
        <Word id="word_f407084d-9751-47d3-9b47-8f48d79d6ce4">
          <Coords points="2096,3111 2124,3111 2173,3109 2224,3109 2274,3109 2323,3108 2373,3106 2422,3103 2472,3105 2470,3150 2425,3148 2374,3151 2324,3153 2274,3154 2224,3154 2174,3154 2124,3156 2096,3156"/>
          <TextEquiv>
            <Unicode>geschreven</Unicode>
          </TextEquiv>
        </Word>
        <TextEquiv conf="0.8803516382492826">
          <Unicode>marqine voor yder der selver geannoteert inde geschreven</Unicode>
        </TextEquiv>
        <TextStyle xHeight="48"/>
      </TextLine>
      <TextLine id="ac9b97c2-7d91-49ee-b86f-602414c17c6f">
        <Coords points="348,3235 384,3236 410,3223 430,3223 438,3231 486,3231 534,3267 559,3267 594,3232 667,3233 667,3297 638,3308 425,3308 417,3316 348,3308"/>
        <Baseline points="379,3303 429,3301 479,3298 529,3295 579,3290 629,3285 637,3282"/>
        <Word id="word_f443a103-db2f-49db-9594-ba3c99c57661">
          <Coords points="378,3268 428,3266 477,3263 527,3260 576,3255 625,3249 626,3250 641,3291 630,3295 580,3300 530,3305 480,3308 429,3311 379,3313"/>
          <TextEquiv>
            <Unicode>staat</Unicode>
          </TextEquiv>
        </Word>
        <TextEquiv conf="0.9679817927391424">
          <Unicode>staat</Unicode>
        </TextEquiv>
        <TextStyle xHeight="24"/>
      </TextLine>
    </TextRegion>
    <TextRegion id="region_98b50fc9-7a0d-4fbd-954d-79d40e5d9e36_1" custom="structure {type:paragraph;}">
      <Coords points="2482,3510 2454,3462 2420,3451 2386,3455 2259,3445 1896,3445 1787,3451 1499,3441 1465,3455 1403,3537 1403,3554 1417,3575 1417,3595 1393,3612 1369,3619 1349,3640 1304,3609 1301,3592 1308,3575 1297,3564 1273,3554 1147,3534 952,3530 866,3537 828,3530 746,3530 695,3544 613,3544 513,3530 363,3527 335,3551 329,3571 329,3612 318,3640 318,3705 339,3825 325,3866 325,3914 335,3955 329,4068 346,4109 339,4208 349,4297 383,4338 404,4349 503,4355 565,4338 650,4345 712,4328 866,4321 979,4301 1140,4311 1212,4304 1236,4294 1222,4266 1198,4242 1147,4225 1109,4198 1006,4170 856,4164 568,4177 489,4164 442,4164 424,4153 404,4129 404,4112 424,4095 643,4023 667,4003 661,3982 650,3975 548,3982 527,3992 479,3979 455,3982 448,3972 455,3955 479,3958 527,3945 647,3945 750,3927 1051,3927 1157,3917 1308,3924 1355,3934 1455,3931 1468,3945 1465,3962 1427,3992 1397,4034 1393,4064 1417,4119 1424,4157 1451,4181 1472,4188 1653,4191 1674,4184 1729,4184 1780,4194 1992,4188 2156,4205 2328,4164 2478,4160 2529,4147 2543,4136 2553,4112 2523,4044 2519,4006 2506,3979 2468,3934 2482,3900 2478,3866 2485,3814 2458,3770 2458,3760 2478,3719 2475,3698 2461,3677 2461,3657 2475,3626 2488,3554"/>
      <TextLine id="b64ca8b7-b49e-47d8-948f-792164cb61b0">
        <Coords points="1420,3366 1898,3367 2068,3358 2361,3362 2438,3370 2486,3418 2503,3417 2503,3480 2394,3479 2338,3499 2278,3491 2254,3499 2186,3566 2134,3566 2114,3549 1942,3554 1922,3537 1420,3522"/>
        <Baseline points="1451,3486 1501,3486 1551,3483 1601,3482 1651,3482 1701,3481 1751,3482 1801,3482 1851,3482 1901,3482 1951,3482 2001,3481 2051,3477 2101,3476 2151,3476 2201,3478 2251,3477 2301,3479 2351,3477 2401,3471 2451,3466 2473,3465"/>
        <Word id="word_ab47a763-9809-4a57-abaf-3e42ed88b31a">
          <Coords points="1451,3451 1501,3451 1549,3448 1600,3447 1651,3447 1700,3446 1752,3447 1801,3447 1851,3447 1901,3447 1916,3447 1916,3492 1901,3492 1851,3492 1801,3492 1751,3492 1701,3491 1651,3492 1601,3492 1552,3493 1501,3496 1451,3496"/>
          <TextEquiv>
            <Unicode>Aenvanckel</Unicode>
          </TextEquiv>
        </Word>
        <Word id="word_646eea19-b99c-4496-808d-4a2cd5ecbf8a">
          <Coords points="1962,3447 2000,3446 2048,3442 2100,3441 2151,3441 2202,3443 2250,3442 2302,3444 2333,3443 2335,3488 2301,3489 2251,3487 2201,3488 2151,3486 2101,3486 2052,3487 2001,3491 1963,3492"/>
          <TextEquiv>
            <Unicode>ingesien</Unicode>
          </TextEquiv>
        </Word>
        <Word id="word_c935e5ef-a729-49eb-b1c3-ecd70ecb279a">
          <Coords points="2373,3442 2393,3437 2448,3431 2471,3430 2473,3475 2452,3476 2403,3481 2383,3486"/>
          <TextEquiv>
            <Unicode>Ey</Unicode>
          </TextEquiv>
        </Word>
        <TextEquiv conf="0.8019744907367282">
          <Unicode>Aenvanckel ingesien Ey</Unicode>
        </TextEquiv>
        <TextStyle xHeight="52"/>
      </TextLine>
      <TextLine id="f91dd592-6b88-4fcf-928a-a1f5cf7ee05d">
        <Coords points="293,3480 407,3480 483,3552 495,3553 771,3553 807,3520 823,3520 859,3541 961,3536 1047,3540 1059,3549 1272,3543 1272,3607 939,3607 915,3625 771,3624 731,3660 699,3672 674,3671 643,3641 575,3636 543,3637 488,3686 439,3682 423,3667 386,3652 293,3647"/>
        <Baseline points="324,3595 374,3595 424,3598 474,3598 524,3598 574,3599 624,3599 674,3599 724,3598 774,3598 824,3598 874,3597 924,3596 974,3596 1024,3592 1074,3590 1124,3588 1174,3588 1224,3588 1242,3592"/>
        <Word id="word_78e9f473-37e3-428f-a4ed-a7eebad96514">
          <Coords points="324,3560 374,3560 426,3563 474,3563 524,3563 575,3564 624,3564 674,3564 723,3563 774,3563 824,3563 873,3562 923,3561 974,3561 1021,3557 1032,3557 1034,3602 1025,3602 974,3606 924,3606 874,3607 824,3608 774,3608 724,3608 674,3609 624,3609 574,3609 524,3608 474,3608 423,3608 374,3605 324,3605"/>
          <TextEquiv>
            <Unicode>geinterrogeerdens</Unicode>
          </TextEquiv>
        </Word>
        <Word id="word_44d3ec17-a35d-4e1f-a224-c96ed6f220b9">
          <Coords points="1074,3555 1123,3553 1174,3553 1224,3553 1250,3558 1240,3602 1224,3598 1174,3598 1124,3598 1076,3600"/>
          <TextEquiv>
            <Unicode>vant</Unicode>
          </TextEquiv>
        </Word>
        <TextEquiv conf="0.8714460947207179">
          <Unicode>geinterrogeerdens vant</Unicode>
        </TextEquiv>
        <TextStyle xHeight="34"/>
      </TextLine>
      <TextLine id="line_1464e103-eb19-42ef-a439-e91d7e086206">
        <Coords points="1429,3536 1919,3535 1943,3556 1982,3548 2110,3547 2134,3567 2154,3568 2190,3564 2238,3516 2382,3515 2434,3523 2467,3552 2500,3552 2507,3545 2507,3607 2386,3607 2374,3599 2358,3607 2258,3606 2246,3615 2124,3614 2107,3630 2050,3631 1994,3675 1835,3674 1788,3631 1775,3640 1755,3625 1679,3625 1639,3653 1603,3642 1543,3642 1495,3675 1429,3679"/>
        <Baseline points="1460,3611 1510,3608 1560,3605 1610,3605 1660,3605 1710,3604 1760,3604 1810,3603 1860,3602 1910,3601 1960,3602 2010,3603 2060,3600 2110,3599 2160,3598 2210,3598 2260,3596 2310,3595 2360,3593 2410,3591 2460,3589 2477,3592"/>
        <Word id="word_2a54214d-085d-4f8c-944e-27ef2b2d06c5">
          <Coords points="1458,3576 1508,3573 1558,3570 1610,3570 1660,3570 1709,3569 1760,3569 1809,3568 1859,3567 1909,3566 1949,3567 1948,3612 1910,3611 1860,3612 1810,3613 1760,3614 1710,3614 1660,3615 1610,3615 1561,3615 1511,3618 1461,3621"/>
          <TextEquiv>
            <Unicode>gevraechdens</Unicode>
          </TextEquiv>
        </Word>
        <Word id="word_6fed2378-8e7d-4305-a969-3260bb7a9926">
          <Coords points="1990,3568 2011,3568 2058,3565 2109,3564 2159,3563 2210,3563 2259,3561 2309,3560 2359,3558 2409,3556 2459,3554 2483,3558 2475,3602 2460,3599 2410,3601 2360,3603 2310,3605 2260,3606 2210,3608 2160,3608 2110,3609 2061,3610 2010,3613 1989,3613"/>
          <TextEquiv>
            <Unicode>gesamentlijk</Unicode>
          </TextEquiv>
        </Word>
        <TextEquiv conf="0.8613134493441051">
          <Unicode>gevraechdens gesamentlijk</Unicode>
        </TextEquiv>
        <TextStyle xHeight="36"/>
      </TextLine>
      <TextLine id="b5cb25b6-72f1-4306-b4a7-b334094aea38">
        <Coords points="306,3647 386,3652 436,3679 491,3684 548,3635 644,3641 678,3672 724,3664 756,3639 799,3639 811,3651 895,3651 915,3668 947,3668 971,3644 1023,3639 1308,3639 1308,3703 1183,3697 1159,3705 1103,3705 1091,3716 987,3720 942,3763 892,3720 616,3724 605,3716 580,3716 572,3724 536,3728 521,3720 488,3720 480,3728 368,3728 345,3716 306,3716"/>
        <Baseline points="337,3706 387,3714 437,3712 487,3711 537,3709 587,3708 637,3705 687,3704 737,3703 787,3702 837,3701 887,3702 937,3701 987,3701 1037,3698 1087,3696 1137,3694 1187,3690 1237,3687 1278,3688"/>
        <Word id="word_c36bd086-c09c-4034-83de-41b9bbad2ebe">
          <Coords points="343,3671 393,3679 436,3677 486,3676 536,3674 550,3674 551,3719 537,3719 487,3721 437,3722 385,3724 335,3716"/>
          <TextEquiv>
            <Unicode>Schip</Unicode>
          </TextEquiv>
        </Word>
        <Word id="word_58cf3700-fcb6-4b1b-b64a-e2b1d99a02a3">
          <Coords points="591,3673 635,3670 686,3669 721,3668 722,3713 687,3714 638,3715 594,3718"/>
          <TextEquiv>
            <Unicode>den</Unicode>
          </TextEquiv>
        </Word>
        <Word id="word_8e03a2b7-992e-42eb-a86d-d7b31c3fc0d2">
          <Coords points="764,3667 786,3667 836,3666 888,3667 936,3666 987,3666 1035,3663 1086,3661 1106,3660 1107,3705 1087,3706 1038,3708 987,3711 937,3711 887,3712 837,3711 787,3712 765,3712"/>
          <TextEquiv>
            <Unicode>Oliphunt</Unicode>
          </TextEquiv>
        </Word>
        <Word id="word_652e86e7-5198-4284-9be3-24803d0bcae7">
          <Coords points="1146,3659 1184,3655 1235,3652 1279,3653 1278,3698 1238,3697 1188,3700 1151,3703"/>
          <TextEquiv>
            <Unicode>ant</Unicode>
          </TextEquiv>
        </Word>
        <TextEquiv conf="0.8944090052139054">
          <Unicode>Schip den Oliphunt ant</Unicode>
        </TextEquiv>
        <TextStyle xHeight="25"/>
      </TextLine>
      <TextLine id="e0f0fd75-87c6-41e7-83eb-c5db0671ff40">
        <Coords points="1413,3683 1744,3691 1774,3668 1797,3664 1810,3675 1991,3676 2042,3637 2098,3632 2138,3663 2266,3671 2274,3679 2566,3670 2566,3733 2501,3743 2453,3731 2409,3732 2369,3758 2357,3747 2337,3747 2325,3735 2174,3740 2146,3763 2038,3767 1970,3834 1758,3838 1678,3767 1559,3771 1518,3810 1413,3810"/>
        <Baseline points="1444,3762 1494,3757 1544,3753 1594,3749 1644,3747 1694,3746 1744,3744 1794,3744 1844,3743 1894,3741 1944,3738 1994,3737 2044,3735 2094,3734 2144,3731 2194,3730 2244,3727 2294,3724 2344,3723 2394,3722 2444,3720 2494,3719 2536,3718"/>
        <Word id="word_d6b7693f-69e7-45da-aa71-3ea2239f49ba">
          <Coords points="1441,3727 1491,3722 1541,3718 1567,3716 1570,3761 1545,3763 1495,3767 1445,3772"/>
          <TextEquiv>
            <Unicode>met</Unicode>
          </TextEquiv>
        </Word>
        <Word id="word_51dd1cc4-e7a3-48b1-b8e7-e282d72aad70">
          <Coords points="1611,3713 1643,3712 1693,3711 1736,3709 1738,3754 1694,3756 1644,3757 1612,3758"/>
          <TextEquiv>
            <Unicode>het</Unicode>
          </TextEquiv>
        </Word>
        <Word id="word_0768bd84-1b16-438b-95f1-a5d2a8ce0798">
          <Coords points="1783,3708 1797,3709 1843,3708 1893,3706 1942,3703 1989,3702 1990,3747 1945,3748 1894,3751 1844,3753 1793,3754 1779,3753"/>
          <TextEquiv>
            <Unicode>Schip</Unicode>
          </TextEquiv>
        </Word>
        <Word id="word_2ee7b07c-f844-4314-9233-a04e3627270f">
          <Coords points="2028,3701 2040,3700 2093,3699 2142,3696 2157,3696 2158,3741 2145,3741 2094,3744 2045,3745 2033,3746"/>
          <TextEquiv>
            <Unicode>den</Unicode>
          </TextEquiv>
        </Word>
        <Word id="word_8ac12eee-3b28-4cfa-aec0-c8c63448d6cf">
          <Coords points="2197,3695 2242,3692 2292,3689 2343,3688 2393,3687 2443,3685 2493,3684 2535,3683 2536,3728 2494,3729 2444,3730 2394,3732 2344,3733 2295,3734 2245,3737 2200,3740"/>
          <TextEquiv>
            <Unicode>Oliphant</Unicode>
          </TextEquiv>
        </Word>
        <TextEquiv conf="0.9000172386015893">
          <Unicode>met het Schip den Oliphant</Unicode>
        </TextEquiv>
        <TextStyle xHeight="41"/>
      </TextLine>
      <TextLine id="line_2bab1fdf-90b0-4ff8-9f50-1bee9d7e5dee">
        <Coords points="313,3727 479,3728 487,3720 507,3720 535,3728 604,3716 619,3727 749,3732 755,3726 882,3726 891,3720 934,3763 974,3740 1050,3739 1114,3748 1367,3741 1367,3805 1286,3805 1258,3831 1232,3811 1198,3808 1190,3816 1170,3816 1150,3835 990,3835 966,3859 918,3850 866,3855 858,3863 822,3830 811,3830 767,3870 742,3875 623,3875 575,3842 411,3843 340,3894 327,3887 313,3894"/>
        <Baseline points="344,3814 394,3814 444,3814 494,3813 544,3813 594,3813 644,3811 694,3811 744,3809 794,3807 844,3806 894,3807 944,3807 994,3806 1044,3806 1094,3804 1144,3802 1194,3801 1244,3798 1294,3796 1337,3790"/>
        <Word id="word_83b126dc-4a90-4ab8-b02e-f2756f2ddca5">
          <Coords points="344,3779 394,3779 444,3779 493,3778 544,3778 594,3778 600,3778 602,3823 594,3823 544,3823 494,3823 444,3824 394,3824 344,3824"/>
          <TextEquiv>
            <Unicode>woorden</Unicode>
          </TextEquiv>
        </Word>
        <Word id="word_ccb06a46-4506-4f73-b57d-95cf92e09e7b">
          <Coords points="637,3776 643,3776 694,3776 743,3774 793,3772 843,3771 895,3772 944,3772 993,3771 1006,3771 1006,3816 994,3816 944,3817 894,3817 844,3816 794,3817 744,3819 694,3821 644,3821 639,3821"/>
          <TextEquiv>
            <Unicode>gesamentl.</Unicode>
          </TextEquiv>
        </Word>
        <Word id="word_f726a6cc-32c3-4298-a819-afb20fa75ff3">
          <Coords points="1043,3771 1044,3771 1093,3769 1143,3767 1153,3767 1154,3812 1144,3812 1094,3814 1044,3816 1043,3816"/>
          <TextEquiv>
            <Unicode>den</Unicode>
          </TextEquiv>
        </Word>
        <Word id="word_f66a8b6b-13d0-47d3-aa6a-213caa1e8e52">
          <Coords points="1190,3766 1193,3766 1242,3763 1293,3761 1332,3755 1338,3800 1294,3806 1245,3808 1194,3811 1191,3811"/>
          <TextEquiv>
            <Unicode>vyen</Unicode>
          </TextEquiv>
        </Word>
        <TextEquiv conf="0.7828292526159013">
          <Unicode>woorden gesamentl. den vyen</Unicode>
        </TextEquiv>
        <TextStyle xHeight="38"/>
      </TextLine>
      <TextLine id="fd1eabbe-84b2-4fc2-9d80-c000fd4d6fd9">
        <Coords points="316,3806 341,3826 371,3823 386,3838 406,3843 574,3842 618,3877 670,3878 694,3870 738,3830 769,3846 786,3831 822,3830 842,3846 966,3858 990,3835 1150,3835 1174,3811 1517,3811 1577,3759 1617,3758 1625,3766 1665,3770 1693,3798 1705,3794 1753,3839 1969,3835 2037,3767 2308,3762 2323,3770 2349,3747 2369,3758 2385,3746 2417,3771 2509,3770 2529,3790 2558,3792 2558,3856 2533,3855 2477,3906 2337,3902 2329,3910 2289,3914 1949,3918 1887,3977 1781,3973 1765,3989 1741,3989 1721,4005 1525,4005 1481,3965 1437,3965 1422,3957 1266,3957 1202,4013 778,4012 691,3930 646,3929 502,3934 418,4017 390,4000 316,4000"/>
        <Baseline points="347,3925 397,3922 447,3922 497,3920 547,3920 597,3919 647,3915 697,3914 747,3912 797,3909 847,3907 897,3906 947,3906 997,3905 1047,3904 1097,3902 1147,3903 1197,3903 1247,3903 1297,3904 1347,3906 1397,3906 1447,3901 1497,3890 1547,3888 1597,3885 1647,3884 1697,3883 1747,3881 1797,3879 1847,3877 1897,3875 1947,3875 1997,3875 2047,3871 2097,3868 2147,3865 2197,3862 2247,3859 2297,3858 2347,3854 2397,3850 2447,3847 2497,3842 2528,3841"/>
        <Word id="word_eff447b1-a803-4c1d-950a-aafef105c147">
          <Coords points="345,3890 395,3887 447,3887 496,3885 532,3885 532,3930 497,3930 447,3932 398,3932 348,3935"/>
          <TextEquiv>
            <Unicode>april</Unicode>
          </TextEquiv>
        </Word>
        <Word id="word_4c66aacd-7069-4cd0-92bb-7eb2fc9dedf2">
          <Coords points="568,3885 596,3884 644,3880 696,3879 746,3877 752,3877 755,3922 747,3922 697,3924 648,3925 597,3929 569,3930"/>
          <TextEquiv>
            <Unicode>deses</Unicode>
          </TextEquiv>
        </Word>
        <Word id="word_905f6278-fe10-4b85-9021-c8163cbfecac">
          <Coords points="789,3874 795,3874 846,3872 896,3871 947,3871 975,3870 976,3915 947,3916 897,3916 847,3917 798,3919 791,3919"/>
          <TextEquiv>
            <Unicode>sints</Unicode>
          </TextEquiv>
        </Word>
        <Word id="word_e6654c79-592b-48b2-b3c9-146e1f3b1ef9">
          <Coords points="1012,3870 1046,3869 1096,3867 1148,3868 1197,3868 1247,3868 1298,3869 1311,3870 1309,3914 1297,3914 1247,3913 1197,3913 1147,3913 1097,3912 1047,3914 1013,3915"/>
          <TextEquiv>
            <Unicode>witcxhel</Unicode>
          </TextEquiv>
        </Word>
        <Word id="word_28164610-db7b-43a1-b4ac-2942d3df6f49">
          <Coords points="1348,3871 1348,3871 1397,3871 1444,3866 1449,3865 1459,3909 1448,3911 1397,3916 1347,3916 1346,3916"/>
          <TextEquiv>
            <Unicode>syl</Unicode>
          </TextEquiv>
        </Word>
        <Word id="word_5d9c5eb6-7392-452f-9c1f-0df0c3fd2a07">
          <Coords points="1485,3857 1489,3856 1546,3853 1595,3850 1646,3849 1677,3848 1678,3893 1647,3894 1598,3895 1547,3898 1499,3900 1495,3901"/>
          <TextEquiv>
            <Unicode>onder</Unicode>
          </TextEquiv>
        </Word>
        <Word id="word_5afbc7eb-8e57-4698-8cb5-13d229ec949c">
          <Coords points="1713,3848 1745,3846 1796,3844 1824,3843 1826,3888 1797,3889 1748,3891 1715,3893"/>
          <TextEquiv>
            <Unicode>het</Unicode>
          </TextEquiv>
        </Word>
        <Word id="word_b0f9b53a-b506-4723-a2e4-3d160e7c7752">
          <Coords points="1861,3841 1896,3840 1947,3840 1997,3840 2044,3836 2083,3834 2085,3879 2048,3881 1997,3885 1947,3885 1897,3885 1863,3886"/>
          <TextEquiv>
            <Unicode>gesach</Unicode>
          </TextEquiv>
        </Word>
        <Word id="word_e87b2cfa-8036-4921-b649-c6c0d05fa4c8">
          <Coords points="2120,3832 2145,3830 2195,3827 2245,3824 2296,3823 2341,3819 2344,3864 2297,3868 2248,3869 2198,3872 2148,3875 2122,3877"/>
          <TextEquiv>
            <Unicode>vanden</Unicode>
          </TextEquiv>
        </Word>
        <Word id="word_43e9fd13-6ce0-410a-b951-a329937d5ac3">
          <Coords points="2377,3816 2394,3815 2415,3814 2418,3859 2398,3860 2381,3861"/>
          <TextEquiv>
            <Unicode>E</Unicode>
          </TextEquiv>
        </Word>
        <Word id="word_3d8a6373-a825-4f4b-bd4e-6399aa1e0931">
          <Coords points="2450,3812 2493,3807 2527,3806 2528,3851 2498,3852 2455,3857"/>
          <TextEquiv>
            <Unicode>hr</Unicode>
          </TextEquiv>
        </Word>
        <TextEquiv conf="0.7720429247418218">
          <Unicode>april deses sints witcxhel syl onder het gesach vanden E hr</Unicode>
        </TextEquiv>
        <TextStyle xHeight="52"/>
      </TextLine>
      <TextLine id="line_78a28b96-d71e-431d-936e-c0b440633d03">
        <Coords points="1389,3926 1427,3910 1655,3904 1687,3933 1699,3929 1751,3980 1768,3984 1783,3972 1887,3977 1947,3918 2222,3917 2230,3925 2430,3929 2539,3946 2539,4011 2490,4011 2478,4018 2266,4018 2218,4022 2200,4033 2086,4033 2042,4045 1699,4045 1683,4057 1619,4057 1604,4068 1579,4052 1535,4052 1523,4061 1491,4061 1467,4080 1389,4080"/>
        <Baseline points="1420,4047 1470,4043 1520,4041 1570,4040 1620,4037 1670,4035 1720,4035 1770,4034 1820,4032 1870,4033 1920,4033 1970,4032 2020,4031 2070,4028 2120,4022 2170,4018 2220,4014 2270,4011 2320,4009 2370,4003 2420,4002 2470,4000 2509,3996"/>
        <Word id="word_883230dd-062e-4883-91a5-3b95a70c64b1">
          <Coords points="1417,4012 1467,4008 1519,4006 1569,4005 1618,4002 1669,4000 1681,4000 1681,4045 1670,4045 1621,4047 1570,4050 1520,4051 1471,4053 1421,4057"/>
          <TextEquiv>
            <Unicode>Jochum</Unicode>
          </TextEquiv>
        </Word>
        <Word id="word_5f179050-3141-484b-b0cd-678c31289821">
          <Coords points="1724,4000 1769,3999 1819,3997 1871,3998 1920,3998 1969,3997 2019,3996 2068,3993 2113,3988 2119,4032 2071,4038 2020,4041 1970,4042 1920,4043 1870,4043 1820,4042 1770,4044 1725,4045"/>
          <TextEquiv>
            <Unicode>roeloffsz</Unicode>
          </TextEquiv>
        </Word>
        <Word id="word_09b9ab3e-6f5c-4104-885b-5413a0e5924b">
          <Coords points="2164,3982 2173,3983 2217,3979 2268,3976 2319,3974 2366,3968 2419,3967 2469,3965 2505,3961 2510,4006 2470,4010 2420,4012 2371,4013 2320,4019 2271,4021 2221,4024 2169,4028 2160,4027"/>
          <TextEquiv>
            <Unicode>Dentecom</Unicode>
          </TextEquiv>
        </Word>
        <TextEquiv conf="0.8298885278379737">
          <Unicode>Jochum roeloffsz Dentecom</Unicode>
        </TextEquiv>
        <TextStyle xHeight="39"/>
      </TextLine>
      <TextLine id="cb62faa6-e6a3-49d1-af16-f930284a9a34">
        <Coords points="340,4001 390,4001 417,4018 437,3998 533,3993 565,3997 573,4005 640,3998 680,4014 712,3983 725,3983 725,4046 593,4046 565,4066 533,4066 521,4078 406,4085 390,4097 340,4092"/>
        <Baseline points="371,4036 421,4040 471,4038 521,4034 571,4033 621,4031 671,4029 695,4031"/>
        <Word id="word_0be27c60-0476-446c-a294-1aa93d83735f">
          <Coords points="374,4001 424,4005 470,4003 518,3999 570,3998 586,3997 587,4042 571,4043 522,4044 471,4048 420,4050 370,4046"/>
          <TextEquiv>
            <Unicode>geynen</Unicode>
          </TextEquiv>
        </Word>
        <Word id="word_9cf615d4-5860-4202-8396-d7097dc9ab59">
          <Coords points="622,3996 670,3994 698,3996 694,4041 671,4039 623,4041"/>
          <TextEquiv>
            <Unicode>is</Unicode>
          </TextEquiv>
        </Word>
        <TextEquiv conf="0.7951052043972727">
          <Unicode>geynen is</Unicode>
        </TextEquiv>
        <TextStyle xHeight="27"/>
      </TextLine>
      <TextLine id="line_9226bfaa-bc86-4ff7-8843-6f398def0aa3">
        <Coords points="1387,4123 1533,4131 1541,4139 1589,4143 1606,4155 1622,4151 1697,4080 2069,4085 2197,4069 2357,4064 2415,4073 2501,4072 2529,4095 2586,4095 2586,4158 2445,4158 2421,4161 2405,4176 2185,4176 2143,4215 2065,4214 2049,4227 1645,4227 1582,4270 1387,4270"/>
        <Baseline points="1418,4175 1468,4178 1518,4178 1568,4177 1618,4176 1668,4175 1718,4176 1768,4176 1818,4174 1868,4170 1918,4169 1968,4168 2018,4168 2068,4166 2118,4165 2168,4165 2218,4163 2268,4159 2318,4156 2368,4154 2418,4152 2468,4149 2518,4147 2556,4143"/>
        <Word id="word_9f2e8358-ec1a-4ed7-bc3c-9b0063798797">
          <Coords points="1420,4140 1470,4143 1506,4143 1506,4188 1467,4188 1417,4185"/>
          <TextEquiv>
            <Unicode>wt</Unicode>
          </TextEquiv>
        </Word>
        <Word id="word_608dadc6-3087-4477-aede-a732199e9d6d">
          <Coords points="1547,4143 1566,4142 1617,4141 1667,4140 1681,4140 1681,4185 1668,4185 1618,4186 1569,4187 1550,4188"/>
          <TextEquiv>
            <Unicode>het</Unicode>
          </TextEquiv>
        </Word>
        <Word id="word_2875b426-793a-42e9-94e5-f207ae71522e">
          <Coords points="1724,4141 1768,4141 1817,4139 1865,4135 1917,4134 1967,4133 2018,4133 2067,4131 2117,4130 2119,4130 2119,4175 2118,4175 2068,4176 2018,4178 1968,4178 1918,4179 1869,4180 1818,4184 1768,4186 1725,4186"/>
          <TextEquiv>
            <Unicode>Vaderlant</Unicode>
          </TextEquiv>
        </Word>
        <Word id="word_e4a5b303-250a-4a80-ae53-c0cd3a91aecf">
          <Coords points="2162,4130 2168,4130 2217,4128 2265,4124 2316,4121 2367,4119 2417,4117 2466,4114 2517,4112 2552,4108 2557,4153 2518,4157 2469,4159 2418,4162 2368,4164 2319,4166 2269,4169 2218,4173 2168,4175 2162,4175"/>
          <TextEquiv>
            <Unicode>herwaerts</Unicode>
          </TextEquiv>
        </Word>
        <TextEquiv conf="0.8891566532987536">
          <Unicode>wt het Vaderlant herwaerts</Unicode>
        </TextEquiv>
        <TextStyle xHeight="40"/>
      </TextLine>
      <TextLine id="line_0701f7b6-8d43-4b18-b38d-49d98e2e1d56">
        <Coords points="277,4125 311,4116 523,4125 751,4120 803,4156 895,4147 1264,4161 1264,4224 1043,4222 707,4234 671,4266 639,4270 591,4242 511,4243 491,4262 427,4262 374,4215 277,4222"/>
        <Baseline points="308,4210 358,4208 408,4207 458,4207 508,4206 558,4205 608,4204 658,4204 708,4202 758,4202 808,4202 858,4201 908,4203 958,4204 1008,4205 1058,4205 1108,4206 1158,4205 1208,4205 1234,4209"/>
        <Word id="word_c0c00b01-fe00-49cb-9173-060e7ac3175b">
          <Coords points="307,4175 357,4173 407,4172 458,4172 507,4171 557,4170 607,4169 658,4169 707,4167 758,4167 808,4167 857,4166 909,4168 959,4169 1009,4170 1041,4170 1041,4215 1008,4215 958,4214 908,4213 858,4211 808,4212 758,4212 708,4212 658,4214 608,4214 558,4215 508,4216 458,4217 408,4217 358,4218 308,4220"/>
          <TextEquiv>
            <Unicode>d'geinterrepeerdens</Unicode>
          </TextEquiv>
        </Word>
        <Word id="word_856efa2e-207d-4440-b6c4-49850a2ffb77">
          <Coords points="1081,4170 1109,4171 1157,4170 1208,4170 1239,4174 1232,4219 1208,4215 1158,4215 1108,4216 1080,4215"/>
          <TextEquiv>
            <Unicode>vant</Unicode>
          </TextEquiv>
        </Word>
        <TextEquiv conf="0.7823985488918266">
          <Unicode>d'geinterrepeerdens vant</Unicode>
        </TextEquiv>
        <TextStyle xHeight="35"/>
      </TextLine>
      <TextLine id="d3ba0b26-ee80-4278-855a-bc97c1389e1e">
        <Coords points="291,4219 374,4215 429,4262 489,4262 509,4245 604,4245 636,4270 672,4266 712,4233 980,4229 1159,4237 1179,4248 1284,4248 1284,4312 1087,4311 1036,4315 1028,4323 892,4323 884,4331 672,4323 656,4339 580,4335 560,4355 540,4355 516,4379 493,4387 291,4395"/>
        <Baseline points="322,4319 372,4315 422,4313 472,4311 522,4309 572,4308 622,4308 672,4310 722,4311 772,4308 822,4307 872,4306 922,4305 972,4304 1022,4306 1072,4305 1122,4303 1172,4302 1222,4300 1254,4297"/>
        <Word id="word_a1b3c54a-a74e-428c-bd67-56e2ca6d5fcf">
          <Coords points="319,4284 369,4280 421,4278 471,4276 515,4274 516,4319 472,4321 422,4323 373,4325 323,4329"/>
          <TextEquiv>
            <Unicode>Schip</Unicode>
          </TextEquiv>
        </Word>
        <Word id="word_7341225a-cd53-4deb-a6b2-8b23f8f002b2">
          <Coords points="556,4273 573,4273 622,4273 673,4275 671,4320 622,4318 572,4318 555,4318"/>
          <TextEquiv>
            <Unicode>den</Unicode>
          </TextEquiv>
        </Word>
        <Word id="word_cb6de762-9fe5-4b33-9044-9c9a421b3bd7">
          <Coords points="709,4277 720,4276 770,4273 821,4272 871,4271 921,4270 971,4269 984,4269 982,4314 972,4314 922,4315 872,4316 822,4317 773,4318 722,4321 711,4322"/>
          <TextEquiv>
            <Unicode>Coninck</Unicode>
          </TextEquiv>
        </Word>
        <Word id="word_ffd2ec40-b83a-40e4-8b2e-a8972a23b424">
          <Coords points="1022,4271 1023,4271 1071,4270 1121,4268 1171,4267 1221,4265 1251,4262 1255,4307 1222,4310 1172,4312 1122,4313 1072,4315 1022,4316 1021,4316"/>
          <TextEquiv>
            <Unicode>Davidt</Unicode>
          </TextEquiv>
        </Word>
        <TextEquiv conf="0.947100812732442">
          <Unicode>Schip den Coninck Davidt</Unicode>
        </TextEquiv>
        <TextStyle xHeight="36"/>
      </TextLine>
    </TextRegion>
    <TextRegion id="region_d5ef42dd-b426-4686-bece-c565cb0aa7f8_3" custom="structure {type:catch-word;}">
      <Coords points="2317,4263 2314,4260 2314,4253 2310,4249 2310,4239 2304,4232 2304,4229 2297,4222 2293,4222 2290,4218 2269,4218 2266,4215 2215,4215 2211,4218 2191,4218 2187,4222 2177,4222 2174,4218 2088,4218 2085,4222 2067,4222 2064,4225 2061,4225 2057,4229 2054,4229 2050,4232 2047,4232 2037,4242 2037,4246 2033,4249 2033,4253 2037,4256 2037,4263 2040,4266 2040,4270 2043,4273 2043,4277 2047,4280 2050,4280 2061,4290 2064,4290 2074,4301 2078,4301 2081,4304 2085,4304 2088,4307 2091,4307 2095,4311 2098,4311 2102,4314 2108,4314 2112,4318 2122,4318 2126,4321 2218,4321 2221,4318 2249,4318 2252,4314 2266,4314 2269,4311 2273,4311 2276,4307 2283,4307 2290,4301 2293,4301 2307,4287 2307,4283 2310,4280 2310,4277 2314,4273 2314,4266"/>
      <TextLine id="line_27fa5fe0-2c0a-430a-b6b8-ca734796426a">
        <Coords points="2035,4219 2144,4214 2188,4179 2212,4203 2227,4203 2267,4243 2320,4243 2320,4306 2188,4303 2144,4339 2035,4346"/>
        <Baseline points="2066,4295 2116,4298 2166,4295 2216,4293 2266,4289 2290,4291"/>
        <Word id="word_d52b4589-e74b-4c1f-a03f-b2748640b72f">
          <Coords points="2068,4260 2118,4263 2164,4260 2215,4258 2263,4254 2293,4256 2289,4301 2267,4299 2216,4303 2167,4305 2115,4308 2065,4305"/>
          <TextEquiv>
            <Unicode>verte</Unicode>
          </TextEquiv>
        </Word>
        <TextEquiv conf="0.6379083657734552">
          <Unicode>verte</Unicode>
        </TextEquiv>
        <TextStyle xHeight="41"/>
      </TextLine>
    </TextRegion>
    <TextRegion id="region_5225a76a-dad4-45bb-b0f8-9038d7c23dbe">
      <Coords points="0,635 38,635 38,653 0,653"/>
      <TextLine id="b09f29fe-8f60-42fc-946b-8ca4633ded1d">
        <Coords points="0,598 22,590 66,590 66,654 0,653"/>
        <Baseline points="0,645 36,639"/>
        <TextStyle xHeight="64"/>
      </TextLine>
    </TextRegion>
    <TextRegion id="region_54494799-cd7d-4de0-8472-0dfe5bebc307">
      <Coords points="656,3278 680,3278 680,3285 656,3285"/>
      <TextLine id="a7e6da39-b372-4435-b1af-9df34f663205">
        <Coords points="628,3243 708,3232 708,3296 665,3296 628,3307"/>
        <Baseline points="659,3282 678,3281"/>
        <Word id="word_dddaca07-7dc2-40c2-8f92-0ab040856a3c">
          <Coords points="657,3247 676,3246 679,3291 660,3292"/>
          <TextEquiv>
            <Unicode></Unicode>
          </TextEquiv>
        </Word>
        <TextEquiv conf="0.6375871896743774">
          <Unicode></Unicode>
        </TextEquiv>
        <TextStyle xHeight="22"/>
      </TextLine>
    </TextRegion>
  </Page>
</PcGts>
