3560 4958
1565 1156 1690 1207 deen
1720 1157 1814 1204 off
1843 1152 2063 1201 d'ander
2092 1149 2280 1197 middel
2311 1150 2373 1195 't
2404 1148 2684 1195 overlangh
2715 1146 2963 1193 gewenste
2994 1145 3400 1198 succestacquir

1547 1257 1706 1303 „ren,
1737 1255 1801 1301 't
1832 1251 1992 1299 jacht
2021 1248 2372 1295 grijpskerck
2404 1249 2595 1295 nevens
2624 1247 2722 1293 den
2752 1242 2975 1291 Coopman
3007 1242 3262 1289 Isebrant
3293 1245 3391 1294 van

1564 1349 1932 1405 swaenswijcq,
1963 1347 2085 1394 ende
2114 1345 2206 1391 een
2236 1340 2633 1390 Cargasoentgen
2662 1337 2755 1384 van
2785 1335 2907 1382 hier
2937 1332 3242 1380 tbestaende
3272 1331 3397 1380 uijt

1569 1450 1626 1496 21
1651 1441 1819 1493 packen
1846 1440 1874 1486 /
1901 1437 2095 1485 diverse
2122 1435 2399 1482 sorteringe
2427 1436 2510 1481 van
2538 1431 2870 1481 geschilderde
2897 1429 3091 1475 cleden,
3118 1428 3202 1473 als
3229 1427 3399 1475 eenige

1569 1539 1933 1601 schenckagie
1965 1538 2097 1584 voor
2128 1536 2227 1582 den
2259 1534 2489 1580 Coninck
2522 1533 2653 1579 ende
2685 1530 2915 1578 prince,
2947 1528 3046 1575 ter
3078 1523 3242 1572 somme
3273 1517 3374 1567 van

1576 1634 1941 1688 ƒ18912„15„8„
1971 1632 2033 1678 op
2062 1631 2154 1676 19.
2184 1630 2215 1676 e
2245 1628 2398 1675 deser
2427 1626 2550 1672 over
2580 1620 2976 1670 masulipatnams
3006 1619 3098 1666 tot
3128 1614 3403 1664 Transport

1569 1732 1663 1781 van
1693 1730 1911 1778 partije
1940 1728 2066 1775 root
2094 1721 2345 1773 cattoene
2375 1718 2531 1765 gaern
2561 1719 2685 1764 ende
2716 1719 2872 1766 rauwe
2902 1718 3181 1766 bethilles
3212 1713 3399 1762 aldaer

1563 1821 1625 1867 in
1656 1821 1930 1868 voorraet,
1961 1821 2083 1868 naer
2114 1817 2388 1866 sieriangh
2418 1814 2724 1862 gelargeert
2755 1814 2846 1859 met
2877 1814 3121 1861 sodanige
3151 1812 3335 1858 ordre,
3363 1809 3397 1856 a

1567 1918 1653 1964 tot
1681 1913 2025 1963 behoorlijcke
2053 1910 2397 1958 verrichtinge
2425 1909 2511 1955 van
2539 1907 2654 1954 UEd:
2682 1905 2797 1952 ende
2825 1904 2940 1950 onse
2968 1904 3198 1951 Intentie
3225 1904 3398 1950 dienst

1572 2006 1758 2056 hebben
1789 2008 1974 2054 cunnen
2004 2005 2251 2053 bevinden
2282 2002 2682 2050 Jnsonderheijt
2713 2000 2836 2047 omme
2867 1996 3114 2045 'sComp=s
3143 1991 3393 2041 Capitael

1571 2104 1829 2152 restanten
1856 2103 2142 2151 tijdelijck
2170 2101 2228 2147 de
2257 2100 2457 2146 retour,
2483 2097 2571 2145 soo
2599 2096 2657 2142 in
2685 2090 3142 2141 coopmanschappen,
3170 2082 3400 2134 Eliphani

1575 2193 1656 2241 als
1683 2192 1923 2238 responden
1950 2192 2165 2239 (alwaert
2190 2194 2271 2239 soo
2296 2193 2405 2239 veel
2431 2191 2618 2238 aengaet
2644 2191 2698 2237 d'
2725 2188 2966 2237 responde,
2991 2184 3153 2233 siende
3179 2181 3340 2229 tselve
3365 2180 3397 2227 s

1567 2291 1841 2339 meritabel,
1868 2290 1977 2336 ende
2004 2290 2086 2335 dat
2114 2289 2223 2335 daer
2249 2288 2360 2334 door
2386 2289 2441 2334 te
2468 2288 2659 2335 meerder
2685 2278 2932 2332 getrocken
2958 2273 3095 2322 soude
3122 2272 3341 2318 werfden,
3363 2269 3396 2318 m

1571 2389 1626 2434 20
1651 2387 1680 2433 â
1705 2385 1761 2431 25
1785 2384 1870 2431 p.r
1894 2382 2004 2430 c:to
2031 2380 2248 2427 verlies,
2274 2378 2411 2425 sulcx
2438 2377 2519 2423 dan
2546 2374 2709 2422 echter
2736 2371 2818 2419 ten
2843 2365 3061 2415 Insichte
3088 2363 3223 2409 vande
3250 2361 3386 2408 goede

1574 2477 1760 2525 winsten
1785 2476 1865 2522 die
1892 2474 2129 2521 doorgaens
2155 2474 2208 2519 op
2233 2469 2446 2519 'sComp=s
2471 2464 2683 2513 goederen
2709 2462 2868 2509 aldaer
2893 2458 3079 2507 vallen,
3104 2454 3211 2502 noch
3235 2447 3396 2498 sijdel

1565 2577 1705 2629 sijn,
1733 2577 1842 2622 ende
1869 2576 1952 2622 dE.
1977 2573 2116 2621 Comp.
2143 2573 2170 2619 e
2198 2573 2280 2619 bij
2307 2572 2362 2618 't
2389 2566 2691 2618 aenbrengen,
2715 2562 2827 2609 ende
2853 2554 3100 2606 vertieren
3126 2552 3210 2599 van
3236 2545 3402 2597 meterd

1576 2671 1889 2718 quantiteijt
1916 2670 1974 2715 p.
2002 2670 2031 2716 r
2058 2669 2372 2716 aenstaende,
2399 2669 2514 2716 vrij
2542 2659 2826 2712 soulageren
2854 2652 3025 2703 soude)
3053 2647 3167 2696 over
3195 2646 3252 2691 te
3279 2641 3394 2691 make

1574 2769 1667 2819 tot
1697 2771 1913 2819 welcken
1943 2770 2128 2816 eijnde
2159 2769 2252 2815 dan
2282 2768 2405 2814 oock
2436 2766 2683 2814 sodanich
2711 2757 2898 2809 aenden
2926 2746 3236 2801 pegusschen
3265 2741 3390 2790 maij

1577 2875 1704 2923 ende
1734 2867 1922 2918 prince
1953 2861 2266 2911 geschreven
2296 2859 2485 2906 hebbe,
2516 2858 2610 2904 als
2641 2856 2766 2903 uEd:
2795 2852 2891 2901 bij
2922 2850 2985 2896 de
3015 2837 3392 2894 nevensgaende

1544 2970 1853 3023 Translaten
1884 2967 2131 3015 gelieven
2160 2963 2224 3010 te
2253 2956 2470 3007 bedgen,
2501 2956 2624 3001 daer
2655 2956 2748 3001 toe
2778 2954 2871 3001 mij
2900 2950 3056 2999 onder
3086 2944 3211 2994 twel
3240 2935 3396 2988 nemen

1570 3065 1666 3116 van
1696 3062 1820 3110 uEd:
1851 3062 2098 3108 gedrage,
2128 3062 2191 3108 't
2221 3063 2438 3109 gevolgh
2468 3062 2592 3108 moet
2623 3061 2716 3107 den
2746 3055 3056 3106 allerenden
3086 3051 3210 3100 tijt
3240 3049 3303 3096 op
3332 3045 3395 3093 en

1553 3163 1808 3213 „baren.

1425 3291 1528 3338 Doe
1560 3293 1728 3341 verre
1762 3296 1830 3342 om
1863 3294 2334 3345 Scheepsruijmte
2367 3293 2468 3340 tot
2502 3288 2804 3338 Transport
2837 3283 3006 3333 vande
3039 3270 3376 3328 vereijste—

1547 3395 2013 3442 nootwendicheden
2043 3390 2416 3439 uijtbengalen
2446 3389 2540 3435 soo
2569 3385 2696 3434 voor
2726 3383 2882 3429 hier,
2913 3381 3162 3428 Ceijlon,
3190 3374 3381 3425 Persia

1567 3498 1656 3546 als
1684 3492 1920 3541 malacca,
1950 3487 2215 3537 benodicht
2244 3483 2420 3531 sullen
2448 3480 2596 3527 sijn,
2625 3479 2685 3525 is
2712 3478 2831 3523 uEd:
2860 3476 2919 3522 p.
2948 3475 2978 3520 r
3006 3470 3184 3518 meijne
3212 3461 3391 3514 vorige

1569 3584 1792 3633 advisen
1822 3586 2011 3632 bekent
2042 3585 2294 3632 gemaect,
2325 3578 2609 3629 oversulcx
2640 3577 2703 3623 't
2734 3568 3112 3622 nadersecours
3143 3567 3239 3614 van
3269 3562 3396 3615 uEd:

1573 3673 1684 3719 alle
1711 3675 1877 3721 uijren
1903 3677 1986 3722 met
2014 3677 2069 3722 't
2095 3673 2344 3722 uijterste
2372 3670 2620 3718 verlangen
2647 3668 2703 3715 te
2729 3665 2895 3713 gemoet
2923 3662 3061 3710 sien,
3088 3658 3199 3705 omme
3225 3654 3309 3702 ons
3336 3652 3395 3699 in

1571 3766 1765 3814 buijten
1792 3767 1902 3813 dien
1930 3767 2013 3813 soo
2040 3767 2150 3813 veel
2177 3764 2398 3812 doenlijk
2424 3762 2481 3809 te
2508 3763 2701 3808 redden,
2728 3762 2839 3808 ende
2865 3758 3031 3806 Tegens
3059 3758 3169 3803 alle
3197 3756 3391 3804 verdere

1553 3861 1752 3909 duchten
1779 3860 2145 3907 necessiteijt,
2173 3858 2286 3905 ende
2314 3852 2707 3903 Jnconvenienten
2735 3850 2848 3897 uijt
2875 3843 3325 3894 d'accaresherende
3352 3839 3382 3887 —

1547 3959 1873 4006 hongersnoot
1903 3958 2080 4004 alomme
2109 3957 2169 4003 in
2198 3955 2317 4001 dese
2346 3953 2642 4000 quartieren
2671 3947 2790 3998 (die
2819 3944 2879 3990 so
2907 3940 3086 3988 groot,
3115 3938 3204 3984 dat
3232 3933 3381 3982 noijt

1565 4045 1929 4092 diergelijcke
1957 4049 2048 4095 bij
2078 4050 2620 4098 menschengsedencken
2649 4046 2861 4097 geweest
2891 4043 3012 4090 is:)
3039 4039 3102 4087 In
3132 4037 3376 4084 voorraet

1566 4139 1633 4185 te
1666 4139 1832 4185 sijn,
1864 4141 1999 4190 ende
2029 4146 2195 4192 sulcx
2228 4147 2328 4192 bij
2360 4148 2724 4195 mancquement
2757 4147 2856 4194 van
2888 4140 3253 4192 genoeghsame
3285 4137 3385 4185 toe

1575 4230 1700 4278 voer
1730 4234 1855 4281 uijt
1885 4236 2072 4285 d'eene
2102 4240 2352 4287 plaetste
2382 4242 2476 4288 van
2506 4244 2599 4290 een
2630 4245 2817 4292 andere
2847 4243 3065 4292 gedient
3096 4241 3158 4287 te
3188 4237 3348 4286 mogen

1566 4328 1805 4380 werden,
1838 4329 1974 4377 sijn
2006 4334 2074 4380 te
2107 4336 2243 4383 Rade
2276 4339 2546 4389 gewerden
2579 4343 2680 4389 330
2713 4340 2882 4387 mercq
2915 4339 3017 4385 R=a
3045 4336 3151 4386 van
3184 4328 3389 4381 achten

1568 4423 1704 4469 naer
1736 4426 1804 4472 de
1837 4428 1974 4476 cust
2005 4433 2107 4479 van
2140 4434 2410 4481 Oricxia,
2443 4436 2612 4483 onder
2645 4438 3151 4488 verantwoordinge
3185 4436 3387 4487 vanden

3087 4596 3367 4649 Eersten

661 274 866 338 Julio
903 267 1029 315 ao.
1069 265 1233 313 1646

1403 792 1541 839 agh
1583 789 1947 846 Register
1992 788 2265 843 wegens
2309 799 2356 845 t
2400 802 2899 853 gepasseerde

2045 571 2168 619 il

1907 445 2375 503 Jonckem

2907 455 3160 504 164
