3273 4828
708 569 833 616 dat
873 569 956 615 wy
995 569 1325 617 wenschen
1366 572 1449 618 de
1488 573 1694 619 baren
1735 574 1941 622 vande
1981 577 2105 624 zee
2145 579 2270 629 ons
2310 585 2556 633 hadden
2597 585 3050 635 ingeswolgen

717 655 866 706 ende
901 652 976 699 de
1013 648 1198 698 Goden
1234 646 1383 694 mijn
1419 648 1679 694 persoon
1715 650 1789 695 in
1826 650 1937 696 een
1973 652 2086 700 ijs
2121 656 2343 706 berch,
2380 661 2602 707 hadden
2638 661 2971 708 verandert

711 742 933 796 liever
967 737 1079 785 als
1113 732 1261 781 uEd:
1297 731 1481 776 goede
1517 732 1736 779 wetten
1773 733 1919 778 ende
1956 733 2395 780 ordonnantien
2431 735 2504 780 te
2541 735 3019 785 contrarieren,

693 823 1016 884 vertrouwt
1051 815 1373 867 vastelijk
1407 813 1515 860 dat
1551 813 1693 859 veel
1728 814 1943 862 liever
1977 816 2085 863 ons
2121 817 2335 863 eijgen
2370 817 2584 864 reuijn
2620 817 2691 862 en
2727 814 3054 862 tijdelijk

698 911 954 968 verderf
989 909 1173 955 wilde
1209 905 1355 953 naer
1392 902 1574 950 Jagen
1611 901 1720 947 als
1757 901 1866 947 dat
1902 901 1975 946 de
2012 900 2195 946 Comp.
2230 901 2268 947 e
2304 902 2450 949 mijn
2486 902 2632 949 ent'
2667 894 2888 945 halven
2922 886 3111 938 enige

714 992 928 1044 schade
963 985 1141 1036 soude
1176 984 1496 1030 toecomen,
1530 984 1639 1030 dat
1673 985 1780 1031 soo
1815 984 1993 1030 lange
2028 984 2170 1031 voor
2206 985 2383 1031 desen
2418 984 2490 1030 U.
2524 982 2632 1028 Ed:
2666 975 2880 1026 dienst

722 1061 1290 1111 gefrequenteert
1330 1059 1534 1106 hebbe
1574 1060 1898 1107 betoont,
1937 1059 2019 1105 t'
2059 1057 2303 1105 selve,
2344 1056 2466 1102 sal
2504 1056 2911 1103 betrachten
2951 1054 3074 1101 tot

724 1150 829 1197 den
861 1145 1072 1193 eijnde
1106 1144 1245 1190 toe,
1280 1141 1593 1189 versoecke
1628 1140 1732 1186 dan
1767 1137 1872 1185 met
1906 1136 2045 1181 alle
2080 1132 2462 1180 behoorlicke
2497 1132 2985 1177 solemniteijten
3018 1133 3123 1178 dat

720 1236 883 1292 alle
920 1223 1282 1279 suspicien
1321 1218 1601 1268 buijten
1641 1215 2001 1263 gedachten
2041 1215 2161 1261 van
2200 1215 2361 1261 UEd:
2401 1213 2601 1261 mogen
2640 1212 2920 1259 geweert

707 1321 1078 1382 worden.

665 1413 808 1472 Mijn
841 1405 1049 1456 Heeren
1082 1403 1153 1450 t'
1188 1402 1257 1448 is
1291 1401 1464 1447 sulcx
1498 1402 1603 1448 dat
1637 1402 1741 1448 ten
1775 1401 1949 1448 tijde
1981 1401 2087 1447 aen
2120 1402 2225 1450 St.
2258 1402 2397 1448 Jago
2432 1402 2607 1449 lagen
2639 1406 2778 1452 ende
2811 1399 3056 1450 alreets

736 1477 1129 1537 geresolveert
1161 1476 1260 1522 ons
1292 1475 1489 1522 ancker
1520 1478 1586 1524 te
1618 1477 1879 1523 lichten,
1912 1478 2043 1524 doch
2075 1478 2206 1524 door
2238 1477 2369 1523 dien
2400 1477 2662 1523 qualick,
2694 1475 2858 1522 alsoo
2890 1474 2956 1520 de
2988 1469 3120 1518 wint

708 1569 862 1625 uijt
898 1563 975 1612 de
1011 1560 1125 1607 zee
1162 1558 1352 1606 quam,
1386 1560 1577 1607 vande
1613 1560 1729 1607 wal
1765 1559 1992 1607 conden
2029 1558 2407 1604 geraecken,
2442 1553 2934 1605 ondertusschen
2971 1554 3128 1601 twee

724 1657 975 1710 schepen
1010 1652 1155 1701 sien
1188 1646 1513 1697 aencomen,
1549 1645 1692 1691 vast
1728 1644 2051 1692 stellende
2087 1644 2195 1689 dat
2230 1644 2338 1692 het
2373 1647 2769 1695 drommedaris
2801 1643 2877 1692 en
2910 1637 3138 1686 Campen

715 1753 903 1808 waren
938 1747 1052 1796 ten
1088 1738 1350 1790 aensien
1387 1732 1648 1781 d'eerst
1685 1731 1984 1777 volgende
2021 1729 2208 1775 soude
2244 1730 2468 1776 wesen,
2506 1729 2618 1775 die
2654 1727 2767 1773 des
2804 1725 3065 1772 anderen

712 1841 922 1895 daechs
954 1834 1061 1883 bij
1094 1832 1199 1879 ons
1232 1827 1338 1875 ten
1372 1821 1580 1870 ancker
1614 1817 1823 1865 quamen
1857 1818 1961 1863 end
1994 1816 2273 1863 bevonden
2308 1816 2412 1861 dat
2444 1815 2550 1861 het
2585 1815 2654 1861 d'
2689 1816 2759 1862 H.
2790 1815 2828 1863 r
2861 1809 3105 1859 antonij

719 1932 875 1985 (aan
911 1923 1068 1974 was,
1105 1921 1223 1969 die
1261 1917 1417 1965 naer
1454 1908 1882 1961 behoorlicke
1919 1906 2307 1954 verschoten
2345 1903 2501 1951 drie
2539 1887 3081 1947 gecommitteerde

716 2025 821 2075 aen
852 2009 1337 2068 boortijsonden,
1370 2008 1440 2054 en
1474 2006 1578 2052 ons
1612 2001 1785 2050 primo
1818 1996 2129 2046 instantie
2163 1995 2336 2041 laten
2369 1994 2474 2041 aen
2508 1991 2749 2039 dienen,
2784 1988 2887 2036 dat
2919 1982 3028 2032 hij

705 2104 1155 2165 geresolveert
1191 2100 1380 2148 hadde
1417 2097 1492 2144 op
1529 2095 1755 2142 morgen
1792 2094 1868 2140 op
1904 2093 2018 2139 ons
2054 2091 2242 2138 schip
2280 2090 2430 2136 over
2467 2088 2543 2134 te
2579 2088 2805 2134 comen,
2842 2080 3105 2132 volgens

704 2207 863 2261 twee
900 2193 1178 2250 diverse
1216 2189 1414 2237 acten
1453 2187 1572 2233 bij
1611 2188 1690 2234 de
1727 2186 1926 2234 Heren
1966 2176 2518 2231 Bewinthebberen
2557 2177 2714 2223 uijt
2754 2176 3074 2223 Zeelandt

687 2291 1160 2355 geteeckent,
1202 2286 1332 2335 dat
1374 2283 1503 2331 ons
1545 2274 1932 2327 alt'samen
1974 2272 2104 2318 wat
2146 2269 2404 2317 vreemt
2447 2267 2533 2313 te
2575 2262 2791 2312 voren
2833 2259 3049 2307 quam,

711 2390 950 2446 sonder
986 2381 1109 2434 met
1147 2376 1267 2424 ons
1306 2365 1824 2420 Communicatijf
1862 2362 1942 2408 te
1981 2361 2181 2407 gaen,
2221 2359 2499 2406 alreets
2539 2356 2658 2404 een
2694 2339 3056 2400 resolutie

719 2478 1078 2536 getrocken
1115 2471 1237 2520 van
1275 2460 1634 2515 sodanigen
1673 2454 2032 2504 gewichte,
2070 2453 2350 2500 alsmede
2389 2455 2469 2501 de
2508 2452 2827 2499 geseijde
2866 2446 3067 2496 acten

707 2586 829 2637 die
867 2579 989 2628 ick
1029 2574 1190 2624 niet
1229 2566 1431 2617 beler
1469 2561 1672 2611 hebbe
1712 2557 2034 2605 geweten,
2074 2556 2195 2603 als
2230 2554 2476 2603 Imandt
2516 2555 2678 2601 voor
2716 2550 3081 2601 sodanigen

719 2669 1092 2724 opperhooft
1127 2659 1351 2713 wierde
1387 2652 1760 2704 verclaert,
1797 2651 2057 2698 deselve
2094 2651 2317 2697 uijtte
2354 2652 2503 2698 naem
2540 2651 2726 2698 vande
2762 2650 2949 2697 17en.
2986 2645 3098 2693 bij

700 2769 902 2819 haren
940 2759 1264 2812 advocaet
1304 2752 1546 2803 Pruijs
1586 2748 1828 2797 alwaer
1868 2747 1949 2793 de
1986 2744 2473 2792 vergaderinge
2513 2743 2876 2791 doenmaels
2916 2741 3078 2788 was,

712 2856 1013 2913 behoorde
1049 2847 1423 2901 geteeckent
1461 2846 1535 2892 te
1572 2844 1834 2891 worden,
1871 2839 2021 2888 ofte
2058 2837 2246 2884 bijde
2282 2835 2469 2885 heren
2506 2834 2955 2882 gesamentlijk
2989 2834 3104 2882 die

701 2950 770 2996 in
803 2949 874 2996 de
907 2941 1082 2993 selve
1116 2932 1532 2986 vergaderinge
1565 2932 1705 2978 hare
1739 2929 1947 2977 cessie
1981 2928 2190 2974 hebben
2224 2928 2466 2974 gehadt,
2501 2929 2640 2976 daer
2674 2929 2778 2976 ter
2813 2919 3127 2974 contrarie

702 3038 879 3090 alle
920 3033 1011 3083 de
1054 3020 1670 3076 Bewinthebberen
1712 3017 1847 3065 van
1889 3016 2242 3065 Zeelandt
2286 3016 2725 3063 geteeckent
2768 3011 3034 3061 hebben

699 3127 774 3174 ja
808 3118 995 3169 selfs
1029 3113 1142 3162 die
1178 3110 1326 3157 gene
1361 3108 1473 3155 die
1509 3107 1657 3156 inde
1694 3107 2099 3156 seventhiene
2134 3106 2357 3153 voornt
2393 3107 2540 3153 geen
2576 3105 2798 3151 cessie
2833 3100 3021 3150 hebbe

669 3212 947 3266 gehadt,
986 3211 1106 3257 dat
1145 3206 1264 3254 ons
1301 3197 1661 3250 tenemael
1700 3195 1978 3242 buijten
2018 3190 2296 3240 Postuer
2335 3188 2613 3237 gestelt
2653 3188 2853 3236 heeft

682 3306 968 3364 menende
1007 3302 1131 3350 dat
1168 3296 1293 3346 een
1334 3292 1497 3341 acte
1537 3288 1659 3336 bij
1699 3284 1781 3332 de
1819 3279 1943 3327 hen
1983 3277 2148 3326 17e.
2186 3282 2593 3330 geteeckent
2633 3281 2756 3327 van
2796 3279 3082 3327 meerder

691 3400 926 3455 cracht
963 3393 1119 3442 was,
1157 3390 1275 3438 als
1313 3386 1430 3435 bij
1467 3382 1586 3430 een
1622 3373 2091 3426 particuliere
2129 3372 2324 3418 Camer
2363 3372 2518 3418 waer
2557 3372 2712 3418 over
2751 3373 2868 3419 aen
2907 3374 2946 3420 U
2984 3372 3103 3419 Ed:

667 3503 783 3556 van
820 3500 896 3546 S.
931 3496 972 3543 t
1006 3484 1159 3538 Jago
1196 3480 1347 3528 over
1384 3471 1725 3525 Portugael
1762 3469 1988 3517 hebben
2026 3467 2441 3514 geschreven,
2478 3468 2591 3514 die
2629 3469 2742 3515 bij
2779 3471 2855 3517 d'
2892 3469 3045 3516 heer

693 3588 850 3636 (aan
887 3575 1162 3630 gelicht
1200 3573 1358 3620 sijn
1396 3572 1476 3619 en
1514 3568 1593 3615 de
1631 3563 1828 3611 Copie
1865 3560 1945 3608 op
1983 3553 2258 3604 Batavia
2297 3552 2650 3603 gebracht,
2688 3558 2806 3605 hem
2845 3559 3081 3605 selven

690 3664 845 3713 daer
884 3660 1040 3709 mede
1078 3646 1585 3704 geaffronteert
1622 3641 1974 3692 houdende,
2012 3641 2168 3686 daer
2207 3640 2324 3686 ick
2362 3640 2518 3685 alle
2557 3640 3024 3687 onpartijdige

702 3748 773 3795 t'
807 3743 1057 3795 oordeel
1092 3741 1199 3787 van
1231 3735 1483 3786 Bevele,
1518 3733 1661 3780 ofte
1696 3732 1767 3779 d'
1800 3729 1839 3776 H
1873 3727 1909 3774 r
1943 3723 2087 3772 (aan
2121 3721 2477 3768 qualiteijt
2513 3721 2690 3767 hadde
2726 3719 2939 3767 sonder
2974 3716 3081 3764 ons

688 3832 957 3880 kennis,
993 3829 1110 3877 van
1148 3817 1494 3873 sodanigen
1532 3812 1840 3862 gewichte
1877 3808 2224 3857 resolutie
2260 3808 2338 3854 te
2377 3808 2684 3856 trecken,
2720 3810 2838 3856 dat
2875 3808 2994 3854 wel

687 3925 886 3979 enige
923 3911 1240 3969 onlusten
1279 3907 1476 3956 onder
1514 3905 1593 3951 t'
1633 3901 1830 3950 volck
1868 3898 2065 3945 hadde
2104 3897 2341 3943 cunnen
2380 3898 2616 3945 baren,
2655 3899 2931 3946 alsmede
2969 3895 3088 3943 dat

699 4012 891 4066 U:Ed:
928 4003 1119 4056 noijt
1156 3995 1386 4047 mentie
1423 3993 1576 4040 daer
1614 3991 1729 4038 van
1767 3988 2073 4036 gemaeckt
2110 3989 2377 4037 hebben,
2414 3991 2530 4038 hoe
2567 3993 2683 4040 ons
2720 3995 2796 4040 in
2832 3991 3026 4040 desen

703 4100 926 4155 souden
962 4092 1184 4144 hebben
1219 4088 1294 4135 te
1330 4085 1661 4133 gedragen,
1697 4082 1845 4129 inde
1882 4078 2323 4126 monsterrolle
2359 4078 2874 4125 gequalificeert
2911 4077 3022 4123 als

704 4178 1101 4233 Commandeur
1135 4172 1299 4222 over
1338 4170 1417 4217 de
1457 4169 1694 4215 Vloot,
1733 4168 1892 4214 ware
1930 4167 2090 4214 UEd:
2130 4167 2327 4212 goede
2367 4166 2644 4212 meninge
2683 4165 3040 4212 soodanich

721 4262 1019 4311 geweest,
1056 4260 1280 4307 conden
1316 4258 1428 4305 met
1465 4254 1800 4303 permissie
1837 4254 1911 4299 in
1948 4254 2023 4301 t'
2060 4255 2172 4301 wel
2206 4256 2395 4302 nemen
2431 4257 2543 4302 ons
2580 4257 2692 4303 met
2728 4259 2840 4306 den
2877 4261 3102 4309 tijtel

681 4355 803 4402 van
843 4351 1006 4399 vice
1045 4348 1453 4396 Commandeur
1493 4348 2062 4394 gequalificeert
2101 4348 2387 4397 hebben,
2427 4353 2508 4398 of
2549 4352 2671 4398 bij
2711 4346 3078 4396 rescontre

303 3117 381 3168 die
405 3123 534 3174 tijdt
