3410 4985
2414 4326 2754 4374 Reijnier
2797 4326 2925 4373 van
2964 4321 3142 4371 Tzum

1088 522 1315 573 Dewijle
1347 521 1445 567 dan
1475 514 1735 564 verstaen
1766 512 1832 559 om
1864 512 1961 558 wat
1993 513 2220 559 redenen
2251 514 2316 559 't
2348 514 2542 561 fluijt
2575 515 2736 561 schip
2768 516 2834 564 de
2865 520 3095 573 meerman
3122 532 3221 581 opt

1148 600 1497 658 spoedighste
1528 598 1624 645 van
1655 596 1782 643 hier
1814 596 1879 642 te
1909 598 2195 648 verzenden
2226 595 2639 646 geordonneerdt
2670 594 2798 644 werd
2829 600 2925 648 zoo
2955 603 3148 655 hebben

1129 696 1234 746 d:o
1267 690 1474 740 fluijt
1507 687 1577 734 in
1611 686 1851 733 Plaatse
1886 686 2024 734 vant
2057 688 2263 736 fluijt
2297 686 2469 733 Schip
2501 684 2572 733 de
2605 682 2777 730 Gulde
2812 685 2985 733 gans,
3017 690 3122 738 als
3154 696 3226 747 nu

1118 780 1255 829 mede
1287 771 1766 825 affgevaerdight
1800 770 1937 817 omme
1971 773 2277 821 mooghlyck
2311 775 2482 822 zynde
2515 776 2652 823 haer
2686 777 2822 823 Ed:s
2856 777 3231 830 voorgenomen

1112 863 1320 912 Jntent
1354 860 1459 907 als
1493 860 1633 906 nogh
1666 859 2154 910 t'effectueren,
2183 854 2224 903 —

1077 1005 1216 1057 Naar
1248 1000 1318 1047 t'
1351 996 1625 1045 vertrecq
1658 995 1761 1040 der
1795 995 2238 1044 Bovengeroerde
2273 999 2443 1047 fluyt
2476 998 2750 1045 scheepen
2784 996 2921 1043 Salm
2954 996 3091 1043 ende

1105 1084 1449 1147 Berckhoudt
1482 1083 1551 1129 is
1585 1082 1788 1128 alhier
1821 1081 2095 1129 (Comp=es
2127 1084 2331 1131 zaeken
2365 1081 2704 1129 aengaende)
2737 1080 3009 1128 weijnigh
3040 1078 3180 1129 ofte

1127 1173 1255 1227 geen
1286 1168 1662 1217 veranderinge
1693 1168 2101 1217 voorgevallen,
2132 1172 2289 1219 zulcx
2320 1172 2414 1219 ons
2445 1170 2602 1217 aende
2633 1169 2759 1215 voor
2790 1168 3167 1214 affgezondene

1122 1266 1366 1322 aduijsen
1394 1261 1699 1310 gedraegen,
1729 1259 1821 1306 die
1850 1258 1912 1304 in
1942 1259 2094 1305 Copia
2124 1260 2246 1305 hier
2276 1260 2458 1306 nevens
2487 1258 2640 1305 gaen,
2670 1256 2762 1302 wat
2791 1254 2914 1301 ende
2943 1252 3156 1299 hoeveel

1112 1373 1177 1419 de
1206 1363 1371 1415 Carga
1401 1358 1500 1406 der
1531 1354 1823 1401 voorseyde
1855 1354 2081 1400 fluyten
2112 1351 2275 1398 heeft
2307 1347 2631 1396 gemonteerd
2662 1341 2921 1391 verhoope
2953 1339 3139 1386 lange

1105 1461 1322 1521 voorden
1351 1455 1598 1505 ontfanck
1627 1452 1782 1500 deses
1812 1452 1935 1498 uijt
1964 1452 2242 1498 desselffs
2271 1452 2517 1500 facturen
2547 1447 2670 1496 zult
2699 1438 2885 1490 hebben
2914 1433 3176 1483 vernomen

1058 1617 1121 1666 Op
1150 1607 1301 1661 15=en
1329 1601 1480 1650 deser
1509 1599 1569 1645 is
1599 1598 1779 1644 alhier
1809 1597 1959 1643 onder
1989 1597 2048 1642 't
2078 1596 2288 1642 scheeps
2318 1595 2468 1642 volcq
2497 1592 2677 1639 eenige
2707 1591 2917 1637 aenland
2946 1590 3096 1637 zynde
3124 1585 3187 1635 in

1112 1693 1394 1748 Droncken
1428 1689 1779 1738 geselschap
1813 1685 2023 1733 groote
2058 1684 2339 1730 querelle
2373 1683 2513 1729 ende
2548 1680 2794 1727 questie
2828 1675 3109 1723 ontstaen

1105 1793 1266 1844 zulcx
1295 1787 1456 1836 eenen
1487 1783 1775 1831 swaerlyck
1806 1778 2061 1827 gequetst
2093 1776 2221 1823 ende
2252 1773 2412 1820 eenen
2443 1770 2508 1817 om
2538 1769 2604 1816 t'
2631 1767 2794 1817 Leven
2826 1765 3081 1812 geraeckt
3111 1765 3181 1813 is

1114 1888 1261 1945 daer
1295 1885 1403 1931 van
1438 1880 1798 1931 Jnformatie
1834 1875 2013 1925 hebbe
2046 1870 2193 1919 doen
2228 1866 2408 1915 nemen
2442 1862 2659 1910 hoewel
2694 1862 2766 1908 de
2802 1862 3197 1909 Gouverneurs

1107 1986 1239 2042 Haer
1269 1979 1399 2028 dies
1430 1974 1656 2023 zoghten
1687 1972 1784 2018 aen
1815 1969 1880 2016 te
1912 1964 2138 2014 trecken
2169 1962 2298 2009 ende
2330 1957 2555 2005 straffe
2583 1953 2715 2002 daer
2747 1953 2877 1999 over
2908 1954 2972 2000 te
3005 1955 3134 2004 doen

1101 2082 1169 2133 is
1200 2078 1365 2126 zulcx
1394 2071 1495 2121 bij
1526 2068 1626 2116 ons
1657 2065 1756 2112 met
1788 2062 1952 2109 reden
1982 2059 2344 2106 wederleijt,
2374 2060 2474 2106 wes
2505 2057 2702 2105 halven
2735 2057 2800 2102 de
2832 2050 3126 2102 gequetste

1101 2167 1309 2220 nevens
1342 2166 1412 2211 de
1444 2160 1686 2209 stucken
1719 2159 1823 2205 met
1856 2158 1927 2204 t'
1960 2159 2131 2206 fluyt
2165 2154 2337 2203 schip
2371 2151 2440 2197 de
2472 2148 2714 2196 meerman
2748 2148 2851 2195 UE.
2885 2149 3170 2196 toecomen

1102 2268 1256 2320 alsoo
1285 2261 1409 2312 tijt
1436 2255 1561 2304 ende
1591 2250 1987 2301 Gelegentheijt
2015 2248 2078 2295 de
2108 2245 2261 2292 zaeke
2291 2241 2474 2290 alhier
2504 2240 2596 2287 aff
2626 2242 2687 2288 te
2717 2242 2962 2289 handelen
2991 2245 3267 2299 ontbreckt

988 2409 1095 2471 Wat
1124 2388 1427 2449 Cargasoen
1461 2387 1561 2433 v:r
1595 2384 1729 2432 deze
1761 2382 2030 2430 fluijten
2063 2380 2198 2426 ende
2230 2377 2398 2424 Jaght
2431 2374 2532 2421 zee
2565 2372 2666 2417 hob
2699 2372 3001 2423 versenden
3034 2379 3171 2427 waer

1071 2490 1132 2536 in
1159 2477 1373 2533 bestaen
1402 2469 1706 2521 monterende
1735 2468 1766 2514 ƒ
1795 2465 2008 2512 505057.
2038 2464 2099 2510 7.
2127 2463 2159 2509 3
2189 2457 2431 2506 verneemt
2461 2457 2552 2502 vE.
2582 2457 2855 2506 specifice
2883 2460 2946 2506 by
2975 2461 3248 2511 desselffs

1090 2570 1387 2628 facturen,
1416 2571 1516 2618 tot
1547 2567 1678 2615 nogh
1710 2564 1906 2612 hebben
1938 2564 2003 2609 op
2035 2561 2133 2608 den
2165 2555 2426 2606 Chinesen
2458 2550 2653 2598 Brieff
2686 2551 2881 2596 vanden
2913 2551 3079 2600 Tolcq

1093 2664 1353 2719 kuntingh
1385 2664 1514 2709 geen
1546 2661 1804 2708 bescheet
1836 2656 2030 2705 connen
2060 2652 2321 2701 becomen,
2352 2652 2481 2698 dogh
2513 2652 2642 2697 werd
2675 2650 2836 2697 vande
2868 2649 3126 2695 toecquen

1092 2761 1318 2823 belooft
1348 2756 1476 2805 Haer
1505 2755 1570 2802 de
1601 2754 1729 2800 voir
1760 2754 1823 2800 te
1855 2755 2013 2800 doen,
2044 2751 2140 2799 Soo
2171 2750 2487 2796 verschijnt
2518 2749 2709 2796 alhier
2740 2748 2867 2794 voor
2898 2745 3155 2793 weijnigh

1086 2860 1252 2911 Dagen
1283 2855 1385 2903 een
1415 2849 1584 2899 Joncq
1614 2847 1750 2893 uijt
1782 2845 2049 2891 Nancquin
2081 2846 2214 2893 naer
2247 2846 2314 2893 de
2347 2844 2613 2892 geruchte
2645 2842 2746 2889 met
2779 2840 2945 2887 500:.
2977 2835 3144 2884 vicol

1082 2953 1234 3009 zijde
1262 2948 1352 2996 dat
1380 2945 1619 2992 qualijck
1648 2944 1709 2990 te
1738 2941 1946 2989 geloven
1976 2941 2067 2990 is,
2094 2946 2184 2992 ten
2213 2946 2422 2994 aensien
2451 2945 2511 2991 de
2540 2942 2719 2990 groote
2748 2942 2838 2987 van
2867 2937 2986 2987 dien
3015 2936 3194 2986 nauwe„

1901 2992 2023 3039 „schynt

1092 3052 1239 3108 lijcx
1262 3043 1554 3096 zoodanigen
1582 3040 1901 3088 quantiteijt
1926 3044 1956 3090 „
1984 3041 2042 3089 te
2070 3039 2243 3086 connen
2271 3040 2473 3087 bergen,
2501 3039 2587 3085 dit
2615 3038 2702 3084 dan
2730 3035 2961 3082 laetende
2988 3033 3076 3079 zoo
3104 3034 3248 3080 t'is,

1091 3150 1214 3200 werd
1244 3147 1336 3194 den
1364 3141 1550 3191 zelven
1579 3140 1703 3185 niet
1731 3138 2038 3184 toegestaen
2068 3137 2190 3183 niet
2220 3137 2404 3183 alleen
2435 3136 2557 3183 geen
2587 3136 2709 3181 goed
2739 3135 2801 3180 te
2831 3134 3015 3180 lossen
3044 3128 3168 3178 ofte

1070 3242 1355 3305 vercoopen
1385 3239 1512 3287 maer
1543 3237 1668 3284 oock
1700 3236 1888 3282 zelffs
1918 3235 2045 3281 niet
2075 3236 2169 3282 een
2199 3236 2389 3282 mensch
2420 3237 2514 3283 aen
2544 3236 2703 3282 landt
2733 3237 2952 3283 tegaen,
2983 3233 3234 3283 moetende

1084 3335 1275 3387 binnen
1305 3329 1561 3379 weijnigh
1593 3328 1752 3374 dagen
1783 3329 1879 3375 als
1910 3331 2038 3376 rede
2069 3331 2228 3377 water
2260 3332 2388 3377 haer
2419 3333 2515 3378 tot
2545 3332 2610 3378 de
2642 3332 2801 3379 reyse
2832 3332 3093 3379 besteldt

1062 3436 1291 3493 zijnde,
1322 3430 1420 3479 zoo
1451 3427 1549 3474 als
1579 3422 1808 3472 gecomen
1838 3422 2034 3469 waeren
2066 3423 2422 3469 vertrecquen
2453 3425 2615 3471 zulcx
2645 3425 2777 3471 onse
2808 3425 2970 3473 hoope
3002 3424 3067 3470 in

1077 3527 1416 3598 voorgaende
1449 3523 1817 3570 aengeroerdt
1849 3523 1984 3569 nogh
2016 3522 2084 3567 al
2117 3523 2485 3573 vermeerdert
2517 3527 2618 3574 den
2648 3525 2852 3573 handel
2884 3524 2952 3570 op
2985 3521 3259 3570 Nancquin

1107 3641 1178 3689 d'
1211 3633 1422 3685 Comp:e
1455 3624 1701 3677 geopent
1734 3621 1944 3668 staedt
1979 3621 2049 3667 te
2084 3620 2295 3672 werden
2328 3629 2433 3674 dat
2467 3630 2572 3678 den
2605 3630 2955 3677 almogenden
2988 3624 3167 3675 gunne

2559 3744 2770 3795 Hier
2822 3749 3037 3797 mede

1096 3879 1345 3927 Eersame
1374 3873 1487 3924 wel
1522 3872 1700 3918 wijse
1734 3870 2091 3918 voorsinige
2126 3869 2269 3915 zeer
2303 3868 2624 3917 discreete
2658 3866 2872 3914 Heeren
2907 3869 3015 3916 VE.
3049 3871 3163 3918 met

1080 3974 1210 4026 zijn
1241 3970 1337 4018 bij
1367 3966 1622 4014 hebbende
1653 3963 1972 4011 gezelschap
2002 3964 2130 4010 naer
2161 3958 2511 4009 gedienstige
2542 3958 2733 4006 groete
2761 3960 2828 4007 de
2859 3960 3145 4008 mogenth=t

1096 4061 1273 4114 Godes
1307 4058 1555 4111 bevelen

1080 4173 1480 4232 Tangalacqui
1515 4171 1698 4217 dezen
1732 4168 1916 4218 21:en
1950 4166 2207 4216 octob:r
2241 4170 2350 4215 A:o
2384 4164 2569 4215 1646.

2260 4263 2362 4309 UE.
2390 4250 2629 4304 Dienaer
2661 4255 2796 4303 ende
2828 4258 2930 4305 was
2962 4259 3230 4307 geteeckt
