<?xml version="1.0" encoding="UTF-8"?>
<PcGts xmlns="http://schema.primaresearch.org/PAGE/gts/pagecontent/2013-07-15">
  <Metadata externalRef="1076a9e1-17c6-4b4a-b268-30f76ccbaaf4">
    <Creator>Laypa</Creator>
    <Created>2023-09-08T02:20:18</Created>
    <LastChange>2023-09-08T03:38:16</LastChange>
    <Comment>license: CC0</Comment>
    <MetadataItem type="processingStep" name="layout-analysis" value="laypa">
      <Labels>
        <Label value="228a7d24385cff0e51687c00d0e65a2c2a9703d5" type="githash"/>
        <Label value="61334eb4-edff-4af5-b036-b5927f35bbcf" type="uuid"/>
        <Label value="https://hdl.handle.net/10622/VMSCBR" type="laypamodelremote"/>
      </Labels>
    </MetadataItem>
    <MetadataItem type="processingStep" name="region-analysis" value="laypa">
      <Labels>
        <Label value="0a3442b4-835c-44bc-9115-3fd08263a5dc" type="uuid"/>
        <Label value="https://hdl.handle.net/10622/DMAS2T" type="laypamodelremote"/>
      </Labels>
    </MetadataItem>
    <MetadataItem type="processingStep" name="htr" value="loghi-htr">
      <Labels>
        <Label value="9efb3e0ff4338dc6e07d110ac4d435f27f5b0e16&#10;" type="githash"/>
        <Label value="3a9bdaa3-493c-483e-bbb2-f51961b8e5a0" type="uuid"/>
        <Label value="64" type="batch_size"/>
        <Label value="https://hdl.handle.net/10622/X2JZYY" type="loghihtrmodelremote"/>
      </Labels>
    </MetadataItem>
    <MetadataItem type="processingStep" name="word-splitting" value="loghi-htr-tooling"/>
    <MetadataItem type="other" name="dataset" value="https://hdl.handle.net/10622/LVXSBW">
      <Labels>
        <Label value="VOC transcriptions v2 - GLOBALISE" type="name"/>
        <Label value="Dataset in pagexml and txt format, including data card." type="description"/>
        <Label value="https://globalise.huygens.knaw.nl/" type="creator"/>
        <Label value="https://hdl.handle.net/10622/LVXSBW" type="url"/>
      </Labels>
    </MetadataItem>
  </Metadata>
  <Page imageFilename="NL-HaNA_1.04.02_1161_0604.jpg" imageWidth="3642" imageHeight="4883">
    <ReadingOrder>
      <OrderedGroup id="orderedgroup_49502fad-5020-4599-8498-e5ff8e598913">
        <RegionRefIndexed index="0" regionRef="region_97a4afae-4f6d-41fa-980c-4c161a599e17_5"/>
        <RegionRefIndexed index="1" regionRef="region_f5fc85bc-ce87-4563-bc26-d375b794937a_4"/>
        <RegionRefIndexed index="2" regionRef="region_93b20bd9-5abd-4142-8476-bc982bc9856b_3"/>
        <RegionRefIndexed index="3" regionRef="region_cf7585c1-63c3-461a-bb27-cf5664003a98_1"/>
        <RegionRefIndexed index="4" regionRef="region_39ae59c0-441b-487d-97f4-72a27fce3c10_2"/>
      </OrderedGroup>
    </ReadingOrder>
    <TextRegion id="region_97a4afae-4f6d-41fa-980c-4c161a599e17_5" custom="structure {type:marginalia;}">
      <Coords points="1167,3176 1163,3176 1156,3169 1145,3169 1142,3172 1138,3172 1135,3176 1127,3176 1124,3179 1117,3179 1113,3183 1110,3183 1106,3187 1103,3187 1099,3190 1095,3190 1092,3194 1088,3194 1074,3208 1071,3208 1071,3211 1063,3219 1060,3219 1056,3222 1042,3222 1028,3236 1028,3240 1024,3243 1024,3247 1021,3251 1021,3254 1017,3258 1017,3268 1021,3272 1021,3275 1028,3283 1046,3283 1049,3279 1053,3279 1056,3275 1063,3275 1067,3272 1078,3272 1081,3268 1088,3268 1092,3265 1099,3265 1106,3258 1110,3258 1124,3243 1124,3240 1159,3204 1159,3201 1163,3197 1163,3194 1167,3190"/>
    </TextRegion>
    <TextRegion id="region_f5fc85bc-ce87-4563-bc26-d375b794937a_4" custom="structure {type:paragraph;}">
      <Coords points="1199,775 1199,793 1209,822 1231,843 1255,882 1259,967 1245,1003 1241,1049 1255,1088 1259,1117 1288,1170 1298,1209 1302,1284 1291,1327 1270,1355 1270,1373 1277,1391 1277,1458 1273,1462 1277,1554 1288,1590 1288,1647 1298,1696 1280,1810 1280,1842 1302,1860 1312,1864 1330,1860 1366,1828 1401,1814 1476,1810 1515,1803 1857,1796 1913,1803 2219,1810 2223,1807 2330,1807 2465,1785 2696,1792 2771,1778 2835,1778 2838,1775 3251,1785 3286,1778 3361,1775 3382,1753 3393,1718 3393,1700 3382,1643 3389,1572 3386,1558 3389,1487 3382,1447 3382,1305 3372,1170 3379,1120 3379,1003 3372,896 3397,800 3397,775 3386,718 3368,701 3272,704 3254,697 3169,697 3098,704 2998,704 2995,701 2959,704 2956,701 2813,697 2699,708 2696,704 2529,704 2408,697 2276,697 2273,701 1736,697 1547,718 1320,726 1241,740 1216,754"/>
      <TextLine id="line_87f470c4-5c82-41a7-b3fc-1150f66e21b5">
        <Coords points="1211,591 1512,590 1893,603 2412,599 2576,595 2628,586 2972,582 3052,662 3080,677 3164,677 3176,686 3280,681 3305,688 3305,767 3060,770 3036,774 2980,818 2864,809 2828,829 2796,803 2770,821 2704,821 2696,813 2648,809 2432,805 2420,793 2217,793 2121,789 2113,781 1865,782 1761,877 1753,870 1665,870 1641,892 1635,888 1621,896 1593,876 1577,876 1561,860 1337,856 1273,848 1241,857 1211,877"/>
        <Baseline points="1250,790 1300,792 1350,793 1400,792 1450,789 1500,786 1550,784 1600,782 1650,781 1700,779 1750,776 1800,775 1850,774 1900,772 1950,770 2000,768 2050,768 2100,768 2150,766 2200,764 2250,763 2300,762 2350,762 2400,763 2450,763 2500,764 2550,764 2600,763 2650,763 2700,762 2750,760 2800,758 2850,755 2900,753 2950,754 3000,752 3050,750 3100,750 3150,750 3200,748 3250,749 3267,748"/>
        <Word id="word_9a8f416f-1bb1-43a8-855d-c1328025f56e">
          <Coords points="1251,755 1301,757 1351,758 1399,757 1448,754 1478,752 1481,797 1451,799 1400,802 1350,803 1300,802 1250,800"/>
          <TextEquiv>
            <Unicode>Hans</Unicode>
          </TextEquiv>
        </Word>
        <Word id="word_4f8cb9d5-bd01-480d-a1e9-d2035ee242cb">
          <Coords points="1539,749 1551,749 1599,747 1649,746 1699,744 1748,741 1799,740 1849,739 1899,737 1949,735 1998,733 1999,778 1950,780 1900,782 1850,784 1800,785 1751,786 1700,789 1650,791 1600,792 1550,794 1538,794"/>
          <TextEquiv>
            <Unicode>Coolmans</Unicode>
          </TextEquiv>
        </Word>
        <Word id="word_3246696e-2b5c-4b6f-9438-4f67a99ad6b6">
          <Coords points="2058,731 2102,733 2149,731 2199,729 2229,728 2230,773 2200,774 2150,776 2099,778 2056,776"/>
          <TextEquiv>
            <Unicode>van</Unicode>
          </TextEquiv>
        </Word>
        <Word id="word_1a74ec50-b164-4ceb-9e2e-5e953aa0f0d3">
          <Coords points="2286,727 2299,727 2350,727 2401,728 2450,728 2501,729 2550,729 2599,728 2650,728 2699,727 2747,725 2749,770 2700,772 2650,773 2600,773 2550,774 2500,774 2450,773 2400,773 2350,772 2300,772 2287,772"/>
          <TextEquiv>
            <Unicode>cooburgh</Unicode>
          </TextEquiv>
        </Word>
        <Word id="word_4ff36a77-6dcd-4df0-a933-3f45a8c30b53">
          <Coords points="2804,723 2848,720 2899,718 2922,718 2921,763 2900,763 2851,765 2806,768"/>
          <TextEquiv>
            <Unicode>in</Unicode>
          </TextEquiv>
        </Word>
        <Word id="word_29245b91-7faf-465f-a6e3-3442b13146f0">
          <Coords points="2975,720 2996,717 3049,715 3100,715 3150,715 3199,713 3251,714 3265,713 3267,758 3250,759 3200,758 3150,760 3100,760 3050,760 3001,762 2980,765"/>
          <TextEquiv>
            <Unicode>jndia</Unicode>
          </TextEquiv>
        </Word>
        <TextEquiv conf="0.9552508629644423">
          <Unicode>Hans Coolmans van cooburgh in jndia</Unicode>
        </TextEquiv>
        <TextStyle xHeight="57"/>
      </TextLine>
      <TextLine id="aba68f63-39c5-417b-918e-ccab1dc19bbf">
        <Coords points="1263,849 1333,849 1344,858 1561,861 1577,877 1593,877 1621,897 1636,897 1668,869 1754,869 1762,877 1860,782 1916,781 2112,781 2120,789 2216,794 2419,793 2431,805 2647,809 2699,813 2707,821 2768,821 2795,803 2845,842 2883,809 2903,809 2915,818 3158,813 3166,821 3334,821 3342,829 3411,829 3411,910 3400,921 3238,921 3222,905 3027,906 3019,914 2983,914 2975,922 2939,922 2923,934 2903,934 2863,909 2507,906 2499,914 2256,913 2228,938 2112,937 2068,954 1984,953 1972,941 1700,941 1688,933 1263,934"/>
        <Baseline points="1302,917 1352,912 1402,910 1452,909 1502,907 1552,905 1602,905 1652,905 1702,905 1752,901 1802,898 1852,897 1902,896 1952,895 2002,895 2052,896 2102,895 2152,893 2202,893 2252,890 2302,889 2352,888 2402,888 2452,886 2502,886 2552,885 2602,885 2652,884 2702,884 2752,884 2802,884 2852,886 2902,887 2952,887 3002,887 3052,887 3102,887 3152,886 3202,886 3252,888 3302,892 3352,893 3373,890"/>
        <Word id="word_574866a2-b7b8-4c37-9c3b-c95060e06c10">
          <Coords points="1299,882 1349,877 1401,875 1451,874 1501,872 1551,870 1602,870 1652,870 1655,870 1655,915 1652,915 1602,915 1552,915 1502,917 1452,919 1402,920 1353,922 1303,927"/>
          <TextEquiv>
            <Unicode>gecomen</Unicode>
          </TextEquiv>
        </Word>
        <Word id="word_33b0430f-5de3-4ff7-a97c-39078744f609">
          <Coords points="1703,870 1749,866 1800,863 1851,862 1857,862 1858,907 1852,907 1803,908 1753,911 1707,915"/>
          <TextEquiv>
            <Unicode>met</Unicode>
          </TextEquiv>
        </Word>
        <Word id="word_e9641f69-676d-4476-99a9-b1524b8766c1">
          <Coords points="1907,861 1951,860 2002,860 2053,861 2101,860 2151,858 2202,858 2209,858 2212,902 2202,903 2152,903 2102,905 2052,906 2002,905 1952,905 1908,906"/>
          <TextEquiv>
            <Unicode>tschip</Unicode>
          </TextEquiv>
        </Word>
        <Word id="word_3f9bacc3-acdf-4865-a47f-ed52ff08492a">
          <Coords points="2261,854 2302,854 2351,853 2402,853 2451,851 2502,851 2551,850 2602,850 2651,849 2702,849 2752,849 2802,849 2853,851 2903,852 2952,852 2969,852 2969,897 2952,897 2902,897 2852,896 2802,894 2752,894 2702,894 2652,894 2602,895 2552,895 2502,896 2452,896 2402,898 2352,898 2302,899 2262,899"/>
          <TextEquiv>
            <Unicode>d'vogelstruijs</Unicode>
          </TextEquiv>
        </Word>
        <Word id="word_ee53aadb-11d9-47b4-8413-c7195b388af4">
          <Coords points="3020,852 3052,852 3102,852 3120,852 3121,897 3102,897 3052,897 3020,897"/>
          <TextEquiv>
            <Unicode>ao</Unicode>
          </TextEquiv>
        </Word>
        <Word id="word_03d74614-5d26-44b8-8770-35a4824f122c">
          <Coords points="3172,851 3202,851 3253,853 3305,857 3353,858 3368,855 3374,900 3352,903 3301,902 3252,898 3202,896 3171,896"/>
          <TextEquiv>
            <Unicode>1643</Unicode>
          </TextEquiv>
        </Word>
        <TextEquiv conf="0.9098352042504846">
          <Unicode>gecomen met tschip d'vogelstruijs ao 1643</Unicode>
        </TextEquiv>
        <TextStyle xHeight="46"/>
      </TextLine>
      <TextLine id="d0d0288c-940d-4c5b-b998-5354635d47c2">
        <Coords points="1246,939 1688,934 1752,942 1972,942 1984,954 2064,955 2108,938 2228,939 2260,911 2864,911 2900,930 2928,931 2964,899 3200,899 3220,903 3240,922 3400,923 3407,930 3418,927 3437,945 3437,1025 3403,1052 3160,1055 3148,1043 2964,1043 2944,1027 2884,1027 2872,1036 2360,1032 2316,1056 2112,1056 2029,1139 2004,1139 1988,1123 1968,1123 1960,1115 1924,1119 1900,1095 1728,1091 1696,1059 1652,1060 1564,1147 1531,1119 1326,1120 1246,1095"/>
        <Baseline points="1285,1048 1335,1045 1385,1042 1435,1041 1485,1039 1535,1036 1585,1034 1635,1031 1685,1028 1735,1027 1785,1027 1835,1026 1885,1023 1935,1018 1985,1013 2035,1011 2085,1009 2135,1007 2185,1006 2235,1006 2285,1009 2335,1010 2385,1010 2435,1010 2485,1009 2535,1009 2585,1010 2635,1010 2685,1010 2735,1010 2785,1010 2835,1010 2885,1009 2935,1009 2985,1007 3035,1007 3085,1008 3135,1007 3185,1006 3235,1006 3285,1007 3335,1008 3385,1009 3399,1006"/>
        <Word id="word_ddd153d3-f26c-4800-9096-61fbdcf1ab1b">
          <Coords points="1283,1013 1333,1010 1383,1007 1434,1006 1484,1004 1500,1003 1502,1048 1485,1049 1435,1051 1386,1052 1336,1055 1286,1058"/>
          <TextEquiv>
            <Unicode>voor</Unicode>
          </TextEquiv>
        </Word>
        <Word id="word_261a6390-a3c7-404a-b97a-19e86080a6f0">
          <Coords points="1555,1000 1584,999 1633,996 1683,993 1734,992 1785,992 1834,991 1883,988 1932,983 1982,978 2034,976 2084,974 2134,972 2151,972 2152,1017 2135,1017 2085,1019 2035,1021 1986,1023 1936,1028 1886,1033 1835,1036 1785,1037 1735,1037 1686,1038 1636,1041 1585,1044 1556,1045"/>
          <TextEquiv>
            <Unicode>Bootsgesell</Unicode>
          </TextEquiv>
        </Word>
        <Word id="word_e75ecf07-b328-4d07-b3b6-4ed56d474f57">
          <Coords points="2207,971 2236,971 2262,973 2260,1017 2235,1016 2206,1016"/>
          <TextEquiv>
            <Unicode>a</Unicode>
          </TextEquiv>
        </Word>
        <Word id="word_077dfa01-e1a2-4529-98e0-acddd26891e2">
          <Coords points="2313,976 2334,975 2369,975 2369,1020 2335,1020 2315,1021"/>
          <TextEquiv>
            <Unicode>ƒ</Unicode>
          </TextEquiv>
        </Word>
        <Word id="word_7567a271-c62a-407e-a0ac-12ce01311e65">
          <Coords points="2423,975 2435,975 2476,974 2477,1019 2435,1020 2423,1020"/>
          <TextEquiv>
            <Unicode>9</Unicode>
          </TextEquiv>
        </Word>
        <Word id="word_d0ffdcfe-affc-4ebc-b0bf-c360b241325c">
          <Coords points="2540,974 2544,975 2586,975 2635,975 2685,975 2694,975 2694,1020 2685,1020 2635,1020 2585,1020 2533,1019 2529,1018"/>
          <TextEquiv>
            <Unicode>ter</Unicode>
          </TextEquiv>
        </Word>
        <Word id="word_c2991be9-9d3d-4dc8-9597-ef233b6e1646">
          <Coords points="2748,975 2785,975 2835,975 2884,974 2935,974 2984,972 3035,972 3074,973 3073,1018 3035,1017 2985,1017 2935,1019 2885,1019 2835,1020 2785,1020 2748,1020"/>
          <TextEquiv>
            <Unicode>maendt</Unicode>
          </TextEquiv>
        </Word>
        <Word id="word_6679f71d-7edb-4e16-b65f-c558e689eec0">
          <Coords points="3119,975 3126,973 3184,971 3235,971 3286,972 3336,973 3386,974 3391,972 3401,1016 3385,1019 3335,1018 3285,1017 3235,1016 3185,1016 3138,1017 3130,1019"/>
          <TextEquiv>
            <Unicode>werdt</Unicode>
          </TextEquiv>
        </Word>
        <TextEquiv conf="0.957527137337536">
          <Unicode>voor Bootsgesell a ƒ 9 ter maendt werdt</Unicode>
        </TextEquiv>
        <TextStyle xHeight="49"/>
      </TextLine>
      <TextLine id="line_7eb5778f-9883-471e-adbb-75905a855073">
        <Coords points="1268,1100 1330,1121 1538,1120 1566,1137 1649,1061 1693,1060 1725,1092 1901,1096 1921,1116 1985,1120 2005,1140 2026,1140 2121,1057 2301,1057 2336,1049 2364,1029 2452,1025 2476,1017 2877,1017 2884,1024 2936,1024 2960,1040 3139,1040 3163,1056 3380,1058 3380,1138 3275,1136 3263,1145 3235,1145 3175,1197 2944,1197 2908,1184 2880,1184 2852,1160 2828,1152 2708,1152 2680,1161 2592,1161 2528,1224 2328,1224 2312,1211 2281,1207 2129,1207 2093,1172 1845,1172 1830,1161 1753,1161 1693,1220 1677,1224 1662,1212 1268,1212"/>
        <Baseline points="1307,1163 1357,1164 1407,1161 1457,1160 1507,1160 1557,1159 1607,1155 1657,1155 1707,1154 1757,1153 1807,1152 1857,1151 1907,1150 1957,1149 2007,1148 2057,1147 2107,1147 2157,1146 2207,1144 2257,1141 2307,1141 2357,1139 2407,1137 2457,1136 2507,1135 2557,1134 2607,1132 2657,1130 2707,1128 2757,1127 2807,1126 2857,1125 2907,1124 2957,1124 3007,1124 3057,1124 3107,1124 3157,1125 3207,1126 3257,1123 3307,1121 3342,1119"/>
        <Word id="word_9555c351-6f8a-47f8-897a-51e0709d2155">
          <Coords points="1308,1128 1358,1129 1405,1126 1456,1125 1496,1125 1496,1170 1457,1170 1408,1171 1357,1174 1307,1173"/>
          <TextEquiv>
            <Unicode>door</Unicode>
          </TextEquiv>
        </Word>
        <Word id="word_52b8d47f-65a0-4596-8c38-23b8722b039d">
          <Coords points="1541,1125 1554,1124 1604,1120 1657,1120 1706,1119 1756,1118 1806,1117 1856,1116 1906,1115 1956,1114 1969,1114 1970,1159 1957,1159 1907,1160 1857,1161 1807,1162 1757,1163 1707,1164 1657,1165 1608,1165 1558,1169 1544,1170"/>
          <TextEquiv>
            <Unicode>expiratie</Unicode>
          </TextEquiv>
        </Word>
        <Word id="word_71906d37-ed61-481e-adb8-1eb579bce7a2">
          <Coords points="2016,1113 2056,1112 2107,1112 2156,1111 2157,1111 2159,1156 2157,1156 2107,1157 2057,1157 2017,1158"/>
          <TextEquiv>
            <Unicode>van</Unicode>
          </TextEquiv>
        </Word>
        <Word id="word_4bf63422-fdc2-4d18-a24a-1162c81191a6">
          <Coords points="2205,1109 2206,1109 2255,1106 2307,1106 2356,1104 2394,1102 2396,1147 2357,1149 2307,1151 2258,1151 2207,1154 2207,1154"/>
          <TextEquiv>
            <Unicode>tijt</Unicode>
          </TextEquiv>
        </Word>
        <Word id="word_07bb9756-bb5a-41dc-bed0-1a0fd507534b">
          <Coords points="2444,1101 2458,1101 2506,1100 2537,1099 2538,1144 2507,1145 2457,1146 2442,1146"/>
          <TextEquiv>
            <Unicode>op</Unicode>
          </TextEquiv>
        </Word>
        <Word id="word_8c455b9c-6ba5-4227-84fb-0a8e3e8c1de3">
          <Coords points="2582,1099 2605,1097 2656,1095 2706,1093 2756,1092 2773,1092 2774,1137 2757,1137 2707,1138 2657,1140 2608,1142 2585,1143"/>
          <TextEquiv>
            <Unicode>sijn</Unicode>
          </TextEquiv>
        </Word>
        <Word id="word_2064e68d-3df3-4fc6-962a-27e9b72f5be7">
          <Coords points="2821,1091 2856,1090 2906,1089 2957,1089 3007,1089 3057,1089 3107,1089 3158,1090 3201,1091 3200,1136 3157,1135 3107,1134 3057,1134 3007,1134 2957,1134 2907,1134 2857,1135 2822,1136"/>
          <TextEquiv>
            <Unicode>versoeck</Unicode>
          </TextEquiv>
        </Word>
        <Word id="word_91c8cc60-5729-4922-b4a0-6d77e1bf6eeb">
          <Coords points="3234,1094 3244,1090 3306,1086 3339,1084 3342,1129 3307,1131 3261,1132 3251,1136"/>
          <TextEquiv>
            <Unicode>jn</Unicode>
          </TextEquiv>
        </Word>
        <TextEquiv conf="0.9389779963659771">
          <Unicode>door expiratie van tijt op sijn versoeck jn</Unicode>
        </TextEquiv>
        <TextStyle xHeight="45"/>
      </TextLine>
      <TextLine id="fca7a845-7bea-497e-8ce8-68db91cbc57c">
        <Coords points="1263,1210 1663,1210 1680,1222 1702,1213 1753,1163 1785,1159 1826,1159 1845,1173 2093,1173 2133,1209 2285,1209 2325,1222 2528,1222 2588,1163 2672,1163 2704,1154 2836,1154 2876,1181 2936,1189 2948,1198 3136,1193 3148,1202 3403,1202 3412,1194 3425,1196 3425,1276 3408,1258 3396,1258 3387,1267 3328,1267 3256,1299 3028,1303 2956,1311 2912,1327 2289,1326 2197,1322 2172,1298 1789,1294 1729,1295 1697,1315 1613,1323 1565,1323 1553,1314 1377,1314 1349,1327 1263,1331"/>
        <Baseline points="1302,1299 1352,1294 1402,1291 1452,1290 1502,1289 1552,1288 1602,1289 1652,1287 1702,1284 1752,1284 1802,1281 1852,1279 1902,1278 1952,1276 2002,1274 2052,1271 2102,1268 2152,1268 2202,1268 2252,1267 2302,1268 2352,1268 2402,1269 2452,1269 2502,1269 2552,1269 2602,1268 2652,1268 2702,1268 2752,1267 2802,1266 2852,1267 2902,1268 2952,1266 3002,1266 3052,1266 3102,1264 3152,1262 3202,1261 3252,1260 3302,1259 3352,1258 3387,1257"/>
        <Word id="word_41be6b42-91a5-4923-97b0-cafcf231160d">
          <Coords points="1299,1264 1349,1259 1400,1256 1451,1255 1501,1254 1551,1253 1603,1254 1651,1252 1700,1249 1752,1249 1763,1248 1766,1293 1752,1294 1703,1294 1652,1297 1602,1299 1552,1298 1502,1299 1452,1300 1403,1301 1353,1304 1303,1309"/>
          <TextEquiv>
            <Unicode>qualiteijt</Unicode>
          </TextEquiv>
        </Word>
        <Word id="word_ffb728f5-0abe-42e2-85d3-be18a3f01278">
          <Coords points="1810,1245 1851,1244 1901,1243 1949,1241 1951,1286 1902,1288 1852,1289 1812,1290"/>
          <TextEquiv>
            <Unicode>van</Unicode>
          </TextEquiv>
        </Word>
        <Word id="word_847fab13-66a9-4886-8783-4f1155a00b32">
          <Coords points="1995,1239 2001,1239 2050,1236 2100,1233 2152,1233 2202,1233 2251,1232 2303,1233 2321,1233 2321,1278 2302,1278 2252,1277 2202,1278 2152,1278 2103,1278 2053,1281 2002,1284 1997,1284"/>
          <TextEquiv>
            <Unicode>soldaet</Unicode>
          </TextEquiv>
        </Word>
        <Word id="word_0b7b772e-ecac-4944-8551-753401afbe2f">
          <Coords points="2368,1233 2403,1234 2452,1234 2502,1234 2552,1234 2552,1234 2553,1279 2552,1279 2502,1279 2452,1279 2402,1279 2367,1278"/>
          <TextEquiv>
            <Unicode>omme</Unicode>
          </TextEquiv>
        </Word>
        <Word id="word_f7e9a72f-e18a-4cf6-9925-69f738493ddf">
          <Coords points="2598,1233 2601,1233 2652,1233 2692,1233 2692,1278 2652,1278 2602,1278 2599,1278"/>
          <TextEquiv>
            <Unicode>d'</Unicode>
          </TextEquiv>
        </Word>
        <Word id="word_99483727-6c64-4d8b-a3ca-93c6e9f0ecc9">
          <Coords points="2736,1233 2749,1232 2801,1231 2832,1232 2831,1277 2802,1276 2753,1277 2739,1278"/>
          <TextEquiv>
            <Unicode>E.</Unicode>
          </TextEquiv>
        </Word>
        <Word id="word_f1bd74cf-50ea-410f-aa19-ec89278b71e4">
          <Coords points="2878,1233 2903,1233 2951,1231 3002,1231 3052,1231 3101,1229 3151,1227 3155,1227 3155,1272 3152,1272 3102,1274 3052,1276 3002,1276 2952,1276 2902,1278 2877,1278"/>
          <TextEquiv>
            <Unicode>Comp„e</Unicode>
          </TextEquiv>
        </Word>
        <Word id="word_3b56762a-db2a-4ab6-a944-fda75f13ec9e">
          <Coords points="3201,1226 3201,1226 3251,1225 3301,1224 3351,1223 3386,1222 3387,1267 3352,1268 3302,1269 3252,1270 3202,1271 3202,1271"/>
          <TextEquiv>
            <Unicode>noch</Unicode>
          </TextEquiv>
        </Word>
        <TextEquiv conf="0.8918511051984915">
          <Unicode>qualiteijt van soldaet omme d' E. Comp„e noch</Unicode>
        </TextEquiv>
        <TextStyle xHeight="42"/>
      </TextLine>
      <TextLine id="ef4af1e2-d259-4006-bae3-dcc7c7831f96">
        <Coords points="1242,1330 1364,1326 1388,1302 1715,1306 1723,1298 1983,1297 2171,1297 2199,1325 2494,1325 2506,1334 2646,1338 2666,1325 2902,1330 2958,1310 2991,1313 3026,1302 3261,1297 3411,1297 3438,1324 3438,1406 3399,1445 3281,1445 3241,1409 2618,1410 2530,1489 2494,1493 2475,1477 2454,1476 2446,1468 2263,1469 2214,1515 2147,1515 2131,1500 2083,1492 1859,1488 1432,1497 1420,1488 1242,1488"/>
        <Baseline points="1281,1428 1331,1422 1381,1420 1431,1418 1481,1414 1531,1412 1581,1412 1631,1411 1681,1410 1731,1410 1781,1409 1831,1409 1881,1407 1931,1406 1981,1404 2031,1402 2081,1401 2131,1400 2181,1399 2231,1398 2281,1397 2331,1397 2381,1399 2431,1399 2481,1398 2531,1396 2581,1397 2631,1396 2681,1397 2731,1397 2781,1396 2831,1396 2881,1396 2931,1396 2981,1395 3031,1393 3081,1392 3131,1391 3181,1389 3231,1389 3281,1387 3331,1386 3381,1384 3400,1386"/>
        <Word id="word_5b3121ce-ea1a-400c-b08e-7576bf97fc8e">
          <Coords points="1277,1393 1327,1387 1380,1385 1430,1383 1478,1379 1530,1377 1533,1377 1533,1422 1531,1422 1482,1424 1431,1428 1381,1430 1332,1432 1282,1438"/>
          <TextEquiv>
            <Unicode>drije</Unicode>
          </TextEquiv>
        </Word>
        <Word id="word_783f9195-6f1f-4ef2-9ccf-5f3e81e61425">
          <Coords points="1583,1377 1630,1376 1680,1375 1731,1375 1780,1374 1831,1374 1880,1372 1885,1372 1886,1417 1881,1417 1831,1419 1781,1419 1731,1420 1681,1420 1631,1421 1583,1422"/>
          <TextEquiv>
            <Unicode>jaeren</Unicode>
          </TextEquiv>
        </Word>
        <Word id="word_1bc96922-7972-4875-b897-9851935ad373">
          <Coords points="1935,1371 1980,1369 2030,1367 2037,1367 2038,1412 2031,1412 1981,1414 1937,1416"/>
          <TextEquiv>
            <Unicode>te</Unicode>
          </TextEquiv>
        </Word>
        <Word id="word_dc3f207f-69c1-47e6-b47b-2308e37abb91">
          <Coords points="2087,1366 2130,1365 2180,1364 2230,1363 2280,1362 2331,1362 2382,1364 2391,1364 2391,1409 2381,1409 2331,1407 2281,1407 2231,1408 2181,1409 2131,1410 2088,1411"/>
          <TextEquiv>
            <Unicode>dienen</Unicode>
          </TextEquiv>
        </Word>
        <Word id="word_c6e2fe8d-bc34-436b-9bc1-f84f2f543312">
          <Coords points="2440,1364 2480,1363 2530,1361 2582,1362 2630,1361 2682,1362 2731,1362 2780,1361 2831,1361 2881,1361 2931,1361 2945,1361 2946,1406 2931,1406 2881,1406 2831,1406 2781,1406 2731,1407 2681,1407 2631,1406 2581,1407 2531,1406 2481,1408 2441,1409"/>
          <TextEquiv>
            <Unicode>aengekomen</Unicode>
          </TextEquiv>
        </Word>
        <Word id="word_5e93847d-fa6c-4d71-81a8-8f2ec5f14710">
          <Coords points="2995,1360 3029,1358 3080,1357 3130,1356 3180,1354 3198,1354 3198,1399 3181,1399 3131,1401 3081,1402 3031,1403 2997,1405"/>
          <TextEquiv>
            <Unicode>ende</Unicode>
          </TextEquiv>
        </Word>
        <Word id="word_2532f6d2-032d-439a-af74-22ba1e0cdf2e">
          <Coords points="3247,1354 3279,1352 3330,1351 3380,1349 3404,1351 3399,1396 3381,1394 3331,1396 3282,1397 3249,1399"/>
          <TextEquiv>
            <Unicode>een</Unicode>
          </TextEquiv>
        </Word>
        <TextEquiv conf="0.9300558188933342">
          <Unicode>drije jaeren te dienen aengekomen ende een</Unicode>
        </TextEquiv>
        <TextStyle xHeight="51"/>
      </TextLine>
      <TextLine id="line_9e6581e2-99d6-447c-8194-665c25becd0d">
        <Coords points="1238,1481 1560,1477 1620,1421 1660,1417 1944,1417 2208,1405 2305,1405 2368,1468 2448,1468 2492,1493 2540,1485 2624,1408 3240,1408 3292,1460 3408,1461 3429,1441 3429,1521 3412,1537 3328,1528 2812,1521 2760,1573 2744,1577 2612,1576 2572,1572 2564,1564 2404,1565 2372,1544 2316,1544 2276,1545 2254,1565 2136,1556 1860,1556 1813,1588 1779,1592 1746,1608 1712,1595 1238,1591"/>
        <Baseline points="1277,1559 1327,1560 1377,1557 1427,1552 1477,1549 1527,1546 1577,1543 1627,1541 1677,1538 1727,1536 1777,1537 1827,1536 1877,1535 1927,1533 1977,1532 2027,1530 2077,1527 2127,1525 2177,1523 2227,1522 2277,1522 2327,1521 2377,1519 2427,1517 2477,1517 2527,1517 2577,1516 2627,1516 2677,1517 2727,1517 2777,1515 2827,1514 2877,1512 2927,1510 2977,1506 3027,1505 3077,1505 3127,1502 3177,1501 3227,1501 3277,1501 3327,1499 3377,1502 3391,1502"/>
        <Word id="word_a8658fcf-0ac4-4fe7-b1b0-6917a9906f77">
          <Coords points="1278,1524 1328,1525 1375,1522 1424,1517 1475,1514 1525,1511 1575,1508 1626,1506 1675,1503 1726,1501 1778,1502 1826,1501 1876,1500 1879,1500 1881,1545 1877,1545 1827,1546 1777,1547 1727,1546 1678,1548 1627,1551 1578,1553 1528,1556 1478,1559 1428,1562 1378,1567 1327,1570 1277,1569"/>
          <TextEquiv>
            <Unicode>Belooningh</Unicode>
          </TextEquiv>
        </Word>
        <Word id="word_4b044cee-6bd3-418f-a805-c349fbe8a26a">
          <Coords points="1941,1497 1977,1497 2026,1495 2075,1492 2121,1490 2123,1535 2078,1537 2027,1540 1977,1542 1941,1542"/>
          <TextEquiv>
            <Unicode>van</Unicode>
          </TextEquiv>
        </Word>
        <Word id="word_809436cd-d8d9-42e8-abed-510f18223c5d">
          <Coords points="2182,1488 2226,1487 2277,1487 2326,1486 2376,1484 2426,1482 2477,1482 2527,1482 2576,1481 2627,1481 2667,1482 2666,1527 2627,1526 2577,1526 2527,1527 2477,1527 2427,1527 2377,1529 2327,1531 2277,1532 2227,1532 2183,1533"/>
          <TextEquiv>
            <Unicode>twaeleff</Unicode>
          </TextEquiv>
        </Word>
        <Word id="word_b48bdc5b-17ff-4de5-b332-72a29cb939e9">
          <Coords points="2694,1504 2695,1503 2776,1480 2826,1479 2876,1477 2926,1475 2974,1471 3026,1470 3077,1470 3125,1467 3148,1467 3149,1512 3128,1512 3077,1515 3027,1515 2978,1516 2927,1520 2877,1522 2827,1524 2777,1525 2736,1521 2736,1522"/>
          <TextEquiv>
            <Unicode>guldens</Unicode>
          </TextEquiv>
        </Word>
        <Word id="word_ea107614-a27d-4fef-a942-8da3a8b08729">
          <Coords points="3210,1465 3228,1466 3277,1466 3326,1464 3379,1467 3390,1467 3390,1512 3376,1512 3327,1509 3277,1511 3227,1511 3209,1510"/>
          <TextEquiv>
            <Unicode>ter</Unicode>
          </TextEquiv>
        </Word>
        <TextEquiv conf="0.9350429622187335">
          <Unicode>Belooningh van twaeleff guldens ter</Unicode>
        </TextEquiv>
        <TextStyle xHeight="46"/>
      </TextLine>
      <TextLine id="line_405f31e3-0f56-4d10-9e28-2ca609242c09">
        <Coords points="1262,1570 1777,1569 1789,1577 1810,1569 1824,1578 1856,1557 2259,1562 2276,1546 2371,1545 2403,1565 2759,1574 2811,1522 2891,1521 3297,1533 3340,1567 3340,1647 3167,1647 3159,1654 2955,1666 2927,1665 2915,1657 2292,1658 2192,1662 2176,1674 1976,1674 1952,1698 1262,1693"/>
        <Baseline points="1301,1672 1351,1673 1401,1670 1451,1669 1501,1669 1551,1667 1601,1667 1651,1667 1701,1667 1751,1666 1801,1667 1851,1666 1901,1664 1951,1663 2001,1661 2051,1660 2101,1658 2151,1657 2201,1655 2251,1653 2301,1651 2351,1649 2401,1647 2451,1645 2501,1643 2551,1640 2601,1641 2651,1642 2701,1641 2751,1640 2801,1640 2851,1639 2901,1637 2951,1636 3001,1635 3051,1634 3101,1632 3151,1632 3201,1633 3251,1632 3301,1628 3302,1628"/>
        <Word id="word_63b7457f-0c02-40c7-90ad-af0a54906a9f">
          <Coords points="1302,1637 1352,1638 1399,1635 1450,1634 1501,1634 1550,1632 1601,1632 1635,1632 1635,1677 1601,1677 1551,1677 1501,1679 1451,1679 1402,1680 1351,1683 1301,1682"/>
          <TextEquiv>
            <Unicode>maendt</Unicode>
          </TextEquiv>
        </Word>
        <Word id="word_ba553be6-2b7c-409e-8f62-abd51a1824d3">
          <Coords points="1690,1632 1701,1632 1750,1631 1802,1632 1850,1631 1900,1629 1950,1628 2000,1626 2050,1625 2100,1623 2150,1622 2200,1620 2250,1618 2300,1616 2300,1616 2302,1661 2301,1661 2251,1663 2201,1665 2151,1667 2101,1668 2051,1670 2001,1671 1951,1673 1901,1674 1851,1676 1801,1677 1751,1676 1701,1677 1690,1677"/>
          <TextEquiv>
            <Unicode>toegeleijdt</Unicode>
          </TextEquiv>
        </Word>
        <Word id="word_7b56c372-e10d-4ec7-8ba2-ca32830518ff">
          <Coords points="2356,1614 2400,1612 2411,1612 2413,1657 2401,1657 2358,1659"/>
          <TextEquiv>
            <Unicode>t</Unicode>
          </TextEquiv>
        </Word>
        <Word id="word_00620538-5d85-4506-b7b8-109ffbabec82">
          <Coords points="2467,1609 2500,1608 2549,1605 2602,1606 2652,1607 2700,1606 2750,1605 2801,1605 2801,1605 2802,1650 2801,1650 2751,1650 2701,1651 2651,1652 2601,1651 2552,1650 2501,1653 2469,1654"/>
          <TextEquiv>
            <Unicode>nieuwe</Unicode>
          </TextEquiv>
        </Word>
        <Word id="word_5160c372-7550-4cc4-8956-39d3606270e3">
          <Coords points="2856,1604 2899,1602 2950,1601 3000,1600 3050,1599 3100,1597 3151,1597 3202,1598 3250,1597 3298,1593 3302,1593 3302,1638 3302,1638 3251,1642 3201,1643 3151,1642 3101,1642 3051,1644 3001,1645 2951,1646 2901,1647 2858,1649"/>
          <TextEquiv>
            <Unicode>verbandt</Unicode>
          </TextEquiv>
        </Word>
        <TextEquiv conf="0.8949439933082719">
          <Unicode>maendt toegeleijdt t nieuwe verbandt</Unicode>
        </TextEquiv>
        <TextStyle xHeight="41"/>
      </TextLine>
      <TextLine id="line_31a13eee-7f5f-49b9-b988-a8daa87bbafd">
        <Coords points="1270,1692 1955,1697 1979,1673 2179,1673 2187,1665 2215,1661 2830,1646 3042,1645 3081,1653 3158,1653 3169,1642 3261,1641 3381,1641 3399,1657 3421,1656 3442,1675 3442,1755 3425,1749 3409,1762 3349,1762 3277,1830 3021,1837 2935,1754 2858,1758 2842,1774 2766,1774 2710,1826 2474,1834 2454,1817 2339,1813 2295,1834 2231,1846 2022,1858 1372,1858 1356,1845 1270,1817"/>
        <Baseline points="1309,1798 1359,1792 1409,1791 1459,1791 1509,1788 1559,1784 1609,1782 1659,1782 1709,1781 1759,1780 1809,1778 1859,1777 1909,1777 1959,1777 2009,1777 2059,1776 2109,1775 2159,1774 2209,1772 2259,1771 2309,1770 2359,1766 2409,1763 2459,1760 2509,1758 2559,1756 2609,1754 2659,1754 2709,1753 2759,1750 2809,1749 2859,1748 2909,1747 2959,1747 3009,1747 3059,1746 3109,1745 3159,1745 3209,1744 3259,1743 3309,1743 3359,1743 3404,1736"/>
        <Word id="word_4e5de004-6b69-4c71-8dc8-4eac978d4ba8">
          <Coords points="1305,1763 1355,1757 1408,1756 1459,1756 1507,1753 1515,1752 1519,1797 1510,1798 1459,1801 1409,1801 1360,1802 1310,1808"/>
          <TextEquiv>
            <Unicode>ende</Unicode>
          </TextEquiv>
        </Word>
        <Word id="word_0e2f9256-86e6-4619-885c-5ddc7069d5e9">
          <Coords points="1569,1748 1608,1747 1659,1747 1708,1746 1758,1745 1808,1743 1858,1742 1909,1742 1959,1742 2009,1742 2058,1741 2108,1740 2158,1739 2208,1737 2258,1736 2304,1735 2304,1780 2259,1781 2209,1782 2159,1784 2109,1785 2059,1786 2009,1787 1959,1787 1909,1787 1859,1787 1809,1788 1759,1790 1709,1791 1659,1792 1609,1792 1571,1793"/>
          <TextEquiv>
            <Unicode>d'verbeteringe</Unicode>
          </TextEquiv>
        </Word>
        <Word id="word_38776ef0-40d8-4c3a-a54e-67ea5dd6e95a">
          <Coords points="2329,1748 2331,1745 2407,1728 2457,1725 2508,1723 2511,1723 2513,1768 2509,1768 2460,1770 2410,1773 2367,1772 2365,1775"/>
          <TextEquiv>
            <Unicode>van</Unicode>
          </TextEquiv>
        </Word>
        <Word id="word_ffb47a9c-ce44-41e3-a0f9-b8b8075a8956">
          <Coords points="2563,1721 2608,1719 2659,1719 2708,1718 2757,1715 2808,1714 2826,1714 2827,1759 2809,1759 2760,1760 2709,1763 2659,1764 2609,1764 2565,1766"/>
          <TextEquiv>
            <Unicode>gagie</Unicode>
          </TextEquiv>
        </Word>
        <Word id="word_d032f6d7-15ce-42b0-92d5-18aa128315ae">
          <Coords points="2878,1713 2908,1712 2959,1712 3009,1712 3058,1711 3088,1710 3089,1755 3059,1756 3009,1757 2959,1757 2909,1757 2879,1758"/>
          <TextEquiv>
            <Unicode>dato</Unicode>
          </TextEquiv>
        </Word>
        <Word id="word_c0c3c7b0-229c-4aee-a9c4-898089be01be">
          <Coords points="3142,1709 3160,1710 3208,1709 3258,1708 3309,1708 3359,1708 3397,1702 3404,1746 3359,1753 3309,1753 3259,1753 3209,1754 3159,1755 3141,1754"/>
          <TextEquiv>
            <Unicode>deses</Unicode>
          </TextEquiv>
        </Word>
        <TextEquiv conf="0.935490723962236">
          <Unicode>ende d'verbeteringe van gagie dato deses</Unicode>
        </TextEquiv>
        <TextStyle xHeight="54"/>
      </TextLine>
    </TextRegion>
    <TextRegion id="region_93b20bd9-5abd-4142-8476-bc982bc9856b_3" custom="structure {type:paragraph;}">
      <Coords points="3368,1949 3361,1935 3343,1920 3315,1913 3244,1874 3219,1874 3183,1864 3133,1864 3130,1860 3005,1860 2945,1878 2902,1878 2852,1888 2760,1892 2756,1896 2639,1892 2635,1888 2536,1885 2497,1878 2426,1878 2422,1881 2322,1885 2269,1892 2198,1892 2194,1896 1889,1892 1785,1906 1718,1906 1714,1910 1707,1906 1600,1906 1597,1903 1504,1906 1501,1910 1494,1906 1327,1903 1302,1910 1263,1963 1234,2041 1238,2066 1263,2116 1263,2148 1273,2173 1277,2219 1288,2255 1291,2390 1284,2422 1295,2468 1291,2532 1309,2628 1302,2696 1309,2721 1309,2810 1316,2834 1341,2863 1366,2863 1426,2845 1526,2842 1558,2834 1608,2834 1611,2831 1682,2827 1721,2820 1938,2820 1942,2817 2020,2817 2024,2813 2120,2813 2123,2817 2258,2817 2262,2813 2973,2817 2977,2813 3244,2802 3322,2785 3354,2763 3365,2742 3361,2642 3357,2639 3361,2628 3357,2618 3357,2529 3361,2525 3357,2465 3361,2461 3361,2425 3368,2411 3372,2312 3382,2273 3379,2169 3386,2123 3382,2120 3386,2017"/>
      <TextLine id="line_8e1cdf96-899b-473c-ac77-a00186bea407">
        <Coords points="1112,1799 1234,1803 1338,1843 1818,1847 1834,1860 2213,1848 2289,1836 2337,1815 2453,1815 2481,1843 2541,1875 2693,1871 2713,1891 2817,1891 2829,1903 2976,1904 2993,1892 3071,1892 3105,1863 3298,1868 3298,1948 3277,1957 2993,1956 2940,2004 2841,2003 2790,1957 2669,1965 1914,1972 1874,2012 1802,2003 1794,1995 1354,1992 1250,2087 1112,2095"/>
        <Baseline points="1151,1990 1201,1991 1251,1988 1301,1985 1351,1980 1401,1978 1451,1979 1501,1978 1551,1976 1601,1973 1651,1972 1701,1969 1751,1967 1801,1966 1851,1964 1901,1963 1951,1964 2001,1965 2051,1963 2101,1962 2151,1962 2201,1960 2251,1959 2301,1958 2351,1958 2401,1956 2451,1956 2501,1954 2551,1955 2601,1954 2651,1953 2701,1951 2751,1949 2801,1948 2851,1946 2901,1943 2951,1940 3001,1935 3051,1932 3101,1930 3151,1929 3201,1929 3251,1927 3260,1928"/>
        <Word id="word_a6b78a83-bb8f-4ca1-8c52-39a5d58f9d79">
          <Coords points="1152,1955 1202,1956 1249,1953 1299,1950 1348,1945 1400,1943 1452,1944 1500,1943 1511,1943 1513,1988 1501,1988 1451,1989 1401,1988 1352,1990 1302,1995 1252,1998 1201,2001 1151,2000"/>
          <TextEquiv>
            <Unicode>Varent</Unicode>
          </TextEquiv>
        </Word>
        <Word id="word_8c3ab7e7-f2cf-4d33-9a02-da24f42cf255">
          <Coords points="1570,1940 1598,1938 1650,1937 1699,1934 1750,1932 1800,1931 1850,1929 1900,1928 1952,1929 2002,1930 2050,1928 2054,1928 2055,1973 2051,1973 2001,1975 1951,1974 1901,1973 1851,1974 1801,1976 1751,1977 1702,1979 1651,1982 1602,1983 1573,1985"/>
          <TextEquiv>
            <Unicode>sluijten</Unicode>
          </TextEquiv>
        </Word>
        <Word id="word_c822dbfc-fcbf-4b20-b670-025a43b833bb">
          <Coords points="2115,1927 2151,1927 2200,1925 2250,1924 2295,1923 2296,1968 2251,1969 2201,1970 2151,1972 2115,1972"/>
          <TextEquiv>
            <Unicode>van</Unicode>
          </TextEquiv>
        </Word>
        <Word id="word_980d4077-2bcc-4a67-9c23-d7e785f01c1c">
          <Coords points="2356,1922 2400,1921 2451,1921 2500,1919 2552,1920 2600,1919 2650,1918 2700,1916 2717,1915 2718,1960 2701,1961 2651,1963 2601,1964 2551,1965 2501,1964 2451,1966 2401,1966 2356,1967"/>
          <TextEquiv>
            <Unicode>embden</Unicode>
          </TextEquiv>
        </Word>
        <Word id="word_c5b807b7-fc7b-475a-b497-3aa9b5fa4391">
          <Coords points="2778,1913 2801,1913 2850,1911 2897,1908 2899,1953 2851,1956 2801,1958 2778,1958"/>
          <TextEquiv>
            <Unicode>in</Unicode>
          </TextEquiv>
        </Word>
        <Word id="word_90ab2783-979d-4136-b91a-8c3d915b6029">
          <Coords points="2955,1905 2997,1900 3049,1897 3100,1895 3150,1894 3201,1894 3250,1892 3264,1893 3259,1938 3251,1937 3201,1939 3151,1939 3101,1940 3052,1942 3002,1945 2960,1949"/>
          <TextEquiv>
            <Unicode>jndia</Unicode>
          </TextEquiv>
        </Word>
        <TextEquiv conf="0.9256354095176419">
          <Unicode>Varent sluijten van embden in jndia</Unicode>
        </TextEquiv>
        <TextStyle xHeight="49"/>
      </TextLine>
      <TextLine id="line_49d37865-f7b2-45d4-9635-40fd8692c465">
        <Coords points="1268,2074 1318,2030 1730,2030 1770,2026 1782,2017 1869,2014 1913,1974 2669,1966 2693,1958 2789,1958 2841,2005 2934,2006 2992,1957 3328,1962 3400,1954 3412,1965 3428,1965 3457,1993 3457,2074 3432,2078 3420,2077 3405,2062 2972,2074 2849,2082 2841,2090 2733,2086 2701,2106 2653,2118 2325,2117 2289,2130 2209,2130 2189,2113 1366,2118 1342,2134 1268,2141"/>
        <Baseline points="1307,2113 1357,2112 1407,2107 1457,2102 1507,2099 1557,2097 1607,2096 1657,2093 1707,2092 1757,2091 1807,2090 1857,2089 1907,2087 1957,2088 2007,2088 2057,2085 2107,2084 2157,2083 2207,2083 2257,2084 2307,2084 2357,2084 2407,2083 2457,2081 2507,2080 2557,2079 2607,2077 2657,2077 2707,2077 2757,2076 2807,2073 2857,2072 2907,2071 2957,2068 3007,2066 3057,2065 3107,2063 3157,2061 3207,2059 3257,2057 3307,2055 3357,2054 3407,2052 3419,2055"/>
        <Word id="word_3b315633-0c19-4d9b-944e-29e5d3030160">
          <Coords points="1306,2078 1356,2077 1404,2072 1454,2067 1505,2064 1556,2062 1606,2061 1619,2060 1622,2105 1607,2106 1557,2107 1508,2109 1458,2112 1408,2117 1357,2122 1307,2123"/>
          <TextEquiv>
            <Unicode>gecomen</Unicode>
          </TextEquiv>
        </Word>
        <Word id="word_810d54e8-f1eb-4b38-86d4-e92487383e89">
          <Coords points="1666,2057 1707,2057 1755,2056 1756,2101 1707,2102 1666,2102"/>
          <TextEquiv>
            <Unicode>ao</Unicode>
          </TextEquiv>
        </Word>
        <Word id="word_f9b35484-f01b-4c6b-a6cd-baa3932fb16d">
          <Coords points="1800,2055 1806,2055 1856,2054 1906,2052 1958,2053 1981,2053 1981,2098 1957,2098 1907,2097 1857,2099 1807,2100 1801,2100"/>
          <TextEquiv>
            <Unicode>1643</Unicode>
          </TextEquiv>
        </Word>
        <Word id="word_cc3e31b8-e208-4d1c-846a-73ed6f6e0499">
          <Coords points="2022,2053 2054,2050 2106,2049 2156,2048 2161,2048 2161,2093 2157,2093 2107,2094 2058,2095 2027,2098"/>
          <TextEquiv>
            <Unicode>met</Unicode>
          </TextEquiv>
        </Word>
        <Word id="word_609e6863-166e-4735-b89f-3bd5e32a4e0e">
          <Coords points="2206,2048 2207,2048 2258,2049 2307,2049 2357,2049 2406,2048 2429,2047 2431,2092 2407,2093 2357,2094 2307,2094 2257,2094 2207,2093 2206,2093"/>
          <TextEquiv>
            <Unicode>schip</Unicode>
          </TextEquiv>
        </Word>
        <Word id="word_6fe9c353-e0a7-4843-803e-22ed72555df7">
          <Coords points="2475,2045 2507,2045 2556,2044 2606,2042 2657,2042 2700,2042 2700,2087 2657,2087 2607,2087 2557,2089 2507,2090 2475,2090"/>
          <TextEquiv>
            <Unicode>wesel</Unicode>
          </TextEquiv>
        </Word>
        <Word id="word_fd80bcd4-d23b-4ea2-9cb1-9e08879e2d63">
          <Coords points="2742,2042 2754,2041 2788,2039 2791,2084 2758,2086 2746,2087"/>
          <TextEquiv>
            <Unicode>a</Unicode>
          </TextEquiv>
        </Word>
        <Word id="word_e162c8eb-4096-44c8-9902-c157be2836fc">
          <Coords points="2836,2036 2858,2037 2906,2036 2955,2033 2968,2033 2970,2077 2958,2078 2907,2081 2857,2082 2835,2081"/>
          <TextEquiv>
            <Unicode>ƒ10</Unicode>
          </TextEquiv>
        </Word>
        <Word id="word_35ee7e90-3d3e-4623-a4e9-d419e8fd4036">
          <Coords points="3014,2031 3056,2030 3106,2028 3148,2026 3150,2071 3107,2073 3057,2075 3015,2076"/>
          <TextEquiv>
            <Unicode>ter</Unicode>
          </TextEquiv>
        </Word>
        <Word id="word_ce683a8e-e96d-4cb3-8755-0e7dfb3ecfdc">
          <Coords points="3193,2025 3206,2024 3256,2022 3306,2020 3356,2019 3406,2017 3427,2021 3416,2065 3407,2062 3357,2064 3307,2065 3257,2067 3207,2069 3195,2069"/>
          <TextEquiv>
            <Unicode>maent</Unicode>
          </TextEquiv>
        </Word>
        <TextEquiv conf="0.9092270041420776">
          <Unicode>gecomen ao 1643 met schip wesel a ƒ10 ter maent</Unicode>
        </TextEquiv>
        <TextStyle xHeight="43"/>
      </TextLine>
      <TextLine id="line_1f38e657-89db-4673-bb40-3c7969ee62f3">
        <Coords points="1238,2142 1340,2134 1364,2118 1584,2103 1724,2107 1732,2099 1875,2098 2161,2106 2188,2113 2208,2130 2292,2130 2328,2117 2652,2118 2689,2110 2740,2086 2824,2095 2844,2086 3128,2087 3284,2078 3316,2078 3396,2150 3441,2120 3441,2201 3380,2226 2872,2221 2864,2213 2692,2213 2620,2222 2132,2221 2125,2214 2096,2214 2088,2222 1832,2226 1808,2246 1676,2242 1667,2233 1238,2238"/>
        <Baseline points="1277,2228 1327,2228 1377,2226 1427,2223 1477,2221 1527,2216 1577,2214 1627,2212 1677,2210 1727,2209 1777,2207 1827,2205 1877,2201 1927,2198 1977,2198 2027,2199 2077,2199 2127,2199 2177,2200 2227,2201 2277,2201 2327,2200 2377,2201 2427,2200 2477,2199 2527,2198 2577,2197 2627,2194 2677,2194 2727,2192 2777,2190 2827,2188 2877,2188 2927,2187 2977,2185 3027,2182 3077,2181 3127,2179 3177,2177 3227,2177 3277,2177 3327,2177 3377,2178 3403,2181"/>
        <Word id="word_19e19097-02fa-4d9e-b328-055f5e46cb81">
          <Coords points="1277,2193 1327,2193 1376,2191 1425,2188 1465,2186 1466,2231 1428,2233 1377,2236 1327,2238 1277,2238"/>
          <TextEquiv>
            <Unicode>voor</Unicode>
          </TextEquiv>
        </Word>
        <Word id="word_edc7371a-dd4a-4a2e-932a-ab6645223001">
          <Coords points="1504,2186 1518,2182 1576,2179 1626,2177 1676,2175 1726,2174 1776,2172 1826,2170 1874,2166 1925,2163 1977,2163 1986,2163 1985,2208 1977,2208 1928,2208 1878,2211 1827,2215 1777,2217 1727,2219 1677,2220 1627,2222 1577,2224 1529,2226 1516,2229"/>
          <TextEquiv>
            <Unicode>Bootsgesel</Unicode>
          </TextEquiv>
        </Word>
        <Word id="word_2a724b52-e02a-4da4-bb39-0e70da467798">
          <Coords points="2032,2164 2077,2164 2127,2164 2178,2165 2228,2166 2269,2166 2269,2211 2227,2211 2177,2210 2127,2209 2077,2209 2032,2209"/>
          <TextEquiv>
            <Unicode>werdt</Unicode>
          </TextEquiv>
        </Word>
        <Word id="word_05d76d80-b05a-438d-8277-d9c2caeb83e5">
          <Coords points="2313,2166 2324,2165 2378,2166 2426,2165 2476,2164 2504,2163 2505,2208 2477,2209 2427,2210 2377,2211 2328,2210 2317,2211"/>
          <TextEquiv>
            <Unicode>door</Unicode>
          </TextEquiv>
        </Word>
        <Word id="word_e0999fdb-3417-46fd-b6a7-de98eb132251">
          <Coords points="2552,2163 2576,2162 2625,2159 2677,2159 2726,2157 2776,2155 2826,2153 2877,2153 2926,2152 2975,2150 2976,2150 2978,2195 2977,2195 2927,2197 2877,2198 2827,2198 2777,2200 2727,2202 2677,2204 2628,2204 2577,2207 2553,2207"/>
          <TextEquiv>
            <Unicode>experatie</Unicode>
          </TextEquiv>
        </Word>
        <Word id="word_e3affd95-946d-406a-b4a4-77b6c97e3661">
          <Coords points="3023,2147 3025,2147 3076,2146 3126,2144 3165,2142 3167,2187 3127,2189 3077,2191 3028,2192 3025,2192"/>
          <TextEquiv>
            <Unicode>van</Unicode>
          </TextEquiv>
        </Word>
        <Word id="word_cba95cf2-c94f-480e-bb0b-2caf9d3c3dff">
          <Coords points="3218,2141 3231,2142 3277,2142 3327,2142 3378,2143 3407,2146 3401,2191 3377,2188 3327,2187 3277,2187 3226,2187 3213,2185"/>
          <TextEquiv>
            <Unicode>tijt</Unicode>
          </TextEquiv>
        </Word>
        <TextEquiv conf="0.9579067606088145">
          <Unicode>voor Bootsgesel werdt door experatie van tijt</Unicode>
        </TextEquiv>
        <TextStyle xHeight="43"/>
      </TextLine>
      <TextLine id="line_8d0f5780-5dbb-4c7b-80a5-9e9f3b2c9566">
        <Coords points="1261,2235 1487,2239 1499,2230 1665,2230 1679,2242 1814,2243 1830,2227 2618,2223 2686,2219 2698,2210 2858,2210 2873,2222 3073,2226 3081,2234 3165,2226 3173,2234 3410,2236 3410,2316 3397,2329 2806,2327 2681,2335 2114,2337 2014,2433 1993,2420 1950,2417 1898,2377 1595,2378 1535,2437 1487,2428 1339,2428 1303,2405 1261,2393"/>
        <Baseline points="1300,2344 1350,2345 1400,2343 1450,2340 1500,2336 1550,2334 1600,2332 1650,2331 1700,2328 1750,2326 1800,2324 1850,2322 1900,2323 1950,2322 2000,2322 2050,2322 2100,2319 2150,2319 2200,2318 2250,2317 2300,2316 2350,2316 2400,2315 2450,2314 2500,2313 2550,2312 2600,2311 2650,2310 2700,2308 2750,2307 2800,2306 2850,2303 2900,2300 2950,2298 3000,2297 3050,2296 3100,2294 3150,2294 3200,2294 3250,2293 3300,2295 3350,2296 3372,2296"/>
        <Word id="word_ea02c5f0-d20e-4bc5-8eb6-7e16e616fcd1">
          <Coords points="1301,2309 1351,2310 1387,2309 1389,2353 1350,2355 1300,2354"/>
          <TextEquiv>
            <Unicode>op</Unicode>
          </TextEquiv>
        </Word>
        <Word id="word_c7971061-51d3-4cdf-9a2d-7918e24b9ec5">
          <Coords points="1429,2307 1447,2305 1497,2301 1549,2299 1599,2297 1608,2297 1609,2342 1600,2342 1550,2344 1501,2346 1451,2350 1433,2352"/>
          <TextEquiv>
            <Unicode>sijn</Unicode>
          </TextEquiv>
        </Word>
        <Word id="word_a6d8f03d-0006-407f-be69-408d5abbd836">
          <Coords points="1650,2296 1698,2293 1749,2291 1799,2289 1849,2287 1901,2288 1949,2287 2000,2287 2005,2287 2005,2332 2000,2332 1950,2332 1900,2333 1850,2332 1800,2334 1750,2336 1701,2338 1653,2341"/>
          <TextEquiv>
            <Unicode>versoeck</Unicode>
          </TextEquiv>
        </Word>
        <Word id="word_f11e369c-39dd-4f11-904f-99aae667d72a">
          <Coords points="2049,2287 2050,2287 2098,2284 2137,2284 2137,2329 2101,2329 2050,2332 2049,2332"/>
          <TextEquiv>
            <Unicode>in</Unicode>
          </TextEquiv>
        </Word>
        <Word id="word_0fbf6c27-f002-4288-8545-916baf8c1418">
          <Coords points="2180,2284 2198,2283 2249,2282 2299,2281 2350,2281 2399,2280 2449,2279 2499,2278 2549,2277 2599,2276 2622,2276 2623,2321 2600,2321 2550,2322 2500,2323 2450,2324 2400,2325 2350,2326 2300,2326 2250,2327 2201,2328 2182,2329"/>
          <TextEquiv>
            <Unicode>qualiteijt</Unicode>
          </TextEquiv>
        </Word>
        <Word id="word_1d6e81e3-7221-471f-afc3-1bb5ff7c31a8">
          <Coords points="2665,2275 2698,2273 2749,2272 2798,2271 2799,2316 2750,2317 2700,2318 2667,2320"/>
          <TextEquiv>
            <Unicode>van</Unicode>
          </TextEquiv>
        </Word>
        <Word id="word_f7c70d80-0748-40a5-ab7a-9cd03222cd73">
          <Coords points="2833,2272 2840,2270 2898,2265 2949,2263 2999,2262 3049,2261 3099,2259 3150,2259 3151,2259 3151,2304 3150,2304 3100,2304 3050,2306 3000,2307 2950,2308 2901,2310 2853,2313 2846,2315"/>
          <TextEquiv>
            <Unicode>soldaet</Unicode>
          </TextEquiv>
        </Word>
        <Word id="word_56cad4ce-5e9e-4e9a-8e74-0bd2ed910a4c">
          <Coords points="3195,2259 3200,2259 3249,2258 3301,2260 3351,2261 3372,2261 3372,2306 3350,2306 3300,2305 3250,2303 3200,2304 3195,2304"/>
          <TextEquiv>
            <Unicode>voor</Unicode>
          </TextEquiv>
        </Word>
        <TextEquiv conf="0.9671045139381345">
          <Unicode>op sijn versoeck in qualiteijt van soldaet voor</Unicode>
        </TextEquiv>
        <TextStyle xHeight="47"/>
      </TextLine>
      <TextLine id="bc211cf5-a246-4d27-accd-fedb1a6e3ef8">
        <Coords points="1251,2393 1292,2401 1333,2425 1441,2434 1509,2429 1533,2438 1593,2378 1897,2377 1953,2417 1993,2421 2005,2433 2018,2433 2113,2338 2193,2338 2205,2329 2529,2330 2537,2322 2610,2318 2677,2321 2685,2329 2729,2334 2837,2329 2877,2337 2885,2345 3061,2345 3165,2354 3318,2351 3318,2431 3221,2431 3169,2458 3129,2466 3065,2494 2949,2494 2925,2473 2909,2473 2893,2461 2429,2466 2005,2453 1989,2462 1653,2458 1613,2462 1573,2501 1251,2504"/>
        <Baseline points="1290,2465 1340,2461 1390,2461 1440,2461 1490,2459 1540,2457 1590,2455 1640,2452 1690,2449 1740,2449 1790,2447 1840,2445 1890,2445 1940,2445 1990,2444 2040,2442 2090,2441 2140,2441 2190,2439 2240,2439 2290,2439 2340,2439 2390,2437 2440,2436 2490,2434 2540,2433 2590,2432 2640,2432 2690,2430 2740,2428 2790,2430 2840,2428 2890,2427 2940,2426 2990,2425 3040,2423 3090,2422 3140,2422 3190,2422 3240,2418 3280,2412"/>
        <Word id="word_7d9d7f61-a25c-413a-90c8-524aa9fba84f">
          <Coords points="1287,2430 1337,2426 1390,2426 1440,2426 1489,2424 1539,2422 1544,2422 1545,2467 1540,2467 1490,2469 1440,2471 1390,2471 1341,2471 1291,2475"/>
          <TextEquiv>
            <Unicode>drije</Unicode>
          </TextEquiv>
        </Word>
        <Word id="word_c8ed33cc-115b-4396-9313-d5ace4343990">
          <Coords points="1594,2420 1638,2417 1688,2414 1740,2414 1789,2412 1839,2410 1890,2410 1902,2410 1902,2455 1890,2455 1840,2455 1790,2457 1740,2459 1691,2459 1641,2462 1597,2465"/>
          <TextEquiv>
            <Unicode>jaeren</Unicode>
          </TextEquiv>
        </Word>
        <Word id="word_41d644df-e40b-4820-a3e8-a25770d207e0">
          <Coords points="1952,2410 1989,2409 2039,2407 2055,2407 2056,2452 2040,2452 1990,2454 1954,2455"/>
          <TextEquiv>
            <Unicode>de</Unicode>
          </TextEquiv>
        </Word>
        <Word id="word_d3ad3665-4693-403d-896d-69140925990d">
          <Coords points="2107,2406 2140,2406 2189,2404 2240,2404 2290,2404 2311,2404 2311,2449 2290,2449 2240,2449 2190,2449 2140,2451 2106,2451"/>
          <TextEquiv>
            <Unicode>novo</Unicode>
          </TextEquiv>
        </Word>
        <Word id="word_3953c9e5-2ee7-4842-8148-416181438e8e">
          <Coords points="2359,2404 2388,2402 2439,2401 2489,2399 2514,2399 2515,2444 2490,2444 2440,2446 2391,2447 2362,2449"/>
          <TextEquiv>
            <Unicode>met</Unicode>
          </TextEquiv>
        </Word>
        <Word id="word_9703ca5f-77a8-4a1f-8f82-708558375f12">
          <Coords points="2565,2397 2589,2397 2640,2397 2689,2395 2718,2394 2719,2439 2690,2440 2640,2442 2590,2442 2566,2442"/>
          <TextEquiv>
            <Unicode>een</Unicode>
          </TextEquiv>
        </Word>
        <Word id="word_8dcec42e-5284-48af-80c3-b0543b79d939">
          <Coords points="2776,2392 2796,2395 2839,2393 2889,2392 2939,2391 2989,2390 3039,2388 3089,2387 3140,2387 3190,2387 3237,2383 3275,2377 3281,2422 3241,2428 3190,2432 3140,2432 3090,2432 3040,2433 2990,2435 2940,2436 2890,2437 2840,2438 2788,2440 2768,2437"/>
          <TextEquiv>
            <Unicode>Belooningh</Unicode>
          </TextEquiv>
        </Word>
        <TextEquiv conf="0.8940124372748991">
          <Unicode>drije jaeren de novo met een Belooningh</Unicode>
        </TextEquiv>
        <TextStyle xHeight="39"/>
      </TextLine>
      <TextLine id="line_0723a24c-99e7-49d1-b48e-e8dbd0dfad38">
        <Coords points="1260,2504 1574,2501 1614,2462 1650,2458 1990,2462 2006,2453 2098,2453 2106,2461 2429,2466 2893,2461 2909,2472 2925,2472 2957,2504 3402,2505 3402,2584 3392,2573 3105,2577 3085,2594 2797,2594 2777,2614 2541,2613 2513,2585 2010,2586 1986,2590 1954,2622 1774,2621 1762,2609 1662,2605 1260,2602"/>
        <Baseline points="1299,2594 1349,2588 1399,2585 1449,2583 1499,2582 1549,2580 1599,2580 1649,2579 1699,2579 1749,2578 1799,2578 1849,2578 1899,2577 1949,2576 1999,2573 2049,2572 2099,2572 2149,2569 2199,2567 2249,2567 2299,2566 2349,2566 2399,2565 2449,2564 2499,2563 2549,2563 2599,2562 2649,2561 2699,2560 2749,2560 2799,2561 2849,2560 2899,2562 2949,2563 2999,2562 3049,2562 3099,2562 3149,2562 3199,2562 3249,2562 3299,2562 3349,2562 3364,2565"/>
        <Word id="word_b1d9763a-bbdd-469c-915e-4af56bf98388">
          <Coords points="1295,2559 1345,2553 1397,2550 1448,2548 1457,2548 1458,2593 1449,2593 1400,2595 1350,2598 1300,2604"/>
          <TextEquiv>
            <Unicode>van</Unicode>
          </TextEquiv>
        </Word>
        <Word id="word_4de816bf-61ce-48f9-88e3-d5fb9af0e53c">
          <Coords points="1509,2547 1547,2545 1599,2545 1648,2544 1699,2544 1748,2543 1799,2543 1849,2543 1881,2542 1881,2587 1849,2588 1799,2588 1749,2588 1699,2589 1649,2589 1599,2590 1549,2590 1511,2592"/>
          <TextEquiv>
            <Unicode>twaelff</Unicode>
          </TextEquiv>
        </Word>
        <Word id="word_5776f209-2e88-4697-96f5-c649313c9505">
          <Coords points="1933,2541 1948,2541 1997,2538 2048,2537 2099,2537 2147,2534 2198,2532 2249,2532 2298,2531 2305,2531 2305,2576 2299,2576 2249,2577 2199,2577 2150,2579 2099,2582 2049,2582 2000,2583 1949,2586 1934,2586"/>
          <TextEquiv>
            <Unicode>guldens</Unicode>
          </TextEquiv>
        </Word>
        <Word id="word_71b82015-ebe6-47b4-af77-3dfb1679847e">
          <Coords points="2357,2531 2398,2530 2448,2529 2498,2528 2517,2528 2517,2573 2499,2573 2449,2574 2399,2575 2358,2576"/>
          <TextEquiv>
            <Unicode>ter</Unicode>
          </TextEquiv>
        </Word>
        <Word id="word_f130a132-823c-467e-8e77-16c078865caf">
          <Coords points="2568,2528 2598,2527 2648,2526 2698,2525 2749,2525 2800,2526 2848,2525 2889,2527 2887,2572 2849,2570 2799,2571 2749,2570 2699,2570 2649,2571 2599,2572 2570,2573"/>
          <TextEquiv>
            <Unicode>maendt</Unicode>
          </TextEquiv>
        </Word>
        <Word id="word_13b7979a-3b9d-4530-9a36-c183a4abdf3a">
          <Coords points="2938,2529 2946,2528 2998,2527 3049,2527 3099,2527 3149,2527 3199,2527 3249,2527 3299,2527 3349,2527 3371,2531 3362,2575 3349,2572 3299,2572 3249,2572 3199,2572 3149,2572 3099,2572 3049,2572 2999,2572 2950,2573 2941,2574"/>
          <TextEquiv>
            <Unicode>aengenom</Unicode>
          </TextEquiv>
        </Word>
        <TextEquiv conf="0.9485319216501659">
          <Unicode>van twaelff guldens ter maendt aengenom</Unicode>
        </TextEquiv>
        <TextStyle xHeight="43"/>
      </TextLine>
      <TextLine id="line_4d542278-cd12-4b9a-81d3-675a8ea15cfc">
        <Coords points="1258,2601 1660,2604 1760,2608 1772,2620 1952,2621 1988,2585 2507,2584 2547,2613 2775,2613 2799,2593 3087,2593 3107,2576 3115,2584 3355,2584 3375,2604 3400,2607 3395,2692 3353,2696 3341,2684 3231,2685 3191,2716 3179,2705 3138,2716 3131,2709 3087,2709 3075,2700 2783,2700 2776,2693 2715,2693 2483,2705 1772,2705 1656,2708 1632,2716 1258,2720"/>
        <Baseline points="1297,2709 1347,2711 1397,2708 1447,2705 1497,2703 1547,2701 1597,2702 1647,2700 1697,2698 1747,2697 1797,2697 1847,2695 1897,2695 1947,2694 1997,2694 2047,2693 2097,2692 2147,2691 2197,2690 2247,2689 2297,2688 2347,2687 2397,2686 2447,2685 2497,2686 2547,2687 2597,2687 2647,2687 2697,2685 2747,2685 2797,2685 2847,2683 2897,2683 2947,2682 2997,2681 3047,2680 3097,2680 3147,2679 3197,2679 3247,2677 3297,2675 3347,2668 3362,2667"/>
        <Word id="word_90a7b061-1021-41e3-8afc-bae126066fc9">
          <Coords points="1298,2674 1348,2676 1395,2673 1445,2670 1496,2668 1546,2666 1598,2667 1646,2665 1686,2663 1688,2708 1647,2710 1597,2712 1547,2711 1497,2713 1448,2715 1398,2718 1347,2721 1297,2719"/>
          <TextEquiv>
            <Unicode>tnieuwe</Unicode>
          </TextEquiv>
        </Word>
        <Word id="word_331f52ae-5872-4089-881f-7f1e27892e4a">
          <Coords points="1751,2662 1755,2663 1797,2662 1846,2660 1897,2660 1946,2659 1997,2659 2046,2658 2096,2657 2146,2656 2189,2655 2190,2700 2147,2701 2097,2702 2047,2703 1997,2704 1947,2704 1897,2705 1847,2705 1797,2707 1745,2707 1741,2706"/>
          <TextEquiv>
            <Unicode>verbandt</Unicode>
          </TextEquiv>
        </Word>
        <Word id="word_14dd2ffc-10a6-4b70-be99-4c2ddd65db83">
          <Coords points="2245,2654 2246,2654 2296,2653 2346,2652 2396,2651 2446,2650 2470,2650 2469,2695 2447,2695 2397,2696 2347,2697 2297,2698 2247,2699 2246,2699"/>
          <TextEquiv>
            <Unicode>ende</Unicode>
          </TextEquiv>
        </Word>
        <Word id="word_d634084a-c1af-43fb-9e1c-9423fe3e0016">
          <Coords points="2526,2652 2548,2652 2597,2652 2647,2652 2696,2650 2747,2650 2797,2650 2846,2648 2897,2648 2946,2647 2996,2646 3046,2645 3097,2645 3146,2644 3197,2644 3246,2642 3296,2640 3342,2633 3360,2632 3363,2677 3348,2678 3297,2685 3247,2687 3197,2689 3147,2689 3097,2690 3047,2690 2997,2691 2947,2692 2897,2693 2847,2693 2797,2695 2747,2695 2697,2695 2647,2697 2597,2697 2547,2697 2525,2697"/>
          <TextEquiv>
            <Unicode>d'verbeteringhe</Unicode>
          </TextEquiv>
        </Word>
        <TextEquiv conf="0.919995021549743">
          <Unicode>tnieuwe verbandt ende d'verbeteringhe</Unicode>
        </TextEquiv>
        <TextStyle xHeight="39"/>
      </TextLine>
      <TextLine id="line_86c802b0-f1d0-424b-a88b-a5a1a090c497">
        <Coords points="1264,2724 1394,2724 1402,2716 1446,2712 1658,2708 3078,2703 3153,2716 3167,2704 3218,2751 3238,2751 3261,2772 3286,2768 3346,2713 3363,2713 3363,2793 3202,2840 3150,2859 3134,2875 3106,2875 3002,2915 2790,2910 2782,2902 1518,2898 1502,2882 1264,2878"/>
        <Baseline points="1303,2823 1353,2819 1403,2815 1453,2813 1503,2811 1553,2809 1603,2807 1653,2807 1703,2805 1753,2803 1803,2804 1853,2802 1903,2800 1953,2798 2003,2798 2053,2796 2103,2794 2153,2793 2203,2792 2253,2791 2303,2789 2353,2788 2403,2787 2453,2786 2503,2786 2553,2786 2603,2786 2653,2786 2703,2788 2753,2789 2803,2790 2853,2791 2903,2791 2953,2791 3003,2790 3053,2788 3103,2787 3153,2787 3203,2787 3253,2783 3303,2776 3325,2774"/>
        <Word id="word_2bc17bb9-d7fe-4271-9996-7b63a495e7eb">
          <Coords points="1300,2788 1350,2784 1400,2780 1452,2778 1465,2777 1467,2822 1453,2823 1404,2825 1354,2829 1304,2833"/>
          <TextEquiv>
            <Unicode>van</Unicode>
          </TextEquiv>
        </Word>
        <Word id="word_22eeac82-c853-4170-8a6f-d6173461f8ca">
          <Coords points="1520,2775 1552,2774 1602,2772 1653,2772 1702,2770 1752,2768 1795,2769 1794,2814 1753,2813 1703,2815 1653,2817 1603,2817 1553,2819 1522,2820"/>
          <TextEquiv>
            <Unicode>gagie</Unicode>
          </TextEquiv>
        </Word>
        <Word id="word_6c9dc94b-0251-44c1-b3ca-20bd0558233c">
          <Coords points="1827,2778 1831,2775 1902,2765 1952,2763 2003,2763 2052,2761 2066,2760 2067,2805 2053,2806 2003,2808 1953,2808 1903,2810 1859,2810 1856,2813"/>
          <TextEquiv>
            <Unicode>dato</Unicode>
          </TextEquiv>
        </Word>
        <Word id="word_c09f0af6-d20d-4bd3-9571-095b50595585">
          <Coords points="2121,2758 2153,2758 2202,2757 2252,2756 2302,2754 2352,2753 2394,2752 2395,2797 2353,2798 2303,2799 2253,2801 2203,2802 2153,2803 2122,2803"/>
          <TextEquiv>
            <Unicode>deses</Unicode>
          </TextEquiv>
        </Word>
        <Word id="word_c76347d0-b01c-4edc-8707-79472e34fbc7">
          <Coords points="2449,2751 2452,2751 2503,2751 2553,2751 2603,2751 2653,2751 2704,2753 2754,2754 2804,2755 2854,2756 2887,2756 2887,2801 2853,2801 2803,2800 2753,2799 2703,2798 2653,2796 2603,2796 2553,2796 2503,2796 2453,2796 2450,2796"/>
          <TextEquiv>
            <Unicode>aenvanck</Unicode>
          </TextEquiv>
        </Word>
        <Word id="word_c4ac5871-2666-4e18-841f-27fa23c991f3">
          <Coords points="2942,2756 2953,2756 3002,2755 3052,2753 3102,2752 3153,2752 3203,2752 3250,2748 3298,2741 3321,2739 3325,2784 3304,2786 3254,2793 3203,2797 3153,2797 3103,2797 3053,2798 3003,2800 2953,2801 2942,2801"/>
          <TextEquiv>
            <Unicode>nemende</Unicode>
          </TextEquiv>
        </Word>
        <TextEquiv conf="0.9609942482932449">
          <Unicode>van gagie dato deses aenvanck nemende</Unicode>
        </TextEquiv>
        <TextStyle xHeight="59"/>
      </TextLine>
    </TextRegion>
    <TextRegion id="region_cf7585c1-63c3-461a-bb27-cf5664003a98_1" custom="structure {type:paragraph;}">
      <Coords points="1316,3055 1302,3098 1298,3151 1298,3304 1305,3325 1316,3425 1316,3574 1305,3656 1305,3816 1312,3877 1309,3951 1302,3983 1302,4051 1309,4111 1309,4207 1302,4246 1302,4339 1295,4382 1302,4460 1291,4502 1302,4574 1323,4595 1341,4602 1387,4602 1440,4591 1554,4598 1679,4598 1970,4574 2234,4566 2298,4545 2326,4513 2330,4488 2340,4470 2362,4460 2397,4453 2536,4449 2682,4435 2906,4435 2963,4424 3034,4424 3062,4431 3315,4435 3372,4424 3404,4392 3407,4339 3397,4307 3397,4257 3389,4236 3393,4218 3386,4175 3386,4101 3379,4044 3361,3976 3361,3873 3350,3834 3354,3734 3336,3677 3343,3649 3343,3585 3357,3546 3354,3446 3347,3421 3350,3322 3365,3268 3368,3229 3393,3155 3389,3112 3361,3059 3340,3048 3308,3044 3261,3019 3155,2995 2863,2995 2799,3005 1938,2995 1825,3005 1547,3009 1512,3016 1416,3019 1341,3034"/>
      <TextLine id="line_7f6f26b3-cfe2-46f2-aa7a-7bf41708c237">
        <Coords points="1254,2879 1504,2883 1520,2899 1911,2899 2399,2911 2423,2919 2511,2919 2539,2947 2878,2947 2926,2991 3222,2995 3291,2989 3291,3068 3038,3069 3022,3074 2941,3151 2928,3140 2910,3140 2879,3114 2856,3125 2828,3117 2767,3117 2755,3105 2259,3109 2216,3070 2083,3070 1967,3082 1596,3081 1580,3090 1400,3089 1296,3181 1286,3185 1254,3176"/>
        <Baseline points="1293,3081 1343,3079 1393,3076 1443,3074 1493,3074 1543,3073 1593,3070 1643,3067 1693,3066 1743,3064 1793,3064 1843,3063 1893,3062 1943,3062 1993,3062 2043,3061 2093,3060 2143,3061 2193,3061 2243,3061 2293,3061 2343,3060 2393,3060 2443,3062 2493,3062 2543,3062 2593,3061 2643,3063 2693,3065 2743,3066 2793,3065 2843,3063 2893,3061 2943,3059 2993,3057 3043,3055 3093,3053 3143,3051 3193,3048 3243,3048 3253,3049"/>
        <Word id="word_8bc2be76-d699-4dd9-b2c5-aa1cef75e381">
          <Coords points="1292,3046 1342,3044 1391,3041 1442,3039 1493,3039 1510,3039 1511,3084 1493,3084 1443,3084 1394,3086 1343,3089 1293,3091"/>
          <TextEquiv>
            <Unicode>Jan</Unicode>
          </TextEquiv>
        </Word>
        <Word id="word_c6f2ca0a-4c7d-46e1-9001-a16bc94dc1d0">
          <Coords points="1576,3038 1585,3036 1641,3032 1692,3031 1742,3029 1793,3029 1842,3028 1892,3027 1943,3027 1993,3027 2042,3026 2092,3025 2144,3026 2193,3026 2243,3026 2293,3026 2309,3026 2309,3071 2293,3071 2243,3071 2193,3071 2143,3071 2093,3070 2043,3071 1993,3072 1943,3072 1893,3072 1843,3073 1793,3074 1743,3074 1693,3076 1644,3077 1595,3080 1586,3082"/>
          <TextEquiv>
            <Unicode>adriaensen</Unicode>
          </TextEquiv>
        </Word>
        <Word id="word_d2a78331-b6bf-4c3f-bba6-1183aa378de2">
          <Coords points="2384,3024 2395,3025 2444,3027 2493,3027 2543,3027 2592,3026 2644,3028 2694,3030 2744,3031 2792,3030 2842,3028 2892,3026 2942,3024 2961,3023 2963,3068 2943,3069 2893,3071 2843,3073 2793,3075 2743,3076 2693,3075 2643,3073 2593,3071 2543,3072 2493,3072 2443,3072 2392,3070 2381,3069"/>
          <TextEquiv>
            <Unicode>dromondt</Unicode>
          </TextEquiv>
        </Word>
        <Word id="word_84c8d9d7-4aaf-4080-9e91-6cd098990de0">
          <Coords points="3034,3020 3042,3020 3092,3018 3142,3016 3191,3013 3243,3013 3256,3014 3252,3059 3243,3058 3194,3058 3143,3061 3093,3063 3043,3065 3036,3065"/>
          <TextEquiv>
            <Unicode>van</Unicode>
          </TextEquiv>
        </Word>
        <TextEquiv conf="0.9887612079467657">
          <Unicode>Jan adriaensen dromondt van</Unicode>
        </TextEquiv>
        <TextStyle xHeight="63"/>
      </TextLine>
      <TextLine id="line_2194e4e0-6881-4da6-b2f3-f1340bff262c">
        <Coords points="1269,3177 1287,3186 1307,3174 1403,3083 1966,3083 2030,3079 2038,3071 2215,3071 2258,3109 2868,3106 2898,3133 2924,3138 2941,3151 3021,3075 3041,3066 3089,3066 3125,3091 3384,3091 3398,3083 3425,3104 3486,3104 3486,3184 3425,3184 3393,3214 3385,3208 3333,3208 3085,3218 3051,3187 3037,3193 3025,3182 2771,3179 2726,3179 2694,3206 2498,3205 2410,3201 2402,3193 2318,3230 2202,3238 2090,3229 1894,3230 1858,3238 1832,3217 1671,3214 1655,3205 1269,3210"/>
        <Baseline points="1308,3196 1358,3191 1408,3186 1458,3184 1508,3182 1558,3182 1608,3181 1658,3180 1708,3178 1758,3177 1808,3177 1858,3178 1908,3177 1958,3176 2008,3176 2058,3176 2108,3175 2158,3175 2208,3175 2258,3175 2308,3175 2358,3175 2408,3175 2458,3176 2508,3176 2558,3174 2608,3173 2658,3172 2708,3171 2758,3170 2808,3169 2858,3169 2908,3169 2958,3170 3008,3170 3058,3173 3108,3174 3158,3175 3208,3174 3258,3173 3308,3176 3358,3177 3408,3171 3448,3165"/>
        <Word id="word_d0ead509-6cb4-401d-be39-1577f856275c">
          <Coords points="1305,3161 1355,3156 1405,3151 1457,3149 1507,3147 1558,3147 1607,3146 1657,3145 1707,3143 1757,3142 1808,3142 1832,3142 1831,3187 1808,3187 1758,3187 1708,3188 1658,3190 1608,3191 1558,3192 1508,3192 1458,3194 1409,3196 1359,3201 1309,3206"/>
          <TextEquiv>
            <Unicode>palliacatta</Unicode>
          </TextEquiv>
        </Word>
        <Word id="word_2aedff9e-151c-48cb-94e5-cdfc5d6627ec">
          <Coords points="1877,3143 1906,3142 1957,3141 2008,3141 2058,3141 2107,3140 2158,3140 2208,3140 2258,3140 2308,3140 2358,3140 2408,3140 2459,3141 2497,3141 2497,3186 2458,3186 2408,3185 2358,3185 2308,3185 2258,3185 2208,3185 2158,3185 2108,3185 2058,3186 2008,3186 1958,3186 1908,3187 1879,3188"/>
          <TextEquiv>
            <Unicode>jegenwoordich</Unicode>
          </TextEquiv>
        </Word>
        <Word id="word_b613b742-f67a-4cd5-9613-7a7e166f1d93">
          <Coords points="2540,3141 2553,3139 2607,3138 2657,3137 2707,3136 2757,3135 2807,3134 2858,3134 2908,3134 2959,3135 3008,3135 3060,3138 3069,3138 3068,3183 3057,3183 3008,3180 2958,3180 2908,3179 2858,3179 2808,3179 2758,3180 2708,3181 2658,3182 2608,3183 2559,3184 2546,3186"/>
          <TextEquiv>
            <Unicode>gegagieerdt</Unicode>
          </TextEquiv>
        </Word>
        <Word id="word_be5fb90a-efb7-4a7b-842f-314af8f98af1">
          <Coords points="3116,3139 3159,3140 3207,3139 3257,3138 3260,3138 3258,3183 3258,3183 3208,3184 3158,3185 3115,3184"/>
          <TextEquiv>
            <Unicode>met</Unicode>
          </TextEquiv>
        </Word>
        <Word id="word_bd6d825a-bb00-401f-9ddf-3312bac3574c">
          <Coords points="3308,3141 3310,3141 3359,3142 3404,3136 3443,3130 3449,3175 3409,3181 3358,3187 3307,3186 3305,3186"/>
          <TextEquiv>
            <Unicode>38:</Unicode>
          </TextEquiv>
        </Word>
        <TextEquiv conf="0.9232762188382838">
          <Unicode>palliacatta jegenwoordich gegagieerdt met 38:</Unicode>
        </TextEquiv>
        <TextStyle xHeight="43"/>
      </TextLine>
      <TextLine id="line_221e94f9-538b-4fd9-b5ef-d8a7a75263ea">
        <Coords points="1262,3207 1656,3206 1672,3215 1832,3217 1856,3235 2200,3239 2208,3231 2316,3231 2372,3204 2412,3199 2699,3204 2724,3179 3039,3179 3108,3246 3128,3247 3144,3235 3236,3230 3260,3230 3276,3245 3365,3245 3365,3325 3360,3319 3236,3319 3080,3328 2648,3332 2624,3356 2411,3356 2384,3331 2308,3331 2296,3319 1924,3323 1262,3316"/>
        <Baseline points="1301,3307 1351,3308 1401,3306 1451,3304 1501,3302 1551,3300 1601,3299 1651,3299 1701,3298 1751,3299 1801,3298 1851,3299 1901,3299 1951,3299 2001,3299 2051,3299 2101,3299 2151,3300 2201,3300 2251,3301 2301,3301 2351,3301 2401,3301 2451,3300 2501,3300 2551,3300 2601,3301 2651,3301 2701,3300 2751,3300 2801,3299 2851,3300 2901,3301 2951,3302 3001,3304 3051,3305 3101,3305 3151,3305 3201,3304 3251,3305 3301,3304 3327,3306"/>
        <Word id="word_2a58eec3-3e9d-47eb-adda-31d1c76197c4">
          <Coords points="1302,3272 1352,3273 1400,3271 1450,3269 1459,3269 1461,3314 1451,3314 1401,3316 1351,3318 1301,3317"/>
          <TextEquiv>
            <Unicode>ter</Unicode>
          </TextEquiv>
        </Word>
        <Word id="word_bc0dcb97-daec-4260-8d15-ce77e7e4259b">
          <Coords points="1513,3267 1550,3265 1600,3264 1651,3264 1700,3263 1752,3264 1800,3263 1835,3264 1834,3309 1801,3308 1751,3309 1701,3308 1651,3309 1601,3309 1551,3310 1515,3311"/>
          <TextEquiv>
            <Unicode>maendt</Unicode>
          </TextEquiv>
        </Word>
        <Word id="word_163ca97b-8d4d-4c58-89ad-d156962e7cdd">
          <Coords points="1886,3265 1899,3264 1951,3264 2001,3264 2051,3264 2101,3264 2101,3309 2051,3309 2001,3309 1951,3309 1902,3309 1888,3310"/>
          <TextEquiv>
            <Unicode>voor</Unicode>
          </TextEquiv>
        </Word>
        <Word id="word_bc8181fb-157a-44bc-a578-a90478d0431c">
          <Coords points="2155,3264 2202,3265 2252,3266 2301,3266 2351,3266 2401,3266 2450,3265 2501,3265 2551,3265 2581,3266 2580,3311 2551,3310 2501,3310 2451,3310 2401,3311 2351,3311 2301,3311 2251,3311 2201,3310 2154,3309"/>
          <TextEquiv>
            <Unicode>Bootsman</Unicode>
          </TextEquiv>
        </Word>
        <Word id="word_fbed3d1d-b383-43f1-b92d-5153a6a9dc34">
          <Coords points="2633,3267 2650,3266 2700,3265 2751,3265 2800,3264 2852,3265 2902,3266 2952,3267 3002,3269 3052,3270 3060,3270 3060,3315 3051,3315 3001,3314 2951,3312 2901,3311 2851,3310 2801,3309 2751,3310 2701,3310 2651,3311 2634,3312"/>
          <TextEquiv>
            <Unicode>hebbende</Unicode>
          </TextEquiv>
        </Word>
        <Word id="word_8ba2fb19-ddfc-41d9-afd3-0876c04ab0f0">
          <Coords points="3114,3270 3151,3270 3200,3269 3252,3270 3300,3269 3330,3271 3326,3316 3301,3314 3251,3315 3201,3314 3151,3315 3114,3315"/>
          <TextEquiv>
            <Unicode>daer</Unicode>
          </TextEquiv>
        </Word>
        <TextEquiv conf="0.9423335738221724">
          <Unicode>ter maendt voor Bootsman hebbende daer</Unicode>
        </TextEquiv>
        <TextStyle xHeight="44"/>
      </TextLine>
      <TextLine id="line_191f57c6-2a38-489b-995b-bc2cfae4bf6c">
        <Coords points="1270,3317 1923,3316 1931,3324 2299,3320 2311,3332 2386,3332 2414,3356 2626,3356 2670,3317 3073,3316 3081,3324 3352,3328 3397,3371 3410,3373 3410,3453 3393,3440 3273,3444 3229,3480 3181,3480 3174,3487 3026,3487 2998,3499 2882,3498 2861,3479 2750,3479 2729,3459 2594,3459 2571,3437 2478,3437 2454,3456 2135,3455 2107,3476 2071,3480 1963,3479 1939,3463 1891,3455 1787,3455 1748,3487 1270,3490"/>
        <Baseline points="1309,3433 1359,3431 1409,3430 1459,3429 1509,3428 1559,3427 1609,3427 1659,3426 1709,3426 1759,3425 1809,3425 1859,3425 1909,3425 1959,3424 2009,3424 2059,3423 2109,3424 2159,3424 2209,3425 2259,3426 2309,3427 2359,3427 2409,3428 2459,3428 2509,3429 2559,3428 2609,3430 2659,3431 2709,3431 2759,3431 2809,3430 2859,3430 2909,3431 2959,3429 3009,3429 3059,3429 3109,3430 3159,3429 3209,3429 3259,3429 3309,3432 3359,3432 3372,3434"/>
        <Word id="word_40bc0a9f-483a-4c7a-81cd-1053667f7201">
          <Coords points="1308,3398 1358,3396 1408,3395 1458,3394 1500,3393 1501,3438 1459,3439 1409,3440 1359,3441 1309,3443"/>
          <TextEquiv>
            <Unicode>voor</Unicode>
          </TextEquiv>
        </Word>
        <Word id="word_43054f1d-cf4d-4a9d-a36f-aacf7202ab80">
          <Coords points="1548,3392 1558,3392 1609,3392 1658,3391 1709,3391 1758,3390 1809,3390 1859,3390 1909,3390 1958,3389 1981,3389 1981,3434 1959,3434 1909,3435 1859,3435 1809,3435 1759,3435 1709,3436 1659,3436 1609,3437 1559,3437 1549,3437"/>
          <TextEquiv>
            <Unicode>geruijmen</Unicode>
          </TextEquiv>
        </Word>
        <Word id="word_35b10c62-3840-4dff-8d6f-64c455c06035">
          <Coords points="2028,3389 2058,3388 2110,3389 2159,3389 2210,3390 2221,3390 2220,3435 2209,3435 2159,3434 2109,3434 2059,3433 2029,3434"/>
          <TextEquiv>
            <Unicode>tijt</Unicode>
          </TextEquiv>
        </Word>
        <Word id="word_f14d24bc-30eb-4da5-9b4f-ef04cc788169">
          <Coords points="2269,3391 2310,3392 2359,3392 2410,3393 2413,3393 2413,3438 2409,3438 2359,3437 2309,3437 2268,3436"/>
          <TextEquiv>
            <Unicode>tot</Unicode>
          </TextEquiv>
        </Word>
        <Word id="word_d9eee577-3a19-4219-9a89-72e7bad9e216">
          <Coords points="2461,3393 2510,3394 2558,3393 2610,3395 2660,3396 2700,3396 2700,3441 2659,3441 2609,3440 2559,3438 2509,3439 2460,3438"/>
          <TextEquiv>
            <Unicode>goedt</Unicode>
          </TextEquiv>
        </Word>
        <Word id="word_c7e4f297-09ff-4877-8180-6dc555bde3cb">
          <Coords points="2748,3396 2759,3396 2808,3395 2859,3395 2910,3396 2958,3394 3009,3394 3059,3394 3110,3395 3158,3394 3209,3394 3259,3394 3311,3397 3359,3397 3377,3399 3370,3444 3359,3442 3308,3442 3259,3439 3209,3439 3159,3439 3109,3440 3059,3439 3009,3439 2959,3439 2909,3441 2859,3440 2809,3440 2759,3441 2748,3441"/>
          <TextEquiv>
            <Unicode>genegentheijt</Unicode>
          </TextEquiv>
        </Word>
        <TextEquiv conf="0.960784288543768">
          <Unicode>voor geruijmen tijt tot goedt genegentheijt</Unicode>
        </TextEquiv>
        <TextStyle xHeight="50"/>
      </TextLine>
      <TextLine id="line_9feb6c32-8d8a-41bd-8988-d86f3e333d28">
        <Coords points="1272,3487 1750,3488 1786,3455 1890,3455 1938,3463 1966,3479 2070,3480 2110,3476 2134,3455 2453,3456 2477,3436 2569,3439 2589,3459 2729,3459 2749,3479 2861,3479 2881,3499 2989,3500 3053,3483 3173,3488 3181,3480 3229,3480 3253,3463 3277,3463 3285,3471 3377,3471 3414,3484 3414,3564 3388,3551 3089,3552 3061,3572 2989,3591 2981,3599 2677,3599 2513,3607 2497,3594 2377,3594 2365,3582 2154,3578 2146,3571 1873,3571 1862,3560 1822,3560 1778,3576 1618,3576 1594,3599 1272,3591"/>
        <Baseline points="1311,3562 1361,3555 1411,3552 1461,3550 1511,3550 1561,3550 1611,3549 1661,3548 1711,3549 1761,3548 1811,3548 1861,3548 1911,3548 1961,3549 2011,3549 2061,3550 2111,3551 2161,3549 2211,3548 2261,3547 2311,3548 2361,3547 2411,3547 2461,3549 2511,3548 2561,3550 2611,3551 2661,3550 2711,3551 2761,3552 2811,3553 2861,3552 2911,3552 2961,3551 3011,3549 3061,3547 3111,3544 3161,3542 3211,3542 3261,3542 3311,3542 3361,3543 3376,3545"/>
        <Word id="word_b1280c1e-59e3-4a58-89ec-fd874b598676">
          <Coords points="1306,3527 1356,3520 1409,3517 1457,3515 1458,3560 1412,3562 1362,3565 1312,3572"/>
          <TextEquiv>
            <Unicode>van</Unicode>
          </TextEquiv>
        </Word>
        <Word id="word_9a00d57f-6925-47cd-b935-484f5fcb3552">
          <Coords points="1522,3517 1526,3518 1561,3515 1610,3514 1660,3513 1704,3514 1703,3559 1661,3558 1611,3559 1561,3560 1507,3559 1503,3557"/>
          <TextEquiv>
            <Unicode>sijn</Unicode>
          </TextEquiv>
        </Word>
        <Word id="word_0865f104-7707-477b-9ae8-8aa760fb76be">
          <Coords points="1745,3516 1753,3514 1811,3513 1861,3513 1911,3513 1962,3514 2011,3514 2062,3515 2098,3516 2097,3561 2061,3560 2011,3559 1961,3559 1911,3558 1861,3558 1811,3558 1763,3558 1755,3560"/>
          <TextEquiv>
            <Unicode>meerder</Unicode>
          </TextEquiv>
        </Word>
        <Word id="word_31613aa4-5260-48b6-a11b-342897d98f28">
          <Coords points="2140,3517 2155,3515 2210,3513 2260,3512 2312,3513 2360,3512 2411,3512 2462,3514 2510,3513 2541,3514 2539,3559 2511,3558 2461,3559 2411,3557 2361,3557 2311,3558 2261,3557 2211,3558 2163,3559 2148,3562"/>
          <TextEquiv>
            <Unicode>gediendt</Unicode>
          </TextEquiv>
        </Word>
        <Word id="word_621b47f6-87a2-47aa-ae7b-4cca77e19c06">
          <Coords points="2588,3516 2611,3516 2660,3515 2712,3516 2762,3517 2812,3518 2834,3518 2835,3563 2811,3563 2761,3562 2711,3561 2661,3560 2611,3561 2588,3561"/>
          <TextEquiv>
            <Unicode>werdt</Unicode>
          </TextEquiv>
        </Word>
        <Word id="word_0524c1ce-3a9f-4e6c-900b-e80b1315c558">
          <Coords points="2884,3517 2912,3517 2960,3516 3010,3514 3030,3513 3031,3558 3011,3559 2961,3561 2911,3562 2883,3562"/>
          <TextEquiv>
            <Unicode>der</Unicode>
          </TextEquiv>
        </Word>
        <Word id="word_1c1ff344-84eb-45ef-97c0-4a0c47164595">
          <Coords points="3078,3511 3108,3509 3160,3507 3211,3507 3261,3507 3311,3507 3362,3508 3380,3510 3374,3555 3361,3553 3311,3552 3261,3552 3211,3552 3161,3552 3112,3554 3081,3556"/>
          <TextEquiv>
            <Unicode>halven</Unicode>
          </TextEquiv>
        </Word>
        <TextEquiv conf="0.9354940867480099">
          <Unicode>van sijn meerder gediendt werdt der halven</Unicode>
        </TextEquiv>
        <TextStyle xHeight="42"/>
      </TextLine>
      <TextLine id="line_4cfa1d48-76fb-45e8-81d3-4f973dbb18d9">
        <Coords points="1276,3591 1594,3599 1618,3576 1778,3576 1786,3568 1810,3568 1822,3556 1895,3556 1910,3571 2146,3571 2154,3579 2366,3582 2378,3594 2497,3594 2510,3607 3279,3589 3279,3669 3264,3655 3250,3655 3226,3660 3214,3672 3187,3671 3180,3664 3102,3672 2894,3672 2874,3691 2829,3687 2786,3717 2670,3717 2634,3682 2470,3682 2458,3671 2438,3671 1918,3679 1874,3715 1849,3723 1276,3718"/>
        <Baseline points="1315,3689 1365,3686 1415,3681 1465,3677 1515,3673 1565,3668 1615,3666 1665,3665 1715,3662 1765,3661 1815,3661 1865,3659 1915,3659 1965,3660 2015,3660 2065,3660 2115,3660 2165,3660 2215,3661 2265,3661 2315,3661 2365,3660 2415,3660 2465,3660 2515,3660 2565,3660 2615,3660 2665,3661 2715,3661 2765,3662 2815,3663 2865,3664 2915,3663 2965,3660 3015,3660 3065,3659 3115,3657 3165,3656 3215,3654 3241,3650"/>
        <Word id="word_d562b00f-a81e-4da8-bab6-6f11f23a6d66">
          <Coords points="1313,3654 1363,3651 1412,3646 1413,3646 1417,3691 1416,3691 1366,3696 1316,3699"/>
          <TextEquiv>
            <Unicode>op</Unicode>
          </TextEquiv>
        </Word>
        <Word id="word_6cf651c4-1c33-4331-b383-2d4e7447ab3a">
          <Coords points="1464,3642 1512,3638 1562,3633 1614,3631 1664,3630 1667,3630 1670,3675 1665,3675 1615,3676 1566,3678 1516,3683 1467,3687"/>
          <TextEquiv>
            <Unicode>sijn</Unicode>
          </TextEquiv>
        </Word>
        <Word id="word_74a350e0-d15d-4e01-a1b4-7a2cc38b84d5">
          <Coords points="1719,3627 1764,3626 1815,3626 1864,3624 1915,3624 1966,3625 2015,3625 2065,3625 2115,3625 2126,3625 2126,3670 2115,3670 2065,3670 2015,3670 1965,3670 1915,3669 1865,3669 1815,3671 1765,3671 1720,3672"/>
          <TextEquiv>
            <Unicode>vertoogh</Unicode>
          </TextEquiv>
        </Word>
        <Word id="word_590f22c4-a700-4028-93cc-1efe1e49c65e">
          <Coords points="2177,3625 2216,3626 2265,3626 2315,3626 2364,3625 2379,3625 2379,3670 2365,3670 2315,3671 2265,3671 2215,3671 2176,3670"/>
          <TextEquiv>
            <Unicode>ende</Unicode>
          </TextEquiv>
        </Word>
        <Word id="word_8ceca180-63a8-4b01-9464-61cbadfb82d7">
          <Coords points="2430,3625 2465,3625 2515,3625 2565,3625 2615,3625 2666,3626 2715,3626 2766,3627 2816,3628 2866,3629 2914,3628 2963,3625 3015,3625 3038,3625 3039,3670 3015,3670 2966,3670 2915,3673 2865,3674 2815,3673 2765,3672 2715,3671 2665,3671 2615,3670 2565,3670 2515,3670 2465,3670 2430,3670"/>
          <TextEquiv>
            <Unicode>bequaemheijt</Unicode>
          </TextEquiv>
        </Word>
        <Word id="word_500aa039-5691-46e7-a9df-74be6cab21cc">
          <Coords points="3087,3624 3113,3622 3164,3621 3214,3619 3236,3615 3243,3660 3215,3664 3165,3666 3116,3667 3090,3668"/>
          <TextEquiv>
            <Unicode>als</Unicode>
          </TextEquiv>
        </Word>
        <TextEquiv conf="0.9245792028573673">
          <Unicode>op sijn vertoogh ende bequaemheijt als</Unicode>
        </TextEquiv>
        <TextStyle xHeight="40"/>
      </TextLine>
      <TextLine id="ec217141-f921-4de0-bc75-d44b3286e833">
        <Coords points="1254,3704 1500,3700 1520,3680 1552,3676 1946,3675 1957,3683 1984,3671 2456,3671 2468,3683 2632,3683 2676,3727 2796,3728 2806,3722 2823,3739 2855,3746 2869,3758 2964,3668 3104,3672 3180,3664 3187,3671 3212,3672 3256,3643 3273,3643 3282,3652 3296,3643 3376,3643 3416,3675 3432,3675 3460,3699 3473,3701 3473,3781 3452,3781 3397,3830 3380,3826 3344,3795 3304,3795 3292,3787 2616,3788 2568,3835 2316,3826 2300,3818 2240,3839 1936,3838 1888,3883 1852,3883 1825,3909 1815,3910 1760,3870 1592,3875 1456,3866 1387,3922 1347,3922 1340,3915 1254,3918"/>
        <Baseline points="1293,3806 1343,3805 1393,3803 1443,3801 1493,3800 1543,3797 1593,3796 1643,3795 1693,3794 1743,3792 1793,3790 1843,3791 1893,3787 1943,3785 1993,3784 2043,3782 2093,3781 2143,3781 2193,3781 2243,3779 2293,3778 2343,3779 2393,3782 2443,3781 2493,3779 2543,3777 2593,3778 2643,3779 2693,3778 2743,3777 2793,3777 2843,3776 2893,3775 2943,3774 2993,3773 3043,3773 3093,3774 3143,3775 3193,3775 3243,3777 3293,3775 3343,3772 3393,3768 3435,3762"/>
        <Word id="word_d2956ca8-5045-4fdd-b1e0-d0f306df7c18">
          <Coords points="1292,3771 1342,3770 1392,3768 1442,3766 1492,3765 1541,3762 1592,3761 1642,3760 1692,3759 1742,3757 1792,3755 1844,3756 1890,3752 1939,3750 1941,3795 1894,3797 1843,3801 1793,3800 1743,3802 1693,3804 1643,3805 1593,3806 1544,3807 1493,3810 1443,3811 1393,3813 1343,3815 1293,3816"/>
          <TextEquiv>
            <Unicode>genegensheijt</Unicode>
          </TextEquiv>
        </Word>
        <Word id="word_19026cd8-3218-4b8d-87b0-9fa9bc515149">
          <Coords points="2002,3750 2004,3751 2042,3747 2089,3746 2090,3791 2043,3792 1990,3793 1987,3793"/>
          <TextEquiv>
            <Unicode>d'</Unicode>
          </TextEquiv>
        </Word>
        <Word id="word_c346469c-f777-4684-ac3a-971996a635e6">
          <Coords points="2149,3746 2153,3747 2189,3746 2189,3791 2140,3791 2137,3790"/>
          <TextEquiv>
            <Unicode>E</Unicode>
          </TextEquiv>
        </Word>
        <Word id="word_10c0d4dd-0998-4dc4-ad9a-425db74b93b5">
          <Coords points="2223,3750 2226,3748 2292,3743 2344,3744 2395,3747 2442,3746 2492,3744 2536,3742 2538,3787 2493,3789 2443,3791 2392,3792 2343,3789 2293,3788 2248,3788 2244,3790"/>
          <TextEquiv>
            <Unicode>Comp„e</Unicode>
          </TextEquiv>
        </Word>
        <Word id="word_aad4eb7a-6a9f-4e93-b941-c0e1878a1ff5">
          <Coords points="2603,3744 2609,3747 2644,3744 2692,3743 2742,3742 2786,3742 2786,3787 2743,3787 2693,3788 2643,3789 2588,3787 2583,3784"/>
          <TextEquiv>
            <Unicode>hier</Unicode>
          </TextEquiv>
        </Word>
        <Word id="word_91aab8f6-5201-479d-b2da-407f6fa3eeee">
          <Coords points="2831,3742 2838,3741 2892,3740 2942,3739 2985,3738 2986,3783 2943,3784 2893,3785 2844,3786 2838,3787"/>
          <TextEquiv>
            <Unicode>aen</Unicode>
          </TextEquiv>
        </Word>
        <Word id="word_edcdd6e7-312f-40c2-8097-04975f2c6e08">
          <Coords points="3039,3737 3047,3738 3094,3739 3144,3740 3193,3740 3244,3742 3283,3740 3285,3785 3243,3787 3193,3785 3143,3785 3093,3784 3042,3783 3034,3782"/>
          <TextEquiv>
            <Unicode>lands</Unicode>
          </TextEquiv>
        </Word>
        <Word id="word_f3f3cf18-7371-4fe4-bb8e-5f91343bf128">
          <Coords points="3329,3739 3338,3737 3390,3733 3428,3728 3435,3772 3394,3778 3345,3782 3336,3783"/>
          <TextEquiv>
            <Unicode>te</Unicode>
          </TextEquiv>
        </Word>
        <TextEquiv conf="0.8481195678763062">
          <Unicode>genegensheijt d' E Comp„e hier aen lands te</Unicode>
        </TextEquiv>
        <TextStyle xHeight="52"/>
      </TextLine>
      <TextLine id="line_5b2dc7eb-2ab4-429b-a697-2185d289a4c3">
        <Coords points="1267,3849 1289,3837 1336,3837 1346,3829 1381,3864 1760,3868 1796,3903 1825,3911 1852,3884 1888,3884 1940,3836 2244,3841 2303,3837 2312,3828 2571,3833 2607,3801 2643,3801 2659,3814 2727,3805 3302,3801 3314,3813 3325,3806 3366,3843 3379,3843 3379,3923 3034,3917 3015,3926 2871,3926 2852,3942 2835,3941 2823,3929 2587,3929 2575,3921 2120,3930 2081,3969 2064,3970 2040,3994 1992,3985 1972,3965 1868,3965 1832,3998 1808,3998 1780,4022 1745,4022 1728,4009 1676,4009 1585,3965 1569,3949 1329,3949 1267,3978"/>
        <Baseline points="1306,3934 1356,3929 1406,3927 1456,3925 1506,3924 1556,3922 1606,3922 1656,3921 1706,3920 1756,3919 1806,3920 1856,3918 1906,3915 1956,3913 2006,3911 2056,3908 2106,3908 2156,3908 2206,3907 2256,3907 2306,3906 2356,3906 2406,3906 2456,3906 2506,3907 2556,3909 2606,3908 2656,3908 2706,3907 2756,3908 2806,3908 2856,3909 2906,3909 2956,3907 3006,3907 3056,3906 3106,3905 3156,3904 3206,3904 3256,3907 3306,3906 3341,3904"/>
        <Word id="word_67072614-c7ba-4bd8-9cdb-c3d2f774337d">
          <Coords points="1303,3899 1353,3894 1405,3892 1455,3890 1505,3889 1555,3887 1604,3887 1604,3932 1556,3932 1506,3934 1456,3935 1406,3937 1357,3939 1307,3944"/>
          <TextEquiv>
            <Unicode>dienen</Unicode>
          </TextEquiv>
        </Word>
        <Word id="word_e714f2cd-8c51-4aaa-bd53-fa57a77471d9">
          <Coords points="1641,3889 1644,3888 1705,3885 1755,3884 1803,3885 1802,3930 1756,3929 1706,3930 1659,3930 1657,3931"/>
          <TextEquiv>
            <Unicode>Bij</Unicode>
          </TextEquiv>
        </Word>
        <Word id="word_b463ca24-61d4-4d73-acd1-c97499d919c2">
          <Coords points="1832,3892 1836,3889 1904,3880 1955,3878 2005,3876 2054,3873 2099,3873 2099,3918 2057,3918 2006,3921 1956,3923 1907,3925 1862,3926 1857,3929"/>
          <TextEquiv>
            <Unicode>desen</Unicode>
          </TextEquiv>
        </Word>
        <Word id="word_0ea9758e-80ae-4b6b-9b08-f2ae64652cea">
          <Coords points="2148,3873 2156,3873 2205,3872 2248,3872 2248,3917 2206,3917 2156,3918 2148,3918"/>
          <TextEquiv>
            <Unicode>d'</Unicode>
          </TextEquiv>
        </Word>
        <Word id="word_ff9f78b8-35a4-40ec-9b55-a95aadff68ad">
          <Coords points="2293,3872 2302,3871 2356,3871 2406,3871 2456,3871 2497,3872 2496,3917 2456,3916 2406,3916 2356,3916 2307,3916 2299,3917"/>
          <TextEquiv>
            <Unicode>novo</Unicode>
          </TextEquiv>
        </Word>
        <Word id="word_e2a3cb38-63a7-43ab-8a34-eaa213504365">
          <Coords points="2550,3873 2560,3874 2605,3873 2656,3873 2705,3872 2745,3873 2744,3918 2706,3917 2656,3918 2606,3918 2555,3919 2545,3918"/>
          <TextEquiv>
            <Unicode>voor</Unicode>
          </TextEquiv>
        </Word>
        <Word id="word_c7dbf89c-83d8-43ac-ac8a-2b177294e524">
          <Coords points="2792,3874 2804,3873 2857,3874 2906,3874 2955,3872 3006,3872 3041,3871 3042,3916 3006,3917 2956,3917 2906,3919 2856,3919 2807,3918 2794,3919"/>
          <TextEquiv>
            <Unicode>drije</Unicode>
          </TextEquiv>
        </Word>
        <Word id="word_a8b7cd33-add9-4c79-af81-1781b868c0fd">
          <Coords points="3091,3870 3105,3870 3155,3869 3206,3869 3258,3872 3305,3871 3338,3869 3340,3914 3306,3916 3255,3917 3206,3914 3156,3914 3106,3915 3092,3915"/>
          <TextEquiv>
            <Unicode>naest</Unicode>
          </TextEquiv>
        </Word>
        <TextEquiv conf="0.9298949353744554">
          <Unicode>dienen Bij desen d' novo voor drije naest</Unicode>
        </TextEquiv>
        <TextStyle xHeight="42"/>
      </TextLine>
      <TextLine id="line_49be1507-5ea2-4427-93e5-d6e6bfce87df">
        <Coords points="1258,3978 1332,3949 1568,3949 1584,3965 1661,3997 1672,4008 1727,4008 1748,4024 1772,4025 1808,3997 1833,3997 1868,3965 1972,3965 2016,3997 2040,3994 2068,3969 2081,3969 2120,3930 2824,3930 2835,3941 2851,3942 2879,3919 3091,3918 3167,3926 3391,3922 3432,3956 3432,4036 3391,4063 3367,4062 3339,4034 2703,4035 2599,4039 2591,4047 2551,4051 2308,4043 2300,4051 2204,4051 2184,4071 1856,4066 1808,4107 1768,4111 1258,4115"/>
        <Baseline points="1297,4059 1347,4053 1397,4050 1447,4049 1497,4048 1547,4046 1597,4045 1647,4043 1697,4042 1747,4040 1797,4038 1847,4036 1897,4034 1947,4033 1997,4032 2047,4030 2097,4028 2147,4028 2197,4026 2247,4024 2297,4024 2347,4024 2397,4023 2447,4021 2497,4021 2547,4022 2597,4023 2647,4023 2697,4025 2747,4024 2797,4025 2847,4025 2897,4024 2947,4023 2997,4023 3047,4023 3097,4021 3147,4019 3197,4019 3247,4019 3297,4019 3347,4019 3394,4017"/>
        <Word id="word_2698774c-3d35-49bb-96e9-908e3adf715e">
          <Coords points="1293,4024 1343,4018 1395,4015 1446,4014 1496,4013 1546,4011 1596,4010 1646,4008 1695,4007 1696,4052 1647,4053 1597,4055 1547,4056 1497,4058 1447,4059 1398,4060 1348,4063 1298,4069"/>
          <TextEquiv>
            <Unicode>voegende</Unicode>
          </TextEquiv>
        </Word>
        <Word id="word_44862723-169f-463f-9a0f-6883f15834a0">
          <Coords points="1721,4017 1722,4016 1796,4003 1846,4001 1896,3999 1946,3998 1996,3997 2044,3995 2046,4040 1997,4042 1947,4043 1897,4044 1847,4046 1797,4048 1754,4047 1753,4048"/>
          <TextEquiv>
            <Unicode>jaeren</Unicode>
          </TextEquiv>
        </Word>
        <Word id="word_a1c0cd1f-d79b-4e58-8a05-9f191ff8e38a">
          <Coords points="2094,3993 2096,3993 2147,3993 2194,3991 2195,4036 2147,4038 2097,4038 2095,4038"/>
          <TextEquiv>
            <Unicode>in</Unicode>
          </TextEquiv>
        </Word>
        <Word id="word_0180bc1a-661f-49d3-8958-28f6f8f42289">
          <Coords points="2243,3989 2246,3989 2297,3989 2347,3989 2396,3988 2446,3986 2497,3986 2548,3987 2598,3988 2647,3988 2698,3990 2744,3989 2745,4034 2697,4035 2647,4033 2597,4033 2547,4032 2497,4031 2447,4031 2397,4033 2347,4034 2297,4034 2247,4034 2245,4034"/>
          <TextEquiv>
            <Unicode>qualiteijt</Unicode>
          </TextEquiv>
        </Word>
        <Word id="word_155f7a5f-c990-4697-89bb-39b9c76cdaa4">
          <Coords points="2814,3994 2817,3996 2847,3990 2896,3989 2943,3988 2944,4033 2897,4034 2847,4035 2791,4033 2788,4031"/>
          <TextEquiv>
            <Unicode>van</Unicode>
          </TextEquiv>
        </Word>
        <Word id="word_4215b66c-8277-4d70-9e93-d593f4b8ceb0">
          <Coords points="3002,3988 3006,3989 3047,3988 3096,3986 3146,3984 3197,3984 3247,3984 3297,3984 3347,3984 3391,3982 3393,4027 3347,4029 3297,4029 3247,4029 3197,4029 3147,4029 3097,4031 3047,4033 2994,4033 2991,4032"/>
          <TextEquiv>
            <Unicode>soldaet.</Unicode>
          </TextEquiv>
        </Word>
        <TextEquiv conf="0.9249049951989194">
          <Unicode>voegende jaeren in qualiteijt van soldaet.</Unicode>
        </TextEquiv>
        <TextStyle xHeight="45"/>
      </TextLine>
      <TextLine id="line_9938b9c1-2dc2-4f7a-9a05-02e503cab8f2">
        <Coords points="1264,4117 1770,4109 1817,4101 1857,4064 2185,4069 2213,4041 2549,4053 2557,4045 2593,4044 3172,4045 3256,4032 3344,4036 3372,4064 3441,4046 3441,4126 3424,4126 3402,4143 3380,4132 3328,4149 2908,4157 2896,4169 2845,4189 2821,4176 2697,4172 2689,4164 2506,4164 1889,4173 1798,4177 1790,4185 1734,4177 1698,4185 1310,4193 1298,4201 1264,4201"/>
        <Baseline points="1303,4180 1353,4180 1403,4178 1453,4177 1503,4176 1553,4173 1603,4171 1653,4170 1703,4169 1753,4168 1803,4167 1853,4166 1903,4165 1953,4164 2003,4164 2053,4164 2103,4162 2153,4159 2203,4158 2253,4157 2303,4157 2353,4156 2403,4156 2453,4156 2503,4153 2553,4152 2603,4153 2653,4153 2703,4151 2753,4150 2803,4150 2853,4151 2903,4149 2953,4147 3003,4144 3053,4142 3103,4141 3153,4140 3203,4139 3253,4138 3303,4137 3353,4135 3403,4107"/>
        <Word id="word_d7e07db4-36e2-402e-a5d6-9415efad2968">
          <Coords points="1303,4145 1353,4145 1402,4143 1452,4142 1502,4141 1551,4138 1602,4136 1652,4135 1702,4134 1752,4133 1802,4132 1843,4131 1844,4176 1803,4177 1753,4178 1703,4179 1653,4180 1603,4181 1554,4183 1503,4186 1453,4187 1403,4188 1353,4190 1303,4190"/>
          <TextEquiv>
            <Unicode>aengenomen</Unicode>
          </TextEquiv>
        </Word>
        <Word id="word_a82110e6-0482-4ca6-a241-3ef045f17c52">
          <Coords points="1897,4130 1902,4130 1952,4129 2003,4129 2053,4129 2102,4127 2111,4126 2114,4171 2103,4172 2053,4174 2003,4174 1953,4174 1903,4175 1898,4175"/>
          <TextEquiv>
            <Unicode>ende</Unicode>
          </TextEquiv>
        </Word>
        <Word id="word_f5040efd-5042-42a8-b8e7-0e0d21de48f7">
          <Coords points="2167,4123 2203,4123 2252,4122 2303,4122 2329,4121 2330,4166 2303,4167 2253,4167 2203,4168 2168,4168"/>
          <TextEquiv>
            <Unicode>een</Unicode>
          </TextEquiv>
        </Word>
        <Word id="word_06cfd95f-4373-4300-8231-50cacf39746c">
          <Coords points="2385,4120 2404,4121 2453,4121 2501,4118 2552,4117 2604,4118 2653,4118 2702,4116 2752,4115 2803,4115 2854,4116 2902,4114 2923,4113 2924,4158 2903,4159 2853,4161 2803,4160 2753,4160 2703,4161 2653,4163 2603,4163 2553,4162 2504,4163 2453,4166 2403,4166 2383,4165"/>
          <TextEquiv>
            <Unicode>Belooningh</Unicode>
          </TextEquiv>
        </Word>
        <Word id="word_d782a1e6-a43b-44d5-b7cf-c46e8f4c7c8d">
          <Coords points="2975,4111 3000,4109 3052,4107 3102,4106 3139,4105 3140,4150 3103,4151 3053,4152 3004,4154 2979,4156"/>
          <TextEquiv>
            <Unicode>van</Unicode>
          </TextEquiv>
        </Word>
        <Word id="word_907ab80e-a4f5-4d42-8124-410356f4cd9f">
          <Coords points="3193,4104 3202,4104 3252,4103 3302,4102 3352,4100 3386,4076 3408,4116 3353,4145 3303,4147 3253,4148 3203,4149 3194,4149"/>
          <TextEquiv>
            <Unicode>elff</Unicode>
          </TextEquiv>
        </Word>
        <TextEquiv conf="0.9429439582921644">
          <Unicode>aengenomen ende een Belooningh van elff</Unicode>
        </TextEquiv>
        <TextStyle xHeight="39"/>
      </TextLine>
      <TextLine id="ab677239-7ca8-48e8-a678-8e9dcfbc7b9e">
        <Coords points="1273,4201 1299,4201 1311,4193 1695,4186 1703,4178 1791,4182 2147,4166 2510,4165 2570,4217 2762,4217 2846,4188 3046,4188 3066,4208 3174,4213 3246,4209 3254,4201 3398,4200 3422,4224 3479,4227 3479,4307 3450,4307 3418,4338 3397,4338 3386,4349 3326,4337 3294,4342 3142,4333 3122,4313 2938,4305 2690,4306 2586,4310 2522,4374 2470,4378 2267,4366 2219,4321 1273,4321"/>
        <Baseline points="1312,4302 1362,4297 1412,4293 1462,4292 1512,4292 1562,4290 1612,4289 1662,4290 1712,4288 1762,4288 1812,4286 1862,4285 1912,4285 1962,4285 2012,4284 2062,4283 2112,4282 2162,4280 2212,4279 2262,4279 2312,4278 2362,4277 2412,4277 2462,4277 2512,4277 2562,4276 2612,4276 2662,4277 2712,4277 2762,4278 2812,4279 2862,4281 2912,4282 2962,4282 3012,4284 3062,4285 3112,4285 3162,4286 3212,4284 3262,4284 3312,4284 3362,4284 3412,4285 3441,4288"/>
        <Word id="word_0f8ba431-bd0f-4402-9a16-0244959d23b1">
          <Coords points="1309,4267 1359,4262 1409,4258 1461,4257 1512,4257 1561,4255 1611,4254 1663,4255 1692,4254 1694,4299 1662,4300 1612,4299 1562,4300 1512,4302 1462,4302 1413,4303 1363,4307 1313,4312"/>
          <TextEquiv>
            <Unicode>guldens</Unicode>
          </TextEquiv>
        </Word>
        <Word id="word_efb2bedf-3fe5-4381-a10e-a70aff4bb9dd">
          <Coords points="1752,4252 1766,4253 1811,4251 1861,4250 1912,4250 1912,4250 1912,4295 1912,4295 1862,4295 1812,4296 1761,4298 1747,4296"/>
          <TextEquiv>
            <Unicode>ter</Unicode>
          </TextEquiv>
        </Word>
        <Word id="word_7771aeed-b657-4d76-86b7-497e21a27c02">
          <Coords points="1966,4250 2011,4249 2061,4248 2111,4247 2161,4245 2211,4244 2262,4244 2294,4243 2295,4288 2262,4289 2212,4289 2162,4290 2112,4292 2062,4293 2012,4294 1967,4295"/>
          <TextEquiv>
            <Unicode>maendt</Unicode>
          </TextEquiv>
        </Word>
        <Word id="word_e9431f94-0a25-438e-9009-718ae2a0def8">
          <Coords points="2348,4242 2361,4242 2412,4242 2462,4242 2512,4242 2561,4241 2612,4241 2663,4242 2712,4242 2763,4243 2813,4244 2863,4246 2913,4247 2950,4247 2950,4292 2912,4292 2862,4291 2812,4289 2762,4288 2712,4287 2662,4287 2612,4286 2562,4286 2512,4287 2462,4287 2412,4287 2362,4287 2349,4287"/>
          <TextEquiv>
            <Unicode>toegeleijdt</Unicode>
          </TextEquiv>
        </Word>
        <Word id="word_a40fefa0-1f71-498b-9fa5-4640c9a3e1a8">
          <Coords points="3013,4248 3021,4250 3059,4250 3058,4295 3010,4294 3002,4292"/>
          <TextEquiv>
            <Unicode>t</Unicode>
          </TextEquiv>
        </Word>
        <Word id="word_c18957b6-3007-4de7-8ea2-267964caa313">
          <Coords points="3113,4251 3162,4251 3211,4249 3262,4249 3312,4249 3362,4249 3413,4250 3444,4253 3440,4298 3412,4295 3362,4294 3312,4294 3262,4294 3212,4294 3162,4296 3113,4296"/>
          <TextEquiv>
            <Unicode>nieuwe</Unicode>
          </TextEquiv>
        </Word>
        <TextEquiv conf="0.9063783140620271">
          <Unicode>guldens ter maendt toegeleijdt t nieuwe</Unicode>
        </TextEquiv>
        <TextStyle xHeight="52"/>
      </TextLine>
      <TextLine id="line_76c88d92-5fd3-4f28-a029-5102d1a7036e">
        <Coords points="1258,4320 1440,4320 1456,4312 2196,4307 2208,4319 2220,4319 2264,4363 2487,4380 2519,4376 2579,4316 3127,4315 3139,4327 3299,4327 3335,4343 3387,4343 3395,4335 3411,4348 3444,4341 3444,4421 3416,4443 3355,4455 3343,4467 3199,4467 3191,4475 3119,4479 2763,4482 2743,4499 2631,4503 2427,4502 2359,4494 2316,4534 2288,4533 2272,4518 2224,4518 2172,4498 2148,4474 1900,4474 1864,4470 1844,4450 1820,4442 1536,4440 1258,4451"/>
        <Baseline points="1297,4442 1347,4438 1397,4434 1447,4432 1497,4430 1547,4429 1597,4429 1647,4428 1697,4426 1747,4424 1797,4423 1847,4421 1897,4420 1947,4419 1997,4417 2047,4416 2097,4415 2147,4413 2197,4412 2247,4411 2297,4411 2347,4410 2397,4410 2447,4409 2497,4409 2547,4411 2597,4409 2647,4409 2697,4408 2747,4407 2797,4405 2847,4405 2897,4405 2947,4404 2997,4406 3047,4407 3097,4408 3147,4409 3197,4410 3247,4410 3297,4410 3347,4406 3397,4403 3406,4402"/>
        <Word id="word_b0e535d2-c2dd-4a3f-b585-954c1f47623f">
          <Coords points="1294,4407 1344,4403 1394,4399 1446,4397 1496,4395 1546,4394 1597,4394 1646,4393 1679,4392 1681,4437 1647,4438 1597,4439 1547,4439 1497,4440 1447,4442 1398,4444 1348,4448 1298,4452"/>
          <TextEquiv>
            <Unicode>verbandt</Unicode>
          </TextEquiv>
        </Word>
        <Word id="word_9e9a720e-618b-4fa5-9fb2-d1ea29ef596f">
          <Coords points="1727,4390 1746,4389 1796,4388 1823,4387 1824,4432 1797,4433 1747,4434 1729,4435"/>
          <TextEquiv>
            <Unicode>en</Unicode>
          </TextEquiv>
        </Word>
        <Word id="word_00b4208c-db96-4112-80f9-d1014e37b641">
          <Coords points="1872,4385 1897,4385 1946,4384 1996,4382 2046,4381 2096,4380 2146,4378 2196,4377 2246,4376 2297,4376 2346,4375 2397,4375 2446,4374 2447,4374 2447,4419 2447,4419 2397,4420 2347,4420 2297,4421 2247,4421 2197,4422 2147,4423 2097,4425 2047,4426 1997,4427 1947,4429 1897,4430 1872,4430"/>
          <TextEquiv>
            <Unicode>verbeteringe</Unicode>
          </TextEquiv>
        </Word>
        <Word id="word_3c958e12-2334-4a5f-af26-ba23e77a19bc">
          <Coords points="2495,4374 2497,4374 2548,4376 2596,4374 2639,4374 2639,4419 2597,4419 2547,4421 2497,4419 2495,4419"/>
          <TextEquiv>
            <Unicode>van</Unicode>
          </TextEquiv>
        </Word>
        <Word id="word_30a3dee8-6408-4cf9-989c-c92d56d6841a">
          <Coords points="2684,4374 2694,4373 2746,4372 2796,4370 2847,4370 2897,4370 2926,4369 2927,4414 2897,4415 2847,4415 2797,4415 2747,4417 2698,4418 2688,4419"/>
          <TextEquiv>
            <Unicode>gagie</Unicode>
          </TextEquiv>
        </Word>
        <Word id="word_4adb9f71-5d88-48fd-a9dd-195c7843f083">
          <Coords points="2979,4369 3001,4371 3048,4372 3098,4373 3148,4374 3167,4374 3166,4419 3147,4419 3097,4418 3047,4417 2996,4416 2974,4413"/>
          <TextEquiv>
            <Unicode>dato</Unicode>
          </TextEquiv>
        </Word>
        <Word id="word_270f8987-6837-4b1c-846f-481bc4e722f7">
          <Coords points="3214,4375 3247,4375 3297,4375 3344,4371 3395,4368 3402,4367 3407,4412 3398,4413 3348,4416 3297,4420 3247,4420 3214,4420"/>
          <TextEquiv>
            <Unicode>dese</Unicode>
          </TextEquiv>
        </Word>
        <TextEquiv conf="0.9216158165048891">
          <Unicode>verbandt en verbeteringe van gagie dato dese</Unicode>
        </TextEquiv>
        <TextStyle xHeight="54"/>
      </TextLine>
      <TextLine id="line_5c569b99-68b3-4ad0-96e6-57dc52205025">
        <Coords points="1260,4450 1842,4429 1918,4441 2312,4449 2354,4487 2459,4487 2459,4567 1894,4570 1834,4574 1826,4582 1390,4586 1342,4590 1330,4602 1260,4602"/>
        <Baseline points="1299,4585 1349,4581 1399,4579 1449,4576 1499,4575 1549,4573 1599,4572 1649,4571 1699,4570 1749,4569 1799,4568 1849,4566 1899,4563 1949,4560 1999,4558 2049,4557 2099,4555 2149,4553 2199,4554 2249,4553 2299,4550 2349,4549 2399,4551 2421,4548"/>
        <Word id="word_66debe8d-fa26-44a1-8074-3715a138f8fa">
          <Coords points="1296,4550 1346,4546 1398,4544 1447,4541 1498,4540 1548,4538 1598,4537 1648,4536 1698,4535 1748,4534 1798,4533 1848,4531 1858,4530 1861,4575 1849,4576 1799,4578 1749,4579 1699,4580 1649,4581 1599,4582 1549,4583 1499,4585 1450,4586 1399,4589 1350,4591 1300,4595"/>
          <TextEquiv>
            <Unicode>aenvanck</Unicode>
          </TextEquiv>
        </Word>
        <Word id="word_4d70301f-cf92-4dd1-8d38-6c6677e5c48d">
          <Coords points="1928,4526 1947,4525 1998,4523 2048,4522 2098,4520 2148,4518 2200,4519 2248,4518 2297,4515 2348,4514 2400,4516 2416,4513 2422,4558 2399,4561 2349,4559 2300,4560 2249,4563 2199,4564 2149,4563 2099,4565 2049,4567 1999,4568 1950,4570 1931,4571"/>
          <TextEquiv>
            <Unicode>nemende</Unicode>
          </TextEquiv>
        </Word>
        <TextEquiv conf="0.8883294883443356">
          <Unicode>aenvanck nemende</Unicode>
        </TextEquiv>
        <TextStyle xHeight="44"/>
      </TextLine>
    </TextRegion>
    <TextRegion id="region_39ae59c0-441b-487d-97f4-72a27fce3c10_2" custom="structure {type:paragraph;}">
      <Coords points="921,2006 921,2017 925,2020 925,2024 928,2027 928,2031 935,2038 939,2038 946,2045 978,2045 982,2041 985,2041 999,2027 999,2013 992,2006 989,2006 985,2002 982,2002 978,1999 967,1999 964,1995 928,1995 925,1999 925,2002"/>
    </TextRegion>
  </Page>
</PcGts>
