3567 4801
2792 503 3030 594 986

747 640 890 695 Ende
923 637 1169 685 gevolgh
1203 636 1379 682 onser
1413 637 1831 687 voorgestelde
1865 639 2320 688 Consideratien
2352 641 2563 689 metter
2597 638 2703 685 tyt
2737 637 2842 684 wel
2874 630 2981 679 ge„

782 719 1080 770 raecken,
1116 721 1264 766 alle
1301 721 1563 768 geleden
1597 721 1858 770 schaden
1893 721 2006 767 en:
2040 721 2413 768 Jnteresten
2448 708 2857 767 overwinnen,
2893 703 3045 752 voor

766 811 802 857 d
835 810 906 857 E:
940 806 1116 855 Compe
1149 804 1255 853 een
1290 804 1570 851 g'achter
1605 805 1780 850 naem,
1814 805 1920 851 en:
1955 803 2445 852 advantagieuser
2478 804 2689 854 handel
2721 799 2900 852 uijt„

763 899 1059 951 wercken,
1092 897 1243 944 en:e
1280 896 1465 943 alsoo
1501 896 1575 942 d'
1611 893 1870 941 verdere
1907 887 2315 942 machinatien
2343 898 2533 945 onser
2568 873 3052 943 Contramineurs

774 989 1205 1047 erstirperen
1241 988 1513 1039 sullen,
1551 989 1668 1036 tot
1704 980 1977 1033 welcken
2016 978 2250 1027 eijnde
2287 985 2403 1030 dan
2442 985 2597 1032 oocq
2634 964 3062 1028 hoochnodich

783 1089 1008 1143 sijn:e
1044 1086 1156 1133 den
1193 1083 1452 1130 conincq
1488 1084 1600 1132 en:
1635 1081 1858 1131 andere
1895 1076 2154 1126 grooten
2189 1078 2265 1126 t'
2302 1064 2746 1122 amplecteren,
2780 1062 2894 1112 en:
2929 1061 3043 1110 met

779 1181 1110 1232 eerlijcke
1147 1180 1552 1227 recognitien
1588 1178 1846 1227 t'onser
1881 1169 2140 1222 devotie
2177 1159 2655 1218 tonderhouden,
2688 1151 2766 1202 op
2801 1145 2913 1195 d'o

2678 1197 2787 1255 sal
2819 1168 3029 1240 dienen

757 1279 1015 1329 winsten
1050 1276 1200 1323 uijt
1234 1278 1309 1325 d'
1345 1276 1529 1325 pacht
1565 1276 1750 1325 (alst
1786 1272 1896 1320 soo
1931 1267 2190 1316 gevalt)
2226 1265 2374 1312 geen
2410 1256 2668 1309 reeck:e
2703 1254 2741 1303 „
2777 1238 3108 1295 gemaeckt,

756 1374 915 1425 maer
952 1367 1266 1416 d'selven
1305 1367 1422 1418 tot
1460 1367 1812 1417 voedinge,
1850 1364 1967 1411 en:
2006 1360 2397 1409 onderstant
2434 1354 2552 1403 van
2587 1346 2747 1398 dese
2784 1326 3060 1390 saecke,

2901 1408 2969 1454 -

772 1469 887 1519 als
924 1463 1189 1512 meerder
1226 1464 1641 1515 seguriteijt
1679 1469 1792 1515 van
1828 1465 1981 1513 dese
2018 1456 2320 1509 plaetse,
2357 1422 2886 1501 gecontribueert

2960 1435 3051 1481 -

780 1562 870 1611 te
913 1560 1229 1611 werden,
1273 1562 1541 1612 Immers
1585 1564 1720 1614 ter
1756 1562 1943 1614 tijt
1987 1554 2167 1607 ene:
2209 1548 2436 1598 wijle
2477 1534 2704 1591 alles
2747 1525 2883 1576 tot
2927 1521 3062 1572 een

759 1664 958 1718 goede
997 1657 1354 1707 gewoonte,
1392 1658 1515 1705 en:
1550 1661 1828 1712 vredich
1864 1651 2145 1706 gevolgh
2183 1643 2343 1694 vant
2381 1629 2659 1688 gouvero
2693 1605 3055 1672 herstelt,

764 1759 934 1814 want
975 1758 1059 1803 t'
1098 1755 1559 1804 troostelij,
1601 1758 1726 1804 soo
1767 1754 1893 1802 dit
1933 1741 2226 1797 buijten
2266 1722 2685 1784 belastinge
2724 1705 2851 1763 van
2891 1699 2933 1744 E

756 1863 962 1926 Comp:
1001 1858 1122 1907 en:
1161 1850 1644 1902 onvermindert
1683 1849 1764 1898 d'
1803 1827 2367 1896 vooraengewesen
2405 1790 2935 1875 preeminentien

774 1961 1001 2016 (sulcx
1037 1948 1415 2005 verhoopen)
1447 1950 1562 1997 sal
1599 1946 1787 1996 sijn,
1824 1946 1899 1992 t'
1934 1925 2348 1991 welgevallen
2383 1917 2497 1970 van
2533 1914 2572 1961 u
2602 1904 2721 1957 Ed:
2755 1881 3058 1948 hierover

747 2057 923 2107 wert
966 2053 1100 2102 mij
1144 2047 1541 2101 aengenaem
1583 2046 1673 2093 t'
1716 2041 1981 2096 sijner
2024 2030 2202 2085 tijt
2242 2024 2334 2071 te
2374 1992 2729 2067 vernemen
2769 1991 2862 2043 /:

749 2214 969 2263 Deien
1012 2209 1189 2257 gaet
1232 2208 1365 2254 ten
1408 2184 1849 2253 Principale
1891 2176 2024 2226 tot
2066 2156 2420 2219 despeche
2462 2153 2597 2201 en:
2624 2146 2991 2202 accompa„

753 2300 890 2351 gma
935 2299 1072 2347 van
1116 2299 1209 2347 t'
1254 2295 1482 2348 schip
1523 2288 1618 2338 N:
1661 2277 1892 2333 Amst,
1936 2264 2164 2319 welcq
2208 2257 2346 2306 van
2389 2246 2801 2306 Resolutie
2841 2231 3029 2290 sijn

772 2390 1109 2447 gewerden
1148 2388 1317 2440 (als
1357 2371 2068 2442 noodtsaeckelijck,
2108 2366 2276 2415 mits
2318 2358 2486 2411 door
2526 2345 2736 2401 storm
2775 2335 2952 2388 en:r

747 2487 1091 2541 onweders
1131 2486 1221 2532 op
1263 2489 1349 2536 d'
1392 2487 1736 2536 Indische
1776 2474 1994 2531 Custe
2029 2441 2638 2517 gerencontreert
2677 2425 2852 2485 seer

768 2581 1175 2633 verswackt,
1215 2582 1338 2630 en:
1378 2585 1501 2637 tot
1541 2588 1786 2638 andere
1824 2563 2233 2630 voijagien,
2271 2556 2396 2606 als
2433 2548 2518 2599 t'
2556 2525 2924 2591 vervoeren
2963 2522 3087 2568 van

1445 2680 1699 2737 waeren
1739 2668 2120 2729 onbequaem
2159 2643 2584 2711 g'oordeelt
2624 2634 2752 2685 is,
2792 2623 2921 2676 dat
2959 2607 3089 2665 ten

743 2674 963 2733 veele
1006 2673 1443 2724 bederffelk

715 2774 1022 2833 dienste
1065 2775 1196 2824 van
1238 2775 1285 2823 d
1326 2781 1414 2828 E:
1454 2783 1502 2829 „
1544 2782 1676 2830 wel
1718 2771 1981 2825 anders
2023 2751 2417 2815 gewenscht
2459 2733 2723 2794 hadde,
2762 2721 2940 2773 over
2982 2717 3027 2763 —

1390 2731 1433 2776 d„
1451 2726 1611 2776 Compj=e

766 2880 1086 2933 Malacca
1132 2879 1317 2926 naer
1360 2883 1590 2930 Costi
1635 2881 1728 2929 te
1772 2861 2185 2922 largeren,
2229 2854 2368 2904 tot
2412 2831 2733 2897 welcken
2775 2801 3005 2874 einde

1537 2980 1817 3038 regulen
1855 2970 2014 3022 UEd:
2051 2953 2290 3012 sullen
2327 2933 2645 2996 gelieven
2684 2932 2763 2979 te
2801 2912 3078 2976 dienen,

722 2987 860 3039 dan
903 2984 1085 3030 dese
1129 2985 1490 3034 weijnich

774 3081 977 3138 sijn:
1014 3090 1096 3136 In
1136 3091 1418 3138 gemelte
1452 3091 1617 3139 amst
1653 3084 1818 3137 eenl
1853 3072 1978 3125 en:
2016 3061 2179 3115 voor
2217 3053 2339 3104 soo
2377 3036 2539 3096 veel
2576 3011 2899 3078 buijten—

777 3176 1123 3228 beduchten
1160 3184 1276 3230 van
1314 3185 1659 3235 sedertf„e
1697 3168 2042 3231 doenelijk
2077 3158 2195 3210 en:
2232 3136 2579 3201 raedtsaem
2611 3132 2692 3184 Is
2729 3111 3037 3174 geweest,

772 3285 1143 3336 gescheept
1181 3282 1351 3333 179„
1386 3283 1634 3337 packen
1674 3272 1962 3328 divers=
2001 3244 2455 3316 sorteringen
2493 3235 2619 3287 van
2659 3220 2906 3279 Cleden

794 3399 943 3446 600„
971 3398 1090 3447 stx
1126 3388 1349 3442 slaven
1384 3383 1496 3431 en:
1532 3371 1866 3427 slavinnen
1902 3368 2014 3415 79:
2047 3359 2198 3411 st=r
2234 3333 2641 3402 Martavanen,
2678 3330 2752 3377 en
2788 3321 2974 3374 5630„
3010 3317 3085 3366 lb

769 3492 1176 3552 Ouscruijt,
1215 3479 1500 3536 t'samen
1538 3471 1823 3525 Incoops
1862 3455 2228 3514 bedragen:
2267 3453 2309 3499 ƒ
2349 3437 2794 3496 50533„11„8.
2834 3437 3088 3485 gaende

765 3589 918 3639 dese
955 3581 1183 3634 cleden
1220 3568 1752 3625 voornamentlijk
1785 3567 1828 3616 ,
1862 3558 2017 3609 omme
2051 3540 2319 3600 Malacca
2356 3534 2508 3584 (wes
2546 3525 2774 3578 nodigh
2810 3522 2963 3571 ende

756 3677 1130 3735 dienstich
1170 3676 1294 3723 tot
1334 3670 1623 3720 progres
1664 3663 1911 3714 vanden
1951 3652 2198 3707 handel
2234 3632 2568 3697 derwr=ts
2608 3621 2856 3676 sijn:)
2895 3609 3061 3665 daer

781 3769 944 3814 uijt
984 3770 1432 3818 geprovid=t,
1473 3772 1595 3818 en:
1635 3772 1717 3818 t'
1757 3761 2042 3816 verdere
2082 3752 2245 3804 uEd:
2283 3744 2530 3796 voorts
2569 3706 3058 3787 toegeschickt

800 3865 887 3916 te
928 3863 1224 3910 werden,
1264 3866 1391 3915 den
1431 3866 1810 3918 almogende
1849 3860 2020 3908 geve
2060 3859 2145 3906 t'
2186 3850 2522 3903 meergen:
2561 3832 2774 3894 schip
2810 3815 2984 3873 sijn

701 3964 1254 4018 gedestineerde
1294 3966 1549 4014 reijse
1591 3959 2100 4013 voorspoedigh
2141 3942 2651 4005 performeren,
2687 3935 2821 3985 en:
2860 3933 2906 3981 w
2944 3915 3075 3973 Ed:

780 4062 1141 4115 behouden
1185 4063 1546 4111 toecomen
1591 4062 1771 4109 mach
1815 4057 2042 4110 voort
2084 4040 2492 4100 monteren:
2535 4032 2672 4083 van
2715 4011 3077 4075 desselfs

0 632 323 684 doorgesien

0 703 145 753 aer

0 782 289 840 buijten

0 877 81 922 P

0 946 275 1006 naer

0 1030 176 1088 den

211 1028 229 1074 „

0 1335 312 1388 ngeweest

22 1410 221 1468 van

13 1499 189 1551 den

0 1581 160 1639 ht

0 1658 266 1718 elcke

0 1756 231 1813 daer¬

0 1840 250 1898 voor

0 1934 289 2000 approberen

0 2027 184 2085 van

0 2110 210 2172 dem

0 2205 267 2261 heeft

0 2396 226 2446 dat

206 2481 258 2526 en

0 2589 120 2639 600s
146 2578 239 2631 b:t

0 2672 215 2732 eck

0 2766 174 2824 naer

0 2871 242 2925 mindt

0 2964 291 3021 tiched

0 3066 103 3117 r

0 3151 64 3203 r

0 3233 149 3291 den

61 3477 272 3530 Pmo

0 3648 19 3694 9

0 3737 287 3798 rouwen

0 3957 149 4005 wit
