3410 4985
560 405 926 456 Hepcetober
962 405 1072 450 A:o
1108 404 1258 454 1646

2527 443 2642 494 51
2696 437 3255 490 Nangasachr

1108 660 1323 709 Deulht
1359 662 1647 711 getracht
1682 665 1862 715 hebbe
1897 671 1970 719 te
2004 672 2401 722 Reduceeren,
2435 669 2581 716 maer
2615 670 2939 716 veensints
2974 665 3120 715 daer

1129 771 1226 822 toe
1257 777 1321 823 te
1353 777 1577 824 bewegen
1607 777 1863 825 geweest,
1895 777 2182 828 derhalven
2213 784 2341 829 voor
2372 783 2468 829 als
2500 780 2627 827 noch
2658 779 2755 825 tot
2786 777 2882 823 den
2914 776 3201 823 ontfangen

1136 877 1238 922 van
1270 878 1473 926 Cooper
1506 880 1642 926 niet
1674 881 1877 929 Connen
1909 883 2217 932 veraacken

477 1049 723 1099 october
755 1051 898 1099 adij
930 1057 1035 1103 C„o
1067 1055 1278 1103 ditto,
1311 1058 1557 1107 onssond
1590 1064 1695 1110 hur
1730 1063 1835 1108 een
1869 1063 2043 1109 storm
2078 1064 2218 1112 wint
2251 1067 2391 1114 uijt
2426 1069 2531 1117 den
2564 1068 2739 1116 zuijd
2774 1068 2983 1117 oosten
3017 1069 3158 1120 ende

1132 1170 1698 1220 huijdelijckerhand
1730 1173 1897 1221 suecr
1931 1176 2098 1225 meest
2130 1180 2497 1228 alleschepen
2530 1182 2597 1229 d'
2628 1178 2829 1226 ankers
2862 1177 3203 1227 doorgingen

1114 1275 1253 1321 ende
1288 1276 1392 1322 van
1426 1277 1497 1326 de
1529 1281 1807 1329 fluijten
1842 1284 2153 1334 Berckhoud
2188 1289 2327 1334 ende
2361 1290 2603 1337 zwarten
2636 1289 2777 1336 Beck
2811 1287 2984 1335 ijder
3017 1284 3140 1331 een

1120 1391 1358 1438 haerder
1392 1391 1598 1441 touwen
1628 1395 1904 1445 Bracken,
1935 1400 2141 1449 sonder
2175 1405 2379 1454 vorder
2412 1404 2651 1454 schade,
2684 1403 2753 1449 de
2784 1396 3240 1451 Burgemeesters

1109 1505 1211 1554 van
1244 1506 1618 1555 Nangasathij
1650 1511 1855 1558 quamen
1887 1514 1956 1562 op
1988 1518 2058 1565 't
2090 1520 2328 1568 Eijland
2361 1523 2531 1569 ordre
2564 1520 2871 1569 stellende
2903 1523 2971 1568 de
3004 1522 3211 1574 pagger

1106 1621 1270 1667 inghe
1301 1623 1432 1671 ofte
1463 1627 1755 1676 heijninge
1787 1630 1950 1676 vand'
1981 1631 2209 1680 Eijland
2241 1635 2371 1681 door
2403 1635 2468 1681 de
2500 1635 2857 1684 huijsheeken
2889 1634 3084 1681 gestad
3116 1635 3182 1682 en

1098 1735 1392 1783 versekert
1424 1734 1621 1781 werde,
1652 1734 1849 1782 zonder
1881 1737 1979 1782 des
2011 1736 2176 1782 hadde
2208 1736 2438 1787 gelijck
2469 1743 2534 1788 't
2567 1743 2828 1790 verleden
2860 1743 2991 1790 Iaer
3024 1742 3122 1788 wel

1111 1849 1271 1896 licht
1302 1849 1528 1895 wederom
1559 1850 1847 1900 ondervoet
1879 1854 2135 1902 geraact,
2166 1858 2294 1904 doch
2326 1859 2391 1905 is
2422 1857 2487 1903 de
2517 1856 2646 1903 wint
2677 1855 2742 1901 op
2773 1853 2903 1900 veel
2934 1854 3030 1900 nae
3061 1850 3159 1900 Bij

1111 1967 1257 2014 dien
1292 1968 1440 2014 niet
1476 1968 1550 2014 te
1585 1968 2024 2019 vergelijcken
2060 1970 2353 2020 Gewelst—

1017 925 1188 974 mo
