3567 4801
2816 513 2991 574 978

962 636 1178 686 nader
1220 636 1692 684 aenwijsinge
1731 636 2163 685 d'monsters
2205 641 2378 688 daer
2419 643 2548 689 bij
2591 641 2934 690 gevoucht

920 730 1149 784 waren
1195 728 1560 775 geweest,
1605 726 2018 774 versoecke
2059 726 2291 773 gants
2336 720 2941 771 reverentlijck

945 827 1070 880 soo
1108 822 1191 871 na
1231 819 1313 867 en
1353 815 1677 863 spoedigh
1717 814 1840 861 als
1877 811 2245 862 doenlijck
2285 807 2407 856 ons
2447 801 2771 852 gewerden
2812 797 3058 846 mogen,

952 918 1084 965 met
1125 912 1347 962 welck
1390 907 1522 956 men
1565 902 1698 951 als
1740 900 1873 947 dan
1916 900 2092 946 (soo
2134 895 2574 945 vertrouwe)
2618 893 2794 940 voor
2838 893 2882 939 d
2925 894 3015 941 E:

956 1017 1142 1079 Comp
1183 995 1508 1059 meerder
1550 986 1919 1039 aensien,
1964 981 2285 1030 faveur,
2331 981 2514 1027 ende
2560 977 2835 1026 dienst
2880 977 3066 1024 sall

913 1087 1224 1146 cunnen
1274 1073 1894 1130 uijtwercken,
1945 1064 2667 1118 ontwijffelijck
2717 1060 2873 1108 dan

947 1162 1124 1215 oock
1166 1156 1299 1205 met
1341 1153 1430 1200 t'
1471 1150 1911 1199 aenbrengen
1954 1149 2085 1195 van
2129 1145 2348 1194 goede
2390 1136 2697 1189 partije
2740 1135 3095 1187 liphant„

944 1251 1075 1299 soo
1117 1245 1292 1294 maer
1335 1241 1510 1289 dien
1553 1236 1815 1285 handel
1856 1233 1989 1282 bij
2026 1230 2163 1278 den
2205 1225 2467 1274 prince
2510 1224 2641 1272 ten
2681 1213 2990 1269 rechten

939 1335 1308 1395 gemeent,
1353 1330 1538 1379 ende
1577 1317 1950 1373 d'cherge
1995 1314 2179 1361 daer
2223 1311 2363 1359 van
2408 1307 2593 1354 meer
2637 1295 3051 1350 genoemden

936 1425 1273 1483 miersia
1320 1419 1657 1468 sulcarn
1704 1414 1848 1462 ten
1893 1406 2183 1458 vollen
2225 1400 2663 1451 vertrouwt
2710 1395 3000 1445 werdt,

949 1514 1292 1571 sullende
1332 1512 1419 1559 nu
1461 1508 1717 1557 voorts
1760 1505 1887 1552 tot
1930 1501 2271 1550 vervolge
2312 1491 2568 1544 vanden
2610 1485 3039 1535 bengaelfen

936 1600 1203 1661 handel
1247 1598 1381 1645 p=r
1421 1589 1693 1641 eerste
1737 1587 2050 1635 occasie
2092 1583 2227 1630 van
2270 1577 2450 1629 uede
2494 1566 2944 1621 verwachten

950 1693 1118 1746 8000
1159 1687 1244 1737 lb
1283 1672 1535 1728 sappan
1576 1665 1786 1716 hout,
1826 1663 2038 1710 20000
2075 1662 2162 1709 lb
2204 1657 2455 1707 peper,
2496 1654 2706 1702 off't
2746 1646 2998 1697 geviel

940 1788 1128 1842 daer
1174 1779 1314 1830 van
1359 1770 1547 1822 uijt
1591 1760 1872 1813 madure
1918 1756 2058 1804 soo
2102 1741 2570 1800 tijtelijck
2616 1739 2803 1786 niet
2849 1737 2944 1786 en

932 1873 1262 1937 wierden
1306 1842 1913 1915 geprovideert,
1959 1840 2053 1887 in
2098 1832 2333 1885 allen
2378 1820 2752 1876 gevallen
2798 1820 3080 1869 sullen

925 1966 1072 2023 met
1110 1954 1264 2008 die
1311 1936 1648 1997 partije
1693 1928 1888 1980 niet
1935 1918 2321 1971 verlegen
2365 1914 2609 1963 sijn,
2656 1911 2850 1960 maer
2897 1909 3043 1956 tot

917 2032 1384 2102 redelijcke
1431 2027 1756 2076 advance
1803 2022 2082 2072 cunnen
2126 2001 2733 2065 gebeneficeert
2778 2001 3061 2053 werden

940 2128 1056 2178 ten
1092 2118 1400 2172 jnsichte
1436 2112 1590 2161 door
1628 2111 1705 2157 d'
1743 2107 1972 2156 groote
2006 2087 2468 2150 schaersheijt
2504 2082 2583 2130 en
2620 2075 3079 2127 grasserenden

920 2197 1237 2261 hongers
1280 2191 1507 2241 noodt
1549 2187 1822 2238 alomme
1865 2186 2136 2233 langhs
2180 2181 2361 2232 dese
2401 2172 2675 2225 custe,
2720 2172 2810 2217 en
2855 2172 2948 2219 d'

934 2295 1121 2346 noch
1167 2281 1539 2337 weijnige
1586 2272 2053 2326 apparentie
2097 2272 2238 2321 van
2283 2265 2843 2316 veranderinge
2889 2267 3030 2314 ten

917 2380 1171 2442 goeden
1211 2371 1379 2423 voor
1420 2363 1755 2415 Ceijlon,
1795 2357 1922 2407 als
1962 2350 2299 2400 Mallacca
2339 2350 2549 2398 ruijm
2591 2349 2716 2395 500
2757 2346 3055 2397 lasten,

929 2462 1098 2512 ende
1137 2454 1306 2504 voor
1346 2450 1473 2497 ons
1510 2443 1766 2495 alhier
1804 2439 1974 2490 geen
2013 2434 2266 2484 minder
2307 2427 2767 2480 quantiteijt
2808 2425 3018 2472 rijs,

916 2546 1109 2606 omme
1156 2542 1344 2589 alle
1390 2524 2048 2586 extremiteijten
2094 2519 2282 2569 ende
2328 2513 2799 2563 onheijlen,
2844 2511 2988 2560 soo

2940 2580 2962 2626 r

925 2637 1114 2692 veel
1157 2621 1578 2679 mogelijck
1625 2620 1811 2666 voor
1856 2615 1951 2663 te
1996 2608 2278 2660 comen,
2316 2608 2556 2657 desen
2599 2600 2788 2652 ende
2834 2599 2979 2651 p=r

929 2710 1471 2778 aenstaenden
1519 2700 1767 2754 jaere
1815 2697 2111 2744 nodich
2161 2691 2558 2743 oordele,
2600 2687 2850 2742 hebbe
2898 2685 2949 2732 d

929 2804 1241 2875 procure
1283 2798 1373 2847 en
1416 2797 1505 2843 op
1547 2789 1945 2842 samelingh
1986 2781 2121 2833 van
2164 2776 2341 2824 dien
2385 2775 2429 2820 —
2472 2775 2561 2822 d'
2605 2771 3047 2824 oppercoopl

926 2906 1031 2958 in
1079 2887 1439 2946 Sipelij
1485 2881 1642 2933 opt
1689 2874 2050 2927 hoogste
2100 2853 2920 2919 gerecommandeert,

934 2979 1106 3030 ende
1147 2973 1320 3022 voor
1361 2970 1490 3016 als
1533 2968 1662 3015 ons
1703 2961 1919 3013 vand'
1961 2945 2432 3004 apparentien
2470 2925 3031 2989 jnsonderheijt

918 3047 1327 3111 doenelijck
1367 3041 1695 3093 sijnde:)
1732 3044 1856 3091 ons
1895 3038 2140 3087 tegens
2179 3034 2466 3082 octob=r
2506 3031 2711 3078 naest
2749 3021 3035 3078 comende

893 3144 1023 3195 van
1065 3137 1194 3185 150
1227 3133 1279 3181 a
1322 3127 1450 3176 200
1492 3123 1750 3171 lasten
1793 3122 1879 3169 t'
1921 3111 2393 3165 provideren,
2435 3110 2564 3156 opt
2605 3095 3036 3155 spoedighst

881 3228 1018 3280 vre
1061 3216 1334 3270 advijs
1376 3211 1469 3258 te
1513 3206 1785 3255 geven,
1829 3200 2011 3250 omme
2055 3196 2191 3244 ons
2236 3195 2326 3241 In
2371 3192 2462 3239 t'
2507 3187 2687 3235 doen
2731 3177 2959 3231 vande

868 3302 1388 3375 vereijschte
1434 3291 1952 3346 besendinghe
1999 3280 2328 3334 volgens
2373 3270 2563 3323 dien
2609 3267 2704 3315 te
2751 3265 3035 3312 cunnen

862 3395 1321 3461 reguleren,
1365 3388 1550 3439 daer
1595 3383 1734 3432 toe
1779 3379 1917 3427 dan
1963 3377 2193 3425 oocq-
2238 3365 2560 3422 buijten
2605 3358 3020 3409 transport

867 3493 1091 3556 vande
1132 3477 1444 3535 verdere
1487 3468 1842 3520 ladinghe
1884 3462 2327 3511 derwaerts,
2372 3460 2505 3507 die
2547 3458 2725 3505 niet
2769 3458 3037 3506 mind=e

908 3582 1047 3636 als
1091 3580 1182 3626 op
1225 3571 1361 3621 300
1399 3562 1674 3615 lasten
1718 3555 2213 3608 calculeren,
2257 3551 2394 3599 bij
2436 3549 2617 3597 uEd:
2662 3547 2797 3594 ter

943 3657 1499 3724 behoorlijcker
1542 3655 1756 3702 tijt,
1798 3652 1970 3699 tsij
2012 3651 2183 3697 over
2225 3645 2440 3697 desen
2479 3638 2697 3689 wegh,
2738 3637 2867 3685 off
2909 3637 2953 3683 .

903 3764 1045 3814 wel
1091 3747 1565 3807 adroncture
1613 3745 1803 3792 naer
1849 3737 2183 3792 pipelij
2225 3741 2606 3790 bestante
2652 3737 2986 3786 scheeps

888 3842 1201 3906 ruijmte
1245 3840 1379 3886 sal
1423 3839 1692 3886 dienen
1735 3827 2361 3884 geprojecteert,
2405 3828 2585 3876 ende
2627 3830 3030 3879 versorcht

861 4003 998 4069 Bij
1040 4003 1256 4050 desen
1300 4003 1472 4049 gaet
1512 4003 1687 4049 mede
1729 4003 1945 4057 Copie
1986 4008 2118 4056 van
2158 4009 2547 4057 diversche
2590 4011 2936 4062 advijsen

689 4001 777 4069 E

804 3999 830 4046 S

915 4087 1076 4135 ende
1115 4085 1473 4133 pampieren
1512 4083 1672 4131 uijt
1710 4082 1830 4128 s=s
1869 4079 2109 4127 cruijs
2148 4078 2229 4124 d'
2267 4078 2469 4126 gaele
2506 4083 2626 4130 p=r
2664 4081 2785 4127 den
2824 4079 2987 4126 haan

906 4164 1028 4212 aen
1069 4161 1190 4209 mij
1230 4161 1757 4210 g'adresseert,
1794 4164 1958 4212 waer
1999 4164 2121 4209 bij
2160 4164 2323 4216 ued:
2363 4168 2565 4214 onder
2605 4167 2889 4215 anderen

904 4248 1151 4299 tsalvo
1192 4242 1604 4292 arrivement
1645 4241 1851 4289 (godt
1892 4242 2016 4289 sij
2057 4244 2305 4292 losse)
2345 4245 2470 4291 van
2510 4247 2594 4295 d'
2632 4250 2717 4296 E.
2757 4252 2923 4299 heer

0 621 140 670 daer
174 626 320 684 door

0 710 97 755 en

0 786 270 835 ouden

0 971 223 1019 even

0 1067 179 1116 en

0 1330 272 1382 cleen

0 1426 233 1477 belt)

0 1504 299 1552 verschi

0 1585 212 1638 ens

0 1657 258 1709 nde

0 1836 240 1884 d:

85 1910 152 1956 n

12 1920 34 1965 ƒ

0 2004 297 2054 maesla

0 2103 22 2148 e

0 2189 296 2239 t'leder

0 2276 102 2327 en
152 2274 259 2320 sr

0 2371 94 2421 op
139 2357 280 2411 den

0 2448 274 2502 hten

0 2533 293 2582 gedaene

0 2631 240 2678 sijn

62 2717 156 2763 bij

167 2997 256 3043 ten

0 3108 24 3154 0

180 3428 257 3473 aele

0 3595 31 3642 4

191 4123 258 4171 van
