3587 4883
783 166 1065 225 decemb.
1103 164 1185 211 o.
1226 165 1349 213 645

1246 403 1364 450 ofte
1389 398 1566 445 onmin,
1595 398 1770 443 sonder
1797 395 1972 444 eenigh
2001 394 2147 442 debat
2175 398 2292 445 meer
2316 396 2378 445 te
2407 396 2581 442 willen
2610 396 2842 443 verstaen
2871 396 2958 442 wat
2986 396 3074 441 had
3103 396 3163 442 de
3190 398 3313 449 sigh

1245 528 1397 577 aende
1426 518 1788 572 Nederlanders
1818 517 2179 564 frequentatie
2206 514 2420 562 gelegen
2450 515 2510 561 te
2540 515 2721 562 laten,
2749 515 2841 562 als
2870 514 2962 560 hem
2991 513 3112 558 door
3142 513 3358 561 deselve

1231 647 1363 700 niet
1394 642 1526 692 alle
1556 636 1850 686 vranheden
1882 636 1947 681 in
1979 635 2271 682 overvloet
2303 631 2855 680 gesondemobierden,
2887 632 2985 679 dat
3016 630 3114 676 dan
3147 630 3277 677 nogh
3308 632 3407 680 met

1243 768 1376 815 syde
1409 761 1741 813 betaelden;
1770 757 2071 808 hoedanigh
2102 756 2269 804 tegen
2302 756 2401 801 dit
2434 755 2566 801 alle
2599 751 2732 799 onse
2764 749 2996 799 redenen
3029 754 3395 815 inbrachten,

1246 881 1429 929 mochte
1456 879 1549 927 het
1580 876 1702 924 niet
1731 877 1945 927 helpen,
1973 882 2126 929 sulcx
2156 882 2339 930 sonder
2369 880 2460 926 hem
2489 878 2642 924 weder
2671 876 2733 922 te
2763 873 3037 919 begroeten
3066 873 3370 929 thuyswarts

1238 1017 1414 1068 mosten
1443 1015 1588 1061 gaen,
1617 1015 1705 1060 tot
1734 1014 1792 1060 de
1820 1012 2172 1059 schepenboven
2199 1013 2404 1060 quamen,
2431 1010 2520 1057 als
2548 1008 2753 1055 wanneer
2780 1007 2869 1052 ons
2898 1006 3044 1052 weder
3073 1005 3337 1052 ontbieden

1244 1107 1302 1153 w

1226 1155 1343 1207 ende
1368 1150 1457 1198 een
1484 1147 1658 1195 eijnde
1685 1147 1771 1193 van
1800 1143 2286 1192 sakenmakensouden,
2315 1139 2487 1188 willen
2515 1135 2630 1184 alle
2657 1130 2887 1179 Sarassen
2916 1130 3031 1176 ende
3057 1127 3318 1179 moerissen

1234 1280 1436 1333 hebben,
1460 1277 1549 1326 soo
1576 1274 1662 1320 wel
1690 1273 1776 1318 die
1803 1272 1974 1318 ondert
2001 1271 2201 1318 Scheeps
2229 1269 2371 1316 volcq
2398 1266 2485 1314 als
2513 1265 2598 1311 bij
2626 1263 2683 1309 de
2711 1259 2882 1308 Comp:e
2910 1256 3024 1304 moch
3052 1256 3109 1301 te
3136 1253 3281 1300 wesen

1246 1410 1361 1459 daer
1389 1407 1474 1454 toe
1502 1406 1785 1452 belooffden
1813 1406 1898 1453 ons
1926 1405 2209 1453 uijtterste
2236 1399 2492 1449 debvoiren
2519 1398 2576 1444 te
2604 1394 3000 1444 contribueeren,
3027 1390 3113 1438 met
3140 1387 3368 1435 versoeck

1223 1544 1374 1598 „sigh
1401 1541 1491 1588 dan
1520 1538 1608 1586 met
1637 1538 1696 1583 de
1725 1538 1785 1584 25
1813 1540 1989 1587 kisten
2019 1538 2166 1585 wilde
2194 1535 2518 1583 contenteren
2547 1534 2694 1580 laten
2723 1533 2841 1580 daer
2869 1528 3369 1579 weijnighanwboordt

1249 1681 1309 1726 op
1338 1674 1606 1725 bequamen,
1635 1672 1754 1718 ende
1784 1672 1874 1717 van
1903 1671 2052 1716 onsen
2081 1672 2260 1719 Capado
2289 1671 2528 1718 affschen
2557 1671 2795 1718 scrijgen
2824 1670 2914 1716 ter
2944 1670 3334 1726 logiekeerden,

1238 1814 1360 1863 daer
1390 1811 1602 1858 gekomen
1632 1809 1845 1856 sijnde,
1874 1807 1966 1853 den
1996 1805 2177 1853 Jongen
2207 1805 2420 1853 Coningh
2449 1807 2571 1853 door
2600 1805 2692 1852 den
2722 1800 3238 1850 Tolcqvragenlieten

1252 1951 1468 2005 wanneer
1497 1949 1560 1995 't
1590 1946 1897 1995 hemgelegen
1925 1941 2081 1991 comen
2111 1938 2265 1986 soude
2295 1934 2449 1982 onsen
2480 1933 2664 1980 pesoon
2695 1933 2787 1979 met
2817 1931 2879 1978 de
2909 1928 3126 1975 gewoone
3155 1928 3377 1977 Sombaij

1257 2088 1318 2135 te
1345 2083 1616 2132 verthonen
1645 2081 1736 2127 dat
1765 2075 2094 2126 tegenmorgen
2121 2068 2303 2120 vroegh
2332 2065 2631 2112 bestemden,
2660 2066 2810 2112 sulcx
2839 2064 2989 2110 desen
3018 2063 3138 2110 dagh
3168 2059 3288 2107 hier

1244 2216 1365 2263 mede
1393 2215 1725 2263 passeerden,
1754 2216 1845 2262 met
1875 2212 2115 2261 versoecq
2145 2211 2235 2257 van
2264 2208 2415 2256 veele
2444 2201 2686 2252 Coopl.nk
2715 2198 2836 2245 dier
2864 2195 2986 2242 haer
3015 2196 3137 2243 over
3165 2197 3286 2243 onse

1255 2349 1483 2397 compste
1515 2345 1937 2394 dapperschenen
1969 2346 2035 2392 te
2067 2342 2392 2390 verblijden

844 2495 879 2541 N
912 2493 1014 2539 dij
1046 2491 1182 2539 18:e
1215 2489 1317 2534 d:o
1349 2488 1755 2537 voormiddaghs
1788 2489 1923 2535 laet
1957 2489 2092 2534 sijn
2123 2486 2260 2534 gem:
2292 2473 2496 2530 Ex=tie
2529 2473 2697 2522 weten
2731 2475 2967 2522 opheden
3000 2478 3135 2524 over
3169 2477 3371 2526 eenige

1252 2621 1402 2671 saken
1430 2617 1521 2665 met
1551 2616 1641 2662 syn
1671 2614 1820 2661 vader
1849 2612 1969 2658 inde
1999 2612 2178 2658 doelen
2207 2606 2566 2657 besoigneerde
2595 2603 2715 2650 was,
2744 2602 2864 2648 ende
2894 2601 3194 2650 dierhalven
3222 2606 3342 2653 geen

1254 2743 1569 2798 gelegenth:t
1598 2736 1998 2788 presenteerden,
2025 2734 2142 2781 voor
2169 2734 2341 2780 morgen
2369 2734 2455 2779 hem
2483 2733 2541 2778 te
2569 2727 2856 2778 begroeten,
2883 2726 3027 2772 sulcx
3054 2723 3200 2770 desen
3226 2725 3345 2774 dagh

1247 2883 1425 2938 sonder
1453 2878 1629 2927 anders
1658 2874 1776 2923 ijts
1804 2869 1921 2917 voor
1949 2866 2184 2916 tevallen
2212 2870 2505 2919 passeerden
2534 2870 2651 2918 niet
2680 2867 2855 2915 sonder
2883 2862 3205 2911 beduchtinge
3235 2859 3323 2908 dat

1263 3015 1351 3064 d:o
1379 3004 1642 3057 besoignes
1670 3001 1759 3048 wel
1787 2998 1992 3046 mochten
2020 2998 2168 3044 wesen
2196 3000 2313 3046 over
2342 3001 2401 3047 't
2429 3002 2692 3051 voirderen
2721 3003 2809 3050 off
2837 3002 2896 3048 te
2925 3001 3217 3049 affdringen
3246 3004 3340 3055 van

1259 3134 1494 3183 meerder
1527 3133 1695 3179 gelt,
1728 3133 1828 3179 dat
1861 3131 2063 3179 metter
2095 3129 2197 3175 tyt
2229 3128 2398 3175 staen
2430 3130 2498 3176 te
2530 3131 2802 3182 vernemen

922 3302 1066 3352 Udin
1101 3301 1245 3347 19:e
1279 3299 1389 3348 d:o
1422 3299 1460 3345 s
1490 3287 1746 3342 morgens
1781 3285 1925 3331 doet
1960 3284 2068 3330 ons
2104 3284 2212 3330 des
2246 3281 2463 3328 Jongen
2498 3283 2785 3330 Coninghs
2821 3284 3074 3334 grooten
3108 3287 3325 3336 Capado

1253 3416 1593 3468 ontbieden,
1625 3412 1695 3461 te
1728 3409 1898 3456 wiens
1929 3405 2135 3456 huijse
2168 3404 2406 3452 comende
2440 3404 2847 3454 vandenselven
2881 3409 2983 3455 met
3016 3410 3186 3456 eeten
3220 3405 3355 3456 ende

1253 3544 1520 3597 drincken
1553 3539 1686 3589 seer
1717 3534 2018 3584 minnelijk
2051 3537 2184 3583 ende
2217 3538 2317 3585 wel
2350 3538 2617 3587 onthaelt
2649 3542 2883 3589 wierden
2915 3545 3182 3594 houdende
3214 3549 3317 3597 ons

1256 3683 1449 3730 aldaer
1480 3682 1578 3727 soo
1609 3677 1835 3727 eynigen
1866 3674 1996 3721 tijt
2026 3674 2542 3727 g'accompaigneert
2574 3682 2671 3728 tot
2700 3678 2831 3725 sijn
2861 3675 3056 3725 Ex=tie
3087 3678 3318 3729 gegeten

1256 3820 1450 3870 hadde,
1481 3820 1578 3866 als
1608 3813 1833 3864 wanneer
1865 3812 1961 3858 ons
1992 3813 2120 3858 voor
2151 3810 2248 3857 hem
2280 3810 2505 3858 bracht,
2535 3814 2663 3860 daer
2695 3813 2951 3860 nagedane
2982 3810 3366 3859 costuymelijk

2948 3951 2989 4000 2
3013 3940 3387 4004 neverentae
