3642 4883
1190 737 1243 783 An
1265 732 1319 780 13
1341 725 1421 776 tot
1445 722 1497 769 16
1522 721 1549 766 d
1574 722 1600 767 o
1625 723 1702 768 iet
1727 724 2060 771 remarcquabels
2084 727 2372 782 voogevallen

1176 876 1226 925 An
1245 870 1296 919 17
1316 865 1366 913 d.
1388 863 1412 909 o
1435 864 1693 910 verschijnen
1714 866 1879 915 omtrent
1901 870 2159 921 palluacatta
2181 877 2275 924 doch
2297 879 2415 927 meest
2437 883 2601 930 buijten
2624 885 2764 931 schoot
2787 885 2858 932 een
2880 887 3067 935 geseelte
3090 890 3160 935 van
3183 890 3373 940 maleijes

1361 970 1498 1017 volcq,
1519 968 1703 1017 werpende
1726 968 1863 1014 eenige
1886 969 2137 1016 vierwercken
2159 971 2297 1018 naerd'
2319 973 2456 1021 stadt,
2478 976 2548 1024 die
2569 979 2662 1028 geen
2684 983 2958 1031 schadededen,
2981 986 3118 1032 souden
3140 984 3300 1031 partije

1354 1076 1426 1125 van
1447 1073 1658 1119 onsepions
1680 1072 1913 1120 derwaerts,
1935 1072 2028 1118 omme
2052 1072 2098 1117 te
2121 1072 2330 1118 besoecken
2353 1073 2424 1118 oft
2446 1073 2493 1119 op
2515 1073 2609 1119 haer
2631 1075 2771 1120 eenich
2794 1075 2980 1121 voordeel
3002 1076 3142 1122 conden
3164 1074 3334 1124 begaen,

1347 1173 1543 1225 hebbende
1567 1172 1664 1218 haer
1688 1171 1883 1218 sodanich
1907 1172 2247 1220 gerencontreert
2270 1175 2343 1221 dat
2368 1175 2441 1221 den
2465 1174 2611 1220 vyandt
2634 1175 2756 1221 drije
2780 1176 2950 1222 dooden,
2974 1176 3022 1221 en
3047 1176 3096 1222 5.
3118 1176 3144 1222 a
3168 1175 3193 1221 6
3216 1176 3459 1226 gequetsten

1338 1272 1502 1326 becomen
1525 1270 1663 1317 heeft,
1685 1271 1824 1318 sijnde
1847 1272 1916 1317 van
1939 1272 2100 1318 gemelte
2123 1272 2215 1317 onse
2238 1272 2352 1318 pions
2375 1273 2467 1319 niet
2490 1274 2582 1319 meer
2605 1274 2675 1321 als
2697 1275 2767 1321 een
2789 1276 2836 1322 in
2858 1276 2951 1323 syjn
2973 1276 3065 1322 been
3088 1274 3157 1321 met
3180 1273 3249 1318 een
3269 1273 3301 1318 —

1346 1379 1507 1427 musquet
1530 1376 1644 1424 cogel
1666 1375 1828 1421 getreft
1851 1376 2057 1422 geworden,
2080 1376 2173 1422 doch
2195 1377 2264 1422 sal
2286 1376 2379 1423 daer
2401 1378 2494 1424 gand
2516 1377 2563 1423 ts
2585 1378 2677 1423 geen
2700 1376 2838 1423 leteel
2860 1376 2953 1422 oven
2975 1375 3138 1422 hebben,

1125 1513 1184 1565 An
1206 1506 1263 1555 18
1288 1501 1369 1549 tot
1395 1500 1449 1545 21
1475 1497 1556 1544 8o.
1581 1495 1688 1541 niet
1715 1492 2008 1540 sonderlingh
2034 1491 2354 1539 voorgevallen

1139 1666 1209 1712 Aen
1230 1663 1278 1709 22
1299 1660 1348 1708 d.
1369 1658 1395 1704 o
1414 1651 1556 1701 werdt.
1579 1650 1649 1696 ous
1671 1649 1765 1695 door
1788 1650 2113 1697 letchemaneijck
2135 1650 2206 1696 ter
2228 1649 2369 1695 handen
2391 1651 2576 1696 gesteldt
2600 1651 2762 1698 seecker
2785 1652 2855 1698 ole
2877 1650 2971 1696 door
2992 1648 3087 1696 sijn
3109 1646 3275 1694 dienaer

1344 1757 1475 1808 Mouta
1500 1754 1578 1801 aen
1603 1751 1682 1799 hem
1707 1751 2069 1797 letchemaneijck
2095 1750 2147 1796 in
2172 1750 2276 1795 dato
2301 1750 2353 1796 19
2378 1750 2560 1797 october
2585 1751 2689 1797 1645
2715 1747 2948 1797 gescheven
2973 1748 3076 1794 uijt
3102 1745 3367 1794 maerapacke

1342 1857 1587 1908 luijdende
1614 1855 1804 1902 d'selve
1830 1853 1940 1900 naer
1965 1853 2209 1901 Trenslaet
2237 1853 2318 1898 als
2345 1851 2508 1900 Volght

1333 2002 1475 2054 Naer
1510 2001 1617 2047 dat
1651 2000 1758 2046 ick
1793 1998 2077 2045 licentie
2111 1999 2359 2046 genomen
2395 2001 2572 2049 hadde
2606 2004 2713 2050 van
2748 2005 2819 2050 uE
2854 2004 2960 2051 Als
2996 1998 3208 2049 vanden
3241 1990 3349 2040 H„r

1372 2103 1637 2162 Gouverneur
1662 2104 1740 2149 ome
1765 2105 1870 2151 naer
1894 2105 2154 2151 poulechera
2179 2105 2231 2151 te
2256 2104 2387 2150 gaen,
2412 2104 2542 2151 hebbe
2567 2103 2619 2148 is
2644 2102 2697 2148 en
2722 2103 2853 2150 Weghn
2878 2106 3059 2153 gehoort
3084 2106 3137 2152 In
3162 2103 3423 2151 sadrapatam

1324 2210 1444 2262 onsen
1467 2207 1538 2254 die
1560 2205 1655 2251 naer
1678 2205 1889 2253 Sergobalt
1913 2208 1984 2253 het
2006 2208 2124 2254 volcq
2147 2208 2217 2255 van
2241 2210 2405 2257 maleija
2428 2212 2499 2257 hem
2522 2211 2663 2257 hadden
2686 2211 2875 2258 gevangen
2897 2213 3085 2261 genomen,
3108 2215 3202 2261 ende
3225 2215 3296 2261 't'
3319 2212 3414 2260 goet

1317 2319 1392 2364 als
1416 2317 1541 2363 geldt
1565 2316 1765 2362 onderhem
1789 2317 1964 2364 bijnde,
1989 2319 2064 2365 met
2088 2320 2263 2368 geweedt
2287 2323 2511 2370 geroofft,
2535 2323 2636 2369 oocq
2660 2322 2710 2368 in
2735 2322 2960 2368 Allenbrue
2983 2320 3233 2368 Nareijnepa
3256 2318 3332 2364 als

1320 2425 1546 2477 allegappa
1571 2422 1797 2469 modelier,
1821 2423 1922 2469 wegh
1947 2423 2172 2470 gejaeght,
2196 2422 2297 2468 ende
2322 2422 2372 2467 d'
2397 2422 2598 2468 goederen
2623 2423 2698 2468 als
2723 2423 2898 2469 arreecq
2923 2418 3124 2468 solpher,
3148 2419 3326 2466 thamper
3348 2423 3406 2476 Ea

1312 2527 1546 2577 verkoght,
1571 2526 1676 2572 ende
1701 2525 1754 2571 te
1778 2525 1910 2571 gelde
1933 2524 2143 2571 gemaeckt
2167 2524 2221 2570 en
2246 2524 2298 2570 8'
2323 2524 2480 2571 Cleden
2505 2527 2583 2572 van
2608 2523 2868 2571 Poulechera
2894 2518 3127 2568 Chammero,
3153 2515 3439 2563 elledamoere

1314 2640 1394 2691 (de
1417 2631 1650 2684 persoonen
1675 2629 1753 2676 die
1778 2627 1830 2673 in
1854 2625 2009 2671 handen
2032 2622 2188 2670 hebben
2214 2622 2317 2667 veel
2342 2622 2574 2669 tormenten
2599 2625 2856 2672 aengedaen)
2880 2626 2984 2673 naer
3008 2624 3291 2671 Tegenepatam
3317 2620 3344 2669 —

1302 2740 1530 2791 gebraght,
1555 2738 1656 2785 ende
1681 2736 1757 2782 den
1781 2734 2009 2780 schrijver
2033 2733 2210 2783 Allatij
2235 2738 2336 2784 seer
2361 2739 2613 2786 geslaegen,
2638 2740 2739 2786 sijn
2764 2739 2965 2785 provisie
2990 2738 3066 2784 als
3090 2737 3167 2782 Vee
3192 2735 3269 2782 hem

1304 2844 1521 2895 afhandich
1544 2841 1761 2888 gemaeckt,
1785 2841 1881 2886 over
1904 2840 1977 2886 all
2001 2837 2146 2884 daerse
2170 2837 2315 2883 eenich
2338 2839 2458 2884 volcq
2482 2839 2555 2884 van
2577 2837 2603 2883 u
2626 2836 2771 2881 Cunnen
2795 2835 2963 2881 Crijgen
2987 2836 3060 2881 die
3083 2833 3324 2880 geschieden

1296 2949 1448 3002 groote
1473 2947 1672 2993 overlast
1695 2945 1846 2991 hierom
1869 2944 1920 2990 en
1945 2942 2070 2989 hebbe
2093 2941 2194 2987 naer
2219 2941 2468 2987 poulechera
2492 2939 2592 2986 niet
2615 2937 2766 2984 cunnen
2790 2936 2990 2982 seijlen,
3013 2936 3114 2982 maer
3138 2933 3288 2980 mijnen

1285 3055 1387 3104 wegh
1412 3051 1514 3099 door
1538 3046 1820 3096 Cansjewaron
1844 3044 1922 3091 tot
1947 3043 2126 3089 inwande
2151 3043 2228 3089 Was
2252 3043 2457 3089 genomen,
2482 3043 2686 3089 hebbende
2711 3042 2814 3088 oocq
2839 3042 3043 3090 Vernomen
3067 3043 3273 3089 syluyden

1298 3161 1358 3207 in
1387 3152 1656 3206 Allenbrie
1685 3149 1864 3196 Vanden
1894 3147 2192 3194 Gouverneur
2221 3146 2312 3192 200
2342 3145 2551 3191 Ammanam
2580 3145 2789 3192 arreecq
2818 3145 2850 3192 2
2877 3145 3117 3191 stoffen,
3147 3145 3236 3192 een

1286 3263 1477 3318 spiegel
1502 3259 1585 3308 100
1611 3254 1800 3303 pagoden
1827 3252 2015 3299 Contant
2042 3251 2204 3297 hebben
2230 3250 2526 3296 aengeslegen
2553 3251 2661 3298 doch
2688 3253 2769 3299 nes
2795 3252 3092 3299 Verhandelt,
3118 3252 3175 3300 In

1273 3361 1535 3416 Wadrepacke
1561 3358 1691 3405 arnij
1717 3358 1770 3403 E.
1796 3358 1848 3403 Is
1874 3357 1926 3404 nu
1951 3353 2264 3401 medelicentie
2290 3353 2370 3400 (de
2394 3355 2603 3401 goederen
2629 3356 2708 3402 van
2733 3357 3019 3404 Palliacatta
3046 3358 3125 3405 aen
3148 3359 3202 3406 te
3227 3357 3358 3403 slaen

1290 3466 1392 3516 ende
1415 3462 1516 3510 wegh
1539 3458 1765 3506 tevoegen,
1790 3455 1890 3503 omme
1914 3455 1964 3500 't
1989 3455 2114 3500 welcq
2138 3455 2213 3501 int
2237 3455 2363 3503 wercq
2387 3456 2437 3502 te
2461 3454 2636 3501 stellen
2660 3453 2761 3499 sijn
2786 3453 2960 3499 gecomen
2985 3453 3060 3498 een
3085 3453 3261 3501 dienaer

1281 3567 1442 3617 vanden
1468 3561 1654 3611 Coninck
1680 3559 1760 3605 Een
1786 3558 1866 3604 van
1892 3556 2237 3603 kistapaneijck
2264 3556 2344 3601 een
2370 3556 2450 3602 van
2476 3556 2741 3603 Babalachan
2767 3557 2821 3602 en
2847 3557 2927 3603 een
2953 3558 3139 3604 dienaer
3165 3557 3245 3602 Van

1274 3675 1473 3731 Maleije
1499 3670 1698 3719 genoemt
1725 3669 1951 3717 Wieragua
1979 3669 2262 3716 Modeliare.
2290 3670 2375 3715 met
2403 3670 2459 3715 40
2486 3669 2600 3715 ions
2628 3668 2685 3713 en
2713 3668 2882 3714 hebben
2911 3669 2967 3714 so
2995 3669 3080 3715 vel
3108 3671 3336 3720 molesten

1272 3794 1327 3841 d'
1353 3787 1625 3838 onderdanen
1652 3785 1923 3832 aengedaen,
1948 3784 2031 3830 dat
2056 3781 2112 3828 sy
2138 3780 2194 3826 te
2220 3781 2356 3829 weten
2382 3784 2465 3832 die
2491 3787 2572 3832 Van
2599 3784 2870 3832 madrapacke
2896 3784 3005 3830 ende
3032 3783 3168 3829 arnij
3193 3782 3304 3829 alle

1267 3910 1449 3960 geweven
1474 3907 1603 3955 goedt
1629 3907 1784 3953 hebben
1809 3907 1965 3954 moeten
1990 3909 2248 3958 overgeven,
2274 3911 2325 3956 d'
2351 3909 2584 3956 schilders
2608 3908 2686 3953 van
2712 3906 2842 3953 arnij
2866 3905 2919 3950 en
2944 3904 3125 3950 Ponerij
3151 3904 3180 3950 —

1258 4030 1411 4083 hebben
1436 4029 1536 4075 niet
1560 4023 1862 4073 Iegenstaende
1886 4024 1987 4070 haer
2012 4025 2113 4072 Vere
2137 4028 2438 4074 dreygementen
2463 4029 2513 4074 Is
2538 4028 2788 4074 aengedaen)
2812 4027 2863 4073 't
2888 4025 3189 4072 geschilderde
3214 4026 3314 4071 noch

1258 4142 1371 4188 niet
1398 4135 1709 4186 gelargeert,
1736 4135 1877 4182 maerd
1904 4133 2046 4180 Wijle
2073 4131 2186 4177 haer
2214 4132 2355 4179 groot
2382 4134 2580 4180 geweldt
2607 4134 2861 4181 aengedaen
2889 4135 3030 4182 Wort,
3057 4134 3201 4182 weete

921 562 1225 614 octobr.
1265 570 1439 619 Anno
1480 574 1655 627 1645

3063 4239 3217 4285 niet
