3703 4828
1377 652 1648 702 aengeweest
1674 656 1756 701 soo
1783 656 1946 702 seggen
1973 657 2136 705 waters
2162 659 2352 706 halven,
2379 659 2597 706 d'aertoe
2623 657 2896 704 benodight,
2921 659 3003 705 van
3030 659 3220 704 waerden
3246 659 3329 707 19.
3355 663 3389 710 '

1368 749 1622 801 september
1649 748 1791 793 weder
1819 747 2129 794 vertrooken,
2158 749 2242 794 met
2270 749 2328 795 d.
2355 752 2383 797 o
2411 752 2552 797 Jacht
2580 751 2694 798 quam
2720 747 2891 795 tiding
2919 747 3061 794 hoed'
3088 747 3371 796 portugesen

1361 846 1457 898 hun
1487 837 2016 890 ondervrundtschaps
2045 835 2232 884 schijn
2263 833 2419 880 vande
2449 828 2729 877 sterckste
2759 826 2946 873 plaets
2977 828 3039 873 en
3070 827 3256 874 Brasie
3287 826 3318 872 —

1364 944 1609 1001 genoempt
1639 939 1761 988 Cabo
1789 936 1851 983 d'
1881 934 1942 981 8.
1970 930 2244 981 Augustijn
2272 927 2365 975 bij
2394 922 2638 972 verraedt
2668 915 2880 966 meester
2910 914 3183 960 gemaeckt,
3213 915 3307 964 end

1364 1051 1538 1101 voorts
1565 1049 1681 1095 alle
1709 1047 1881 1095 platte
1908 1043 2081 1091 landen
2109 1038 2396 1087 afgeloopen
2424 1033 2597 1083 hadden
2623 1030 2682 1077 Ia
2710 1022 3083 1074 phernamboucke
3111 1021 3255 1067 selfs
3281 1023 3399 1073 seer

1362 1162 1516 1214 vlauw
1547 1160 1820 1207 belegert,
1849 1158 1972 1204 niet
2001 1153 2305 1202 tegenstaen
2335 1151 2397 1198 't
2426 1144 2699 1195 gemaeckte
2728 1139 2973 1189 contract
3001 1135 3094 1182 van
3123 1129 3398 1180 bestandt,

1376 1272 1634 1320 Ingevolge
1661 1271 1834 1317 Waeren
1862 1272 1919 1317 op
1948 1268 2063 1317 Bat.
2090 1268 2123 1315 a
2143 1267 2262 1318 mede
2290 1266 2349 1312 d'
2375 1262 2605 1312 Heeresij
2634 1257 2863 1307 gedanckt
2891 1255 2977 1302 den
3004 1252 3092 1299 27.
3119 1250 3178 1296 en
3204 1246 3350 1294 april

1358 1390 1473 1436 ende
1501 1389 1560 1434 6.
1588 1388 1618 1433 e
1645 1386 1762 1432 meij
1789 1383 1877 1430 met
1905 1379 2107 1427 gesondt
2136 1378 2280 1424 volcq
2307 1376 2395 1423 uyt
2423 1375 2482 1421 't
2510 1371 2683 1419 patric
2712 1368 2799 1415 wel
2827 1363 3116 1413 aengecomen
3144 1365 3202 1410 't
3229 1364 3375 1411 schip
3402 1361 3433 1409 —

1345 1497 1573 1551 Mallacca
1600 1496 1715 1542 ende
1743 1495 1800 1541 't
1828 1494 1970 1540 Jacht
1998 1491 2084 1538 den
2111 1488 2282 1536 seerob
2310 1488 2395 1533 den
2423 1488 2481 1535 9.
2509 1489 2708 1536 october
2735 1487 2793 1533 a.
2821 1487 2849 1532 o
2878 1485 3076 1532 passado
3104 1482 3218 1530 uijt
3246 1477 3389 1526 texel

1343 1612 1556 1665 geloopen
1581 1608 1818 1656 brengende
1843 1605 2054 1652 tijdinge
2079 1606 2133 1652 d'
2158 1607 2211 1652 H.
2237 1607 2263 1652 r
2289 1606 2447 1654 Croocq
2473 1609 2552 1654 met
2577 1610 2683 1656 sijn
2708 1610 2840 1656 vlote
2865 1609 2919 1655 24
2944 1606 3076 1653 Julij
3102 1607 3155 1653 a.
3179 1606 3207 1652 o
3232 1603 3338 1650 1645
3363 1603 3393 1650 —

1357 1738 1412 1784 In
1437 1731 1706 1782 onselanden
1731 1726 1947 1775 behouden
1973 1724 2134 1771 waeren
2161 1724 2456 1771 aengecomen,
2481 1726 2590 1773 doch
2615 1725 2830 1773 slechten
2856 1722 2991 1769 prijs
3017 1721 3098 1767 der
3124 1709 3447 1766 aengebraghte

1349 1856 1600 1910 goederen,
1625 1851 1849 1901 vermidts
1875 1849 1931 1896 d'
1959 1847 2124 1894 swaere
2152 1847 2373 1893 oorlogen
2400 1848 2566 1894 naerde
2593 1849 2649 1894 te
2676 1848 2842 1894 volgen
2869 1844 3035 1893 herbst
3062 1843 3274 1892 schepen

1350 1969 1510 2018 wierdt
1537 1964 1752 2014 dagelicx
1778 1961 2073 2010 uijtgesien,
2098 1962 2339 2011 bestaende
2366 1966 2420 2011 in
2446 1965 2500 2010 16
2525 1962 2634 2010 str.
2660 1962 2740 2008 soo
2766 1962 2847 2008 dat
2874 1962 2928 2009 d'
2954 1961 3302 2009 g'arresteerde

1351 2085 1611 2133 equipagie
1639 2085 1784 2130 soude
1813 2085 2015 2131 bestaen
2044 2086 2102 2131 in
2131 2085 2189 2131 18
2217 2084 2419 2130 schepen
2448 2083 2535 2129 soo
2563 2083 2795 2130 fluijten
2823 2084 2910 2131 als
2939 2084 3141 2131 dachten
3169 2079 3374 2129 gemandt

1344 2201 1439 2249 met
1468 2197 1594 2245 3600
1625 2196 1812 2243 Coppen
1842 2193 2092 2241 daermede
2122 2193 2185 2239 te
2217 2194 2529 2242 verwachten
2559 2198 2746 2244 stondt
2777 2200 2839 2245 10
2870 2196 3057 2245 tonnen
3088 2195 3244 2242 goudt
3274 2197 3309 2245 —

1340 2313 1400 2359 en
1426 2305 1632 2356 Consant
1660 2304 1748 2350 als
1776 2302 1835 2348 d'
1864 2302 2126 2349 geijschte
2154 2304 2416 2350 Coopmansz
2444 2302 2707 2350 Ammonitie
2735 2303 2824 2349 van
2852 2304 3055 2350 orlogpt
3084 2300 3288 2350 prvisie
3316 2299 3435 2346 etc.

1324 2490 1426 2545 Tot
1458 2474 1759 2530 cruijssen
1791 2472 1859 2519 op
1892 2472 1959 2518 d'
1993 2473 2294 2519 spaensche
2327 2473 2762 2522 silverschepen
2795 2475 2930 2522 uijt
2963 2475 3097 2521 aqua
3130 2474 3299 2520 pulco
3330 2475 3365 2521 —

1351 2592 1578 2648 Comende,
1605 2591 1662 2637 d'
1690 2588 1802 2637 Baij
1828 2587 2054 2633 maniljas
2082 2587 2138 2633 te
2166 2584 2446 2633 besluijten
2473 2584 2530 2631 d'
2558 2585 2810 2631 Chineesse
2838 2586 3062 2632 Soncquen
3089 2581 3370 2630 derwaerdts
3398 2579 3427 2627 —

1335 2701 1594 2751 navigeren
1621 2699 1680 2745 t'
1708 2697 2023 2745 attrapweren
2051 2698 2080 2743 (
2108 2698 2195 2743 oft
2222 2697 2453 2744 beletten
2480 2700 2567 2746 als
2595 2701 2767 2747 voordt
2794 2700 2853 2746 't
2880 2698 3082 2745 geheele
3110 2697 3339 2744 Eijlandt
3367 2697 3398 2743 —

1324 2809 1542 2857 Luconca
1572 2805 1853 2853 doorgaens
1883 2804 2070 2851 beseth
2098 2804 2163 2851 't
2193 2802 2411 2849 thouden
2442 2804 2629 2850 hebben
2659 2806 2783 2853 haer
2813 2806 2908 2852 Ed:
2937 2808 2969 2854 s
2998 2805 3062 2853 op
3093 2805 3155 2850 15
3185 2805 3343 2855 meert

1331 2921 1601 2972 voorleden
1631 2917 1931 2966 derwaerdts
1961 2915 2260 2962 uijtgeseth
2290 2913 2500 2960 onder't
2530 2913 2800 2960 Commpando
2829 2915 3010 2961 vanden
3039 2915 3338 2969 Commandeur

1326 3033 1506 3085 Marten
1536 3029 1807 3077 Gerritsen
1834 3029 1867 3075 &
1896 3027 2047 3075 Vries
2076 3028 2287 3074 versien
2317 3029 2408 3075 met
2437 3030 2798 3076 behoorlijcke
2827 3027 3158 3076 Instructie,
3187 3024 3249 3072 de

1326 3137 1582 3186 volgende
1613 3136 1836 3183 schepen
1868 3138 2122 3184 fluijten
2153 3138 2250 3184 als
2281 3140 2537 3191 Iachten,
2566 3148 2759 3196 wesel,
2789 3145 3012 3197 snoecq,
3043 3144 3362 3193 Heemskerck

1317 3249 1653 3300 luijpaert,
1685 3247 1920 3296 Joncker
1952 3246 2220 3293 Breskers
2253 3247 2387 3294 ende
2420 3249 2488 3295 't
2520 3251 2655 3298 quel
2687 3253 2721 3300 s
2754 3251 2955 3301 Visser
2988 3246 3222 3296 gemanel
3254 3243 3356 3290 met

1324 3359 1417 3414 700
1443 3363 1628 3415 Coppen
1656 3359 1779 3407 ende
1808 3356 1991 3403 bleven
2020 3355 2142 3400 haer
2172 3355 2384 3401 gemelte
2414 3357 2535 3405 Ed:s
2564 3358 2868 3404 voornemens
2898 3357 2989 3403 tot
3019 3347 3413 3402 versterckinge

1318 3476 1397 3524 van
1422 3473 1605 3520 deselve
1631 3471 1761 3518 alsoo
1787 3471 1969 3517 d'swecq
1995 3472 2099 3517 ende
2125 3472 2308 3518 soucker
2333 3473 2412 3519 van
2437 3474 2542 3521 daer
2567 3477 2671 3524 naer
2697 3479 2879 3525 Tayouan
2905 3478 3009 3524 sijn
3035 3472 3347 3523 g'ordonneert

1290 3585 1544 3639 „derwaerd
1569 3582 1627 3628 to
1654 3581 1768 3627 noch
1795 3580 1965 3626 uijtte
1992 3582 2161 3629 setten
2188 3585 2442 3635 d'schepen
2469 3591 2806 3640 Herderwijck,
2833 3587 3171 3636 Middelburch,
3199 3587 3367 3636 Arent,

1312 3701 1430 3748 ende
1458 3691 1779 3745 Reijnsburgh
1807 3690 1895 3735 als
1923 3689 2129 3735 wanneer
2157 3690 2420 3742 vertrouwt
2448 3698 2624 3747 wierdt
2651 3700 2885 3749 bestandt
2913 3698 3089 3744 sullen
3116 3698 3263 3744 Wesen
3291 3699 3321 3747 —

1311 3804 1391 3850 den
1417 3800 1578 3849 vyandt
1604 3798 1685 3844 bij
1711 3795 1953 3842 uytcomste
1979 3797 2034 3843 't
2059 3799 2193 3847 hooft
2219 3802 2275 3848 te
2299 3804 2461 3850 bieden
2486 3806 2567 3851 den
2593 3807 2727 3853 gever
2754 3806 2888 3853 alles
2913 3805 3074 3852 goedts
3101 3804 3262 3852 geluve
3287 3802 3397 3849 haer

1310 3917 1363 3965 te
1385 3909 1689 3960 begenoedigen
1714 3907 1815 3954 ende
1840 3907 1891 3952 te
1916 3907 2143 3957 verleenen
2167 3912 2244 3958 dat
2268 3914 2344 3961 hun
2368 3913 2645 3959 desschijnen
2670 3913 2797 3960 mogen
2821 3914 3023 3961 strecken
3047 3915 3124 3960 tot
3148 3916 3350 3964 souleres

1305 4021 1455 4070 vande
1486 4019 1788 4066 Compagnies
1816 4021 1937 4067 over
1967 4022 2149 4069 swaere
2177 4024 2390 4072 lasten,
2418 4027 2690 4074 welstandt
2719 4029 2841 4075 vant
2870 4030 3082 4079 gemeene
3111 4034 3385 4083 Welvaren,

1304 4131 1432 4181 ende
1464 4130 1748 4176 Ingevolge
1779 4130 1874 4176 tot
1905 4129 2159 4176 afbreucq
2189 4132 2630 4187 onsergesnderen
2662 4132 2915 4186 vijanden
2945 4133 2980 4180 —

2977 4355 3111 4404 soo
