3567 4801
2732 505 2911 576 958

556 508 738 573 meij
776 496 1004 549 1846.

892 709 968 769 Jn
996 694 1203 750 parijs
1234 683 1439 737 wierdt
1472 680 1675 727 sterck
1707 667 2080 724 gesproocken
2112 661 2282 711 van't
2315 652 2653 706 Bouwelijck
2686 640 2890 696 vanden
2922 636 2963 683 —

889 797 1054 858 prince
1078 792 1162 840 van
1186 783 1351 834 wallis
1376 776 1594 827 Coudtste
1620 774 1730 820 sone
1756 770 1838 817 van
1863 767 1973 814 sijn
1999 763 2135 812 mags.
2161 762 2189 808 r
2215 758 2297 807 van
2323 749 2594 802 engelandt)
2621 746 2703 794 met
2728 742 2784 789 d'
2809 730 3003 786 dochter

913 901 999 950 van
1024 885 1276 945 monsieurd
1302 881 1360 928 en
1387 873 1582 925 Hartoge
1608 869 1693 917 van
1719 866 1943 914 Orleans,
1969 862 2083 911 doch
2108 858 2194 905 was
2220 857 2333 903 noch
2359 853 2472 901 niet
2498 837 2750 897 besloten—

917 1031 988 1078 de
1018 1011 1340 1073 princesse
1372 1000 1552 1055 maria
1586 986 1834 1043 oudtste
1868 978 2116 1029 dochter
2151 968 2363 1022 vanden
2393 957 2574 1012 onden
2608 946 2856 1000 Hartoge

925 1125 1008 1175 van
1032 1111 1249 1167 tlevers)
1274 1108 1330 1155 Is
1354 1098 1572 1151 getrouwt
1597 1094 1680 1142 met
1704 1088 1787 1137 den
1812 1081 2002 1131 Coninck
2027 1077 2110 1126 van
2135 1071 2272 1122 Volen
2296 1066 2379 1115 van
2403 1054 2648 1109 gelijcken
2672 1044 2810 1097 haere
2835 1031 2998 1087 Jonger

926 1214 1121 1275 susters
1144 1205 1231 1257 met
1256 1198 1341 1248 den
1365 1190 1533 1242 prince
1557 1181 1725 1233 pfalts
1751 1177 1889 1224 graef
1915 1168 2109 1220 Charles
2135 1161 2274 1212 Haere
2298 1154 2439 1205 mais.
2463 1150 2494 1197 t
2518 1144 2603 1194 van
2629 1130 2935 1187 vrancqrijck

927 1316 1086 1380 heeft
1111 1303 1238 1357 haer
1264 1292 1390 1344 400l
1418 1279 1634 1335 Croonen
1663 1274 1757 1323 ten
1786 1262 2093 1318 Huwelijcke
2122 1251 2368 1305 verecrt,
2397 1244 2521 1294 ende
2550 1237 2704 1287 heeft
2733 1226 2889 1282 vande

929 1410 1169 1469 princesse
1192 1400 1328 1453 maria
1352 1390 1540 1443 genomen
1565 1386 1620 1433 d'
1644 1373 1806 1430 steden
1830 1363 2019 1417 Nevers,
2044 1359 2152 1407 ende
2177 1350 2391 1403 Moulius,
2417 1348 2551 1395 alsoo
2576 1344 2657 1392 sij
2682 1340 2764 1388 tot
2788 1336 2843 1384 de

941 1510 1148 1568 Croone
1179 1495 1387 1553 Hooren
1419 1492 1456 1539 —

946 1646 1048 1698 den
1079 1630 1312 1689 Hartogh
1342 1623 1444 1672 van
1470 1612 1707 1667 orleans
1738 1605 1840 1655 was
1871 1600 1938 1647 te
1969 1592 2136 1644 poste
2167 1584 2301 1635 uijt
2331 1579 2400 1627 d'
2430 1559 2796 1622 belegeringe

947 1748 1031 1800 van
1055 1729 1381 1792 duijnckercke
1407 1725 1489 1773 tot
1514 1719 1677 1769 parijs
1702 1708 1893 1763 gecomen
1917 1704 1974 1752 om
1999 1702 2054 1748 op
2080 1699 2136 1746 't
2161 1689 2459 1742 kinderbedde
2483 1685 2567 1733 van
2591 1678 2701 1728 sijn
2725 1668 2920 1721 gemalin

934 1856 991 1905 te
1017 1848 1154 1900 wesen
1180 1843 1262 1892 die
1286 1835 1370 1886 een
1396 1811 1939 1878 Iongedochtergebaerdt
1963 1801 2128 1854 heeft,
2151 1793 2263 1845 ende
2288 1788 2398 1838 hede
2424 1786 2506 1832 den
2533 1779 2696 1830 Iongen
2721 1766 2913 1822 Coninck

937 1958 1026 2010 van
1051 1937 1364 2000 vrancqrijck
1391 1920 1704 1981 toegeseijdt
1730 1911 1818 1963 Is,

760 2125 913 2191 Mijn
936 2099 1131 2166 Heere
1162 2085 1277 2139 den
1310 2070 1497 2127 Grave
1531 2063 1644 2113 van
1679 2048 2010 2105 Haircourt
2046 2041 2304 2093 vicheij
2337 2036 2414 2084 in
2449 2022 2780 2082 Catalonie

949 2198 1179 2262 generael
1204 2185 1350 2240 vande
1375 2176 1551 2228 france
1578 2170 1723 2220 nadat
1751 2166 1838 2214 Bij
1865 2161 2010 2210 roose
2038 2152 2297 2205 Ingenomen
2322 2144 2498 2196 hadde,
2521 2140 2584 2190 do
2611 2136 2670 2183 in
2697 2127 2900 2180 arragon
2927 2125 2961 2171 —

946 2305 1178 2371 gevallen,
1199 2299 1253 2348 d'
1276 2277 1581 2342 spaenjaerden
1604 2270 1707 2321 heel
1731 2264 1885 2314 stercq
1908 2258 2062 2307 sijnde
2085 2254 2162 2302 hie
2187 2251 2239 2298 d'
2262 2242 2415 2294 revier
2439 2237 2567 2286 segre
2590 2222 2820 2280 (ontrenst
2843 2204 2972 2265 lende

961 2409 1145 2469 gelegen
1170 2407 1197 2452 )
1219 2388 1458 2452 bewaerden
1482 2380 1615 2432 heeft
1639 2375 1719 2424 hij
1743 2367 1824 2418 tot
1847 2350 2163 2411 drijeseijlen
2188 2347 2242 2394 In
2266 2339 2399 2391 houte
2421 2327 2686 2382 geslaegen,
2710 2314 2843 2370 veele

951 2500 1234 2566 gevangenen
1259 2484 1485 2542 becomen,
1510 2475 1624 2526 alle
1650 2463 1875 2518 desselfe
1901 2452 2183 2507 offecieren
2209 2442 2350 2496 heeft
2373 2437 2461 2486 hij
2488 2432 2601 2481 door
2624 2405 2935 2476 Barelomouen
2957 2398 2991 2447 —

952 2612 1037 2665 nae
1060 2590 1364 2654 vrancqrijck
1388 2572 1636 2633 gesonden,
1659 2563 1745 2616 ome
1771 2556 1880 2605 haer
1907 2552 2016 2600 noch
2044 2548 2153 2597 meer
2178 2540 2344 2592 herten
2368 2528 2534 2583 leedt,
2557 2517 2670 2572 ende
2695 2506 2834 2560 spijl

956 2712 1038 2763 aen
1060 2703 1117 2753 te
1139 2694 1275 2746 doen,
1297 2686 1380 2737 men
1403 2677 1538 2729 heedt
1562 2670 1670 2721 voor
1693 2662 1802 2713 vast
1825 2655 1907 2706 dan
1932 2653 2013 2700 den
2035 2642 2250 2697 plincked
2273 2640 2303 2686 B
2327 2632 2435 2683 arwo
2458 2619 2619 2675 terida
2643 2600 2856 2663 belegeni
2880 2599 2914 2648 —

2921 2593 2956 2640 -

935 2804 1160 2873 heeft

962 2955 1029 3001 d'
1058 2932 1292 2997 ridders
1322 2923 1424 2974 van
1454 2911 1621 2966 maeta
1652 2900 1852 2954 sterck
1884 2886 2182 2944 vergadert
2212 2878 2413 2930 sijnde
2444 2859 2743 2922 vreesende
2774 2855 2875 2902 dat

971 3052 1062 3108 het
1085 3041 1174 3093 den
1200 3029 1344 3084 turcq
1370 3024 1430 3072 op
1454 3013 1571 3066 haer
1597 3001 1798 3057 gemunet
1824 2993 1997 3044 hadde,
2023 2988 2139 3037 ende
2165 2980 2309 3032 datse
2335 2974 2422 3024 van
2450 2970 2536 3018 hem
2562 2963 2706 3014 soude
2731 2952 2938 3008 belegen

956 3150 1154 3210 werden,
1176 3133 1348 3194 hebben
1374 3127 1459 3175 van
1482 3116 1626 3170 haere
1650 3109 1736 3158 bij
1762 3105 1847 3153 een
1872 3097 2042 3150 hebben
2069 3090 2209 3141 macht
2236 3079 2487 3133 bestaende
2512 3074 2570 3123 en
2595 3062 2794 3118 omtrent

964 3271 1060 3322 200
1088 3255 1280 3312 Coppen
1307 3243 1405 3296 tot
1434 3232 1563 3285 haer
1593 3217 1845 3273 generael
1876 3207 2129 3260 Veruwren
2158 3201 2255 3251 den
2284 3189 2475 3244 marcis
2505 3175 2758 3232 d'arpion
2788 3165 2916 3218 (een

948 3375 1100 3429 frans
1128 3365 1248 3418 Heer
1276 3348 1515 3406 Jedochfs
1542 3340 1633 3391 den
1661 3332 1811 3383 turcq
1839 3324 1960 3375 haer
1988 3317 2108 3367 niet
2136 3307 2286 3361 comen
2313 3292 2613 3350 besoecken,
2640 3284 2761 3336 maer
2788 3279 2850 3328 Es
2874 3274 2909 3322 —

985 3497 1047 3549 Im
1071 3479 1300 3539 Eijlandt
1326 3468 1498 3522 Candja
1523 3455 1752 3511 gevallen
1777 3446 1893 3499 daer
1918 3440 2006 3489 Hij
2031 3425 2259 3483 eenlijck
2285 3418 2400 3468 naer
2427 3410 2598 3461 lenige
2624 3392 3022 3454 schermutselijk

970 3624 998 3669 2
1018 3602 1195 3669 forten
1220 3597 1279 3645 op
1305 3593 1335 3640 2
1362 3582 1533 3637 rotsen
1558 3569 1759 3626 gelegen
1785 3566 1814 3612 /
1839 3558 1956 3610 Iser
1981 3546 2181 3601 omtrent
2208 3542 2294 3589 t30
2321 3538 2407 3586 Man
2433 3534 2491 3581 op
2519 3525 2689 3578 hebben
2716 3524 2774 3569 d'
2797 3506 3058 3565 Ingenomen

970 3732 1086 3781 quam
1114 3724 1203 3776 hem
1229 3711 1405 3766 vremdt
1431 3696 1637 3754 voordat
1664 3693 1695 3739 2
1722 3679 1927 3737 sulcque
1954 3674 2043 3723 van
2071 3663 2275 3718 Cleijne
2303 3653 2536 3707 Valeure)
2563 3641 2798 3696 plaetsen
2825 3634 2944 3685 hem—

965 3838 1191 3894 d'orsten
1216 3816 1531 3882 resisteren,
1556 3809 1672 3859 ende
1698 3793 2011 3853 wederstandt
2036 3789 2181 3837 doen,
2207 3771 2576 3833 ondertusschen
2604 3768 2662 3815 d'
2687 3752 2945 3812 Venitsche

975 3946 1143 4004 Armade
1169 3928 1506 3990 g'assisteert
1533 3924 1617 3972 met
1642 3920 1701 3968 d'
1726 3908 1952 3964 gareijen
1977 3899 2147 3953 vanden
2173 3892 2314 3943 pauws
2339 3883 2537 3937 hartoge
2564 3879 2649 3927 van
2675 3871 2928 3923 florencen
2953 3867 3001 3914 —

975 4056 1101 4113 ende
1129 4050 1194 4100 d'
1221 4033 1469 4092 maetesen
1497 4024 1652 4076 heeft
1681 4019 1745 4068 d'
1773 4002 2051 4062 twrcksche
2078 3990 2265 4046 geheel
2295 3972 2663 4033 geruijmeert,
2693 3960 2970 4015 Waeronder

973 4150 1252 4211 omtrendt
1286 4146 1356 4194 40
1388 4133 1597 4189 groote
1628 4123 1872 4176 schepen
1905 4114 2010 4165 uyt
2043 4097 2250 4155 Tuines
2282 4084 2456 4139 aeger
2489 4073 2732 4130 Trypoly
2761 4061 2837 4113 en

0 1582 232 1632 geslagen

0 1760 126 1814 gede
156 1756 220 1802 db

0 2519 224 2567 tueren.

0 3093 82 3138 c

0 3188 79 3235 rave

143 3091 255 3137 aeest
