3505 4801
2790 457 2979 523 1000

919 606 1035 658 Tot
1071 602 1148 649 in
1184 597 1410 644 Junijo
1447 597 1561 644 off
1597 598 1674 644 de
1709 594 1899 641 julio
1936 593 2012 640 te
2048 592 2388 639 behouden,
2425 590 2613 638 alsoo
2650 589 2725 635 om
2763 588 2952 635 t'gen

932 714 1292 771 tvertreck
1332 714 1452 759 der
1492 707 1773 760 schepen
1812 705 2054 751 volgel
2092 696 2374 747 struijs
2413 695 2574 741 ende
2613 695 2694 742 na
2733 690 2974 739 ssouse

924 812 1161 866 eenige
1199 807 1434 855 gereet
1473 807 1552 853 t'
1590 807 1748 855 hebb
1785 804 1865 853 ne
1903 802 2060 850 tijt
2099 802 2178 847 te
2216 800 2373 846 cort
2412 795 2608 845 soude
2645 789 2843 838 sijn,
2881 791 3000 839 soo

914 918 1121 975 hebbe
1160 909 1404 961 bergen
1443 907 1566 954 van
1605 902 1768 952 hier
1804 896 1970 946 naer
2010 893 2172 941 gale
2212 891 2374 937 niet
2414 887 2657 935 durven
2697 882 3106 931 alsvaerdig

966 1013 1299 1068 gemerckt
1337 1007 1464 1058 d„o
1504 996 1919 1051 geleijnsen
1959 993 2125 1040 daer
2166 989 2249 1037 op
2290 984 2497 1034 staet
2538 981 2663 1029 sal
2703 975 3036 1026 gemaeckt

897 1119 1170 1170 hebben
1213 1113 1397 1162 ende
1441 1111 1624 1157 noch
1667 1101 1941 1156 minder
1983 1096 2078 1145 om
2122 1091 2259 1140 dat
2303 1083 2441 1135 met
2485 1078 2577 1127 d'
2621 1070 2894 1121 comste
2938 1070 3077 1118 van

895 1224 1309 1278 volckend.
1355 1225 1401 1271 e
1445 1211 1814 1269 vernomen
1858 1201 2089 1254 hadde
2134 1195 2273 1244 dat
2316 1181 2824 1238 reijnsburgh
2869 1183 3068 1231 Bijt

1362 1188 1450 1235 l

894 1324 1474 1383 verongelucken
1518 1318 1742 1370 vande
1780 1295 2231 1360 schelvisch
2275 1288 2766 1339 lichtelijck
2808 1292 2990 1341 naer

918 1437 1207 1505 Bassora
1245 1429 1491 1482 stonde
1530 1424 1613 1473 te
1652 1417 1857 1468 gaan,
1895 1412 2060 1461 ende
2100 1408 2223 1456 dan
2261 1407 2386 1453 tot
2425 1397 2832 1454 overvoeren
2871 1389 3100 1440 vande

933 1544 1138 1602 sijde
1177 1542 1259 1588 om
1298 1537 1581 1586 scheeps
1620 1533 1822 1581 ruijm
1862 1529 1943 1577 te
1982 1522 2185 1573 soude
2224 1507 2546 1566 verlegen
2585 1498 2748 1550 sijn
2786 1488 3070 1541 geweest

935 1640 1069 1686 ten
1114 1639 1336 1685 waere
1365 1637 1646 1685 tschip
1689 1627 2045 1683 schiedam
2089 1621 2267 1671 daer
2308 1614 2445 1665 toe
2487 1601 2844 1657 gehouden
2888 1601 3110 1648 hadde

932 1744 1064 1795 soo
1105 1741 1194 1789 en
1236 1734 1453 1784 hebbe
1497 1733 1670 1779 geen
1712 1728 1930 1778 beter
1972 1724 2233 1772 middel
2272 1717 2536 1769 connen
2579 1713 2752 1762 uijt
2795 1706 3014 1757 viden

939 1846 1035 1895 om
1079 1839 1223 1889 den
1270 1832 1506 1882 reijs
1553 1827 1743 1876 naer
1789 1822 1979 1871 gale
2023 1817 2120 1866 en
2167 1813 2498 1861 vandaer
2544 1808 2687 1858 den
2734 1800 3022 1852 caneel

940 1941 1136 1991 naer
1184 1933 1479 1985 Bato:a
1522 1925 1626 1977 te
1675 1919 2018 1971 voeren,
2063 1913 2214 1963 als
2260 1907 2361 1956 om
2410 1903 2508 1950 de
2555 1898 2802 1948 paauw
2851 1895 3061 1943 daer

940 2040 1079 2095 toe
1123 2034 1214 2083 te
1258 2021 1755 2077 gebruijcken
1799 2018 1936 2066 die
1980 2016 2071 2063 om
2115 2012 2342 2061 cleed
2371 2001 2657 2055 packen
2701 1995 3113 2046 onbequaem

935 2138 1112 2192 ende
1154 2129 1330 2180 daer
1373 2127 1505 2174 toe
1547 2118 1942 2171 dienstich
1985 2112 2379 2162 g'ordeelt
2418 2104 2685 2157 wierde
2727 2095 3035 2148 twelcke

940 2244 1118 2302 (:om
1160 2236 1293 2286 dat
1331 2228 1599 2280 gelade
1643 2221 1906 2273 wasch)
1948 2215 2125 2264 niet
2167 2209 2431 2260 anders
2475 2204 2607 2252 als
2649 2200 2781 2247 van
2823 2197 3089 2245 Parsia

2988 2256 3101 2303 aert

934 2337 1183 2400 jndien
1223 2332 1307 2381 nu
1347 2323 1595 2376 voorsz
1634 2317 1759 2366 100
1799 2310 2047 2361 lasten
2087 2308 2252 2354 rijs
2291 2302 2417 2353 p„r
2456 2295 2704 2347 Bergen
2745 2292 2869 2339 der
2909 2292 3036 2341 w=e

901 2444 1160 2508 hadde,
1200 2434 1328 2487 soo
1369 2423 1581 2476 soude
1623 2420 1708 2466 do
1749 2414 1919 2464 seer
1960 2409 2298 2458 weijnich
2340 2405 2594 2456 moors:
2633 2394 2973 2447 goederen

916 2548 1114 2604 hebb
1161 2531 1459 2591 Connen
1503 2525 1606 2575 jn
1652 2512 1902 2569 nemen
1951 2507 2050 2555 jn
2098 2500 2395 2551 welcke
2443 2494 2789 2546 gevalle
2838 2491 2987 2539 den

936 2626 1422 2700 Gouverneur
1468 2608 1810 2668 miersia
1856 2596 2198 2652 Amijna,
2246 2594 2392 2641 soo
2441 2589 2732 2638 danich
2780 2582 3023 2634 soude

940 2708 1637 2793 gediscontenteert
1678 2700 1854 2753 sijn
1894 2688 2200 2742 geweest
2241 2684 2373 2731 dat
2415 2683 2546 2729 ons
2588 2671 3066 2727 heijmelijck

930 2831 1151 2892 soude
1193 2818 1456 2875 beledt
1498 2808 1716 2860 hebb:
1755 2798 1847 2851 om
1889 2791 2021 2842 soo
2063 2784 2238 2833 veel
2282 2782 2456 2829 rijs
2499 2781 2587 2827 te
2629 2777 3066 2826 versamelen

940 2941 1108 2998 ofte
1147 2922 1519 2984 verbooden
1560 2919 1643 2967 om
1683 2914 1767 2962 d'
1807 2907 2014 2956 selve
2053 2900 2220 2951 uijt
2260 2898 2344 2946 te
2377 2894 2673 2947 voeren,
2711 2884 3009 2937 gelijck

939 3027 1389 3095 naderhandt
1432 3022 1523 3072 (:
1567 3016 1746 3065 niet
1790 3001 2328 3060 tegenstaande
2372 2997 2507 3045 een
2551 2993 2775 3042 ander
2817 2984 3088 3037 middel

940 3145 1121 3196 daer
1164 3137 1301 3188 toe
1344 3110 1979 3181 gepracktiseert
2023 3101 2250 3154 hadde
2292 3090 2521 3144 geven
2565 3086 2701 3134 wel
2744 3073 2972 3130 soude

931 3241 1242 3302 geschiet
1277 3232 1472 3283 Sijn,
1508 3221 1741 3275 jndien
1777 3218 1817 3264 d
1853 3211 1933 3261 E.
1968 3197 2201 3254 Comp:e
2238 3188 2356 3241 soo
2392 3177 2546 3227 seer
2584 3172 2738 3221 niet
2776 3167 3084 3216 toeged=e

917 3357 1015 3411 en
1059 3343 1295 3400 d'een
1340 3331 1576 3386 groot
1621 3319 1857 3373 waere
1902 3300 2278 3362 geweest,
2322 3288 2512 3343 want
2558 3277 2840 3330 eenige
2886 3275 3030 3321 hem

943 3454 1035 3504 en
1078 3447 1215 3498 des
1255 3428 1617 3488 Conincks
1658 3399 2155 3471 Commissaris
2199 3385 2828 3443 geprasinadeert
2872 3388 3097 3439 hadde

946 3546 1066 3594 dat
1104 3542 1226 3590 ons
1262 3533 1466 3587 volck
1502 3516 1785 3577 alreede
1823 3511 1905 3560 op
1944 3502 2264 3555 eijlandt
2302 3491 2664 3546 Lareecque
2704 3491 3117 3544 residerend

943 3643 1131 3697 ende
1177 3637 1270 3686 om
1315 3629 1501 3681 daer
1545 3620 1686 3672 een
1730 3610 1917 3664 fort
1963 3604 2055 3653 te
2101 3597 2426 3648 maecken
2471 3585 2796 3641 genegen
2840 3583 3077 3631 waer,

923 3743 1117 3797 waer
1164 3731 1310 3784 toe
1356 3716 1697 3773 alreede
1744 3707 1891 3759 soo
1938 3699 2133 3749 veel
2179 3690 2714 3743 timmerhoudt
2762 3682 2957 3734 (dat

937 3840 1300 3906 nochtans
1343 3834 1435 3883 d'
1475 3826 1570 3877 E:
1611 3804 2109 3867 geleijnss:e
2152 3804 2288 3850 tot
2319 3794 2692 3848 opbouwen
2736 3780 2963 3838 vande

943 3947 1218 4014 loogie
1258 3921 1717 3990 ontbooden)
1762 3911 1991 3966 hadde
2032 3910 2126 3957 :)
2168 3904 2354 3957 wegh
2396 3887 2762 3945 gesonden
2807 3886 2990 3934 was,

947 4059 1130 4116 ende
1173 4047 1353 4101 dese
1396 4035 1577 4090 rijs
1621 4027 1756 4078 tot
1800 4015 2204 4069 spijsinge
2248 4004 2472 4060 vande
2514 3990 2880 4048 soldaten

952 4151 1328 4206 derwaerts
1368 4140 1619 4195 gaende
1661 4136 1828 4185 sou,
1869 4136 1953 4182 om
1993 4131 2078 4180 nu
2118 4123 2244 4174 den
2284 4101 2660 4167 geseijden
2700 4092 3077 4144 gouvern=r

954 4258 1081 4305 tot
1123 4253 1335 4303 onser
1376 4248 1462 4296 de
1502 4233 1715 4290 votie
1755 4229 1842 4278 te
1884 4218 2181 4273 houden,
2222 4213 2392 4263 ende
2434 4207 2561 4256 aen
2603 4206 2689 4252 d'
2730 4208 2815 4254 E:
2856 4199 3070 4253 Compe

2329 4429 2758 4494 Meera

173 740 258 796 acht

0 4218 27 4267 zij
