3560 4958
1486 1132 1739 1181 gecomen
1770 1135 2023 1186 sijnde,
2057 1143 2129 1189 Is
2163 1144 2271 1190 hem
2306 1145 2414 1193 met
2448 1149 2591 1196 alle
2626 1151 3053 1209 beleeftheijt
3088 1165 3303 1219 affge„

1474 1263 1804 1315 „vraecht,
1840 1270 1951 1319 off
1986 1275 2097 1323 dit
2132 1279 2207 1327 op
2242 1282 2462 1329 houden
2499 1282 2609 1329 van
2645 1280 2683 1326 s
2718 1283 2938 1335 Comp:s
2974 1290 3342 1343 affcomende

1493 1391 1778 1442 goederen,
1810 1397 1937 1443 door
1968 1398 2095 1446 sijn
2126 1402 2253 1449 ofte
2284 1404 2379 1449 wel
2410 1404 2569 1451 sijns
2600 1405 2727 1451 m=rs
2757 1405 2822 1451 d'
2853 1406 2948 1452 h:r
2980 1407 3297 1454 mirsimulas
3327 1409 3360 1455 —

1492 1526 1633 1574 lajt
1667 1525 2057 1575 Geschieden.
2091 1531 2233 1579 Gaff
2268 1534 2374 1580 tot
2408 1529 2691 1579 antwoort
2726 1527 2868 1573 niet
2903 1527 3046 1573 door
3078 1529 3185 1575 sun
3220 1529 3326 1575 m=r

1489 1649 1648 1697 maer
1687 1650 1844 1695 door
1883 1649 2001 1695 hem
2040 1647 2315 1696 selffs,
2354 1651 2590 1698 echter
2629 1652 2786 1699 sijn
2825 1650 3100 1697 meester
3139 1648 3263 1696 wel

3266 1651 3294 1697 -

1495 1769 1700 1816 kennis
1734 1768 1871 1814 hier
1904 1767 2008 1813 aff
2041 1764 2247 1811 hadde,
2281 1764 2418 1809 in't
2452 1763 2623 1809 wercq
2657 1763 2897 1809 Gestelt
2931 1762 3171 1808 wirden.
3205 1763 3240 1809 —

1485 1886 1628 1934 voug
1662 1888 1803 1934 ende
1839 1888 1979 1933 daer
2015 1886 2155 1933 noch
2190 1886 2331 1932 bij,
2366 1885 2507 1931 sich
2542 1885 2648 1930 met
2683 1884 2965 1930 schaemde
2999 1885 3070 1930 te
3105 1884 3356 1933 seggen—

1481 2002 1730 2050 sComp:s
1763 2007 2010 2056 negotie
2045 2011 2151 2057 van
2185 2011 2327 2058 Jaer
2362 2013 2468 2061 tot
2503 2016 2644 2062 Jaer
2679 2013 2856 2061 (daer
2891 2012 2997 2058 wij
3032 2012 3138 2059 God
3172 2006 3351 2058 voor—

1481 2119 1705 2169 hebben
1742 2124 1817 2170 te
1853 2125 2151 2175 dancken)
2188 2130 2599 2179 pergrooten,
2635 2135 2896 2184 Econtra
2932 2133 3082 2181 sijn
3118 2131 3230 2178 M=r

1469 2254 1824 2305 geduurich
1862 2257 2295 2307 Imputeerde,
2331 2259 2768 2308 d'Incompste
2800 2258 2924 2309 van
2963 2258 3042 2303 ‛s
3080 2252 3357 2303 Conincx

1476 2392 2057 2445 gerechticheijt,
2094 2400 2289 2447 onder
2326 2401 2481 2448 sijn
2520 2399 2984 2447 Gouvernement
3021 2393 3294 2442 vantijt

1475 2518 1583 2567 tot
1619 2522 1799 2570 tijt,
1834 2526 2299 2572 verminderden,
2334 2522 2621 2569 willende
2653 2519 2764 2567 wel
2799 2519 2943 2565 eens
2978 2521 3343 2574 d'orsaecke

1450 2647 1602 2698 hier
1639 2647 1750 2693 van
1787 2648 2009 2697 weten,
2046 2652 2269 2697 waerop
2305 2651 2417 2697 hem
2452 2650 2935 2698 Repliceerden,
2972 2647 3083 2695 hij
3120 2644 3232 2692 ons

1489 2769 1672 2822 sulcx
1707 2777 1962 2822 (sijnde
1997 2775 2216 2822 dingen
2251 2773 2361 2820 die
2397 2771 2506 2818 ons
2542 2770 2652 2816 met
2687 2767 2979 2814 raecken)
3015 2764 3160 2812 niet

1473 2906 1819 2953 gelieffden
1853 2906 1923 2953 te
1955 2908 2198 2956 wijten,
2232 2910 2301 2956 d'
2335 2907 2714 2955 Jaerlijcxs.
2747 2907 2783 2953 s
2817 2904 3337 2956 Gecontracteerde

1461 3035 1598 3083 3000
1631 3035 1734 3083 p:s
1767 3038 1970 3084 werden
2004 3036 2174 3083 sijne
2206 3033 2445 3080 Maij=ts
2479 3033 2851 3080 onaengesien
2885 3035 2953 3080 d'
2984 3032 3225 3080 negotie
3257 3031 3293 3077 —

1480 3158 1699 3207 cleijn
1734 3160 1845 3207 off
1880 3160 2063 3206 Groot
2100 3161 2210 3207 is,
2246 3162 2465 3209 sonder
2501 3162 2721 3210 eenige
2754 3162 3231 3211 verminderinge
3267 3163 3309 3212 —

1479 3279 1822 3326 toegetelt,
1855 3281 1993 3327 ofte
2026 3278 2095 3325 in
2129 3278 2300 3324 reeq:
2334 3280 2710 3331 goetgedaen,
2743 3285 2812 3331 Is
2846 3282 2949 3330 hem
2982 3276 3120 3325 noch
3152 3270 3325 3320 ander

1475 3398 1622 3449 ende
1656 3398 1874 3445 voorde
1909 3400 2161 3449 laetste
2197 3403 2340 3449 mael
2376 3403 2843 3454 affgevraecht,
2879 3407 2986 3454 off
3022 3397 3311 3452 d'rechte

1476 3514 1788 3564 meijninge
1820 3521 1923 3566 sij
1957 3521 2061 3568 dat
2095 3522 2370 3568 voortaen
2404 3522 2438 3567 (
2473 3521 2679 3567 twelcq
2713 3521 2816 3567 soo
2850 3521 2988 3568 hier
3022 3523 3126 3570 als
3158 3525 3235 3571 op

1466 3628 1757 3682 d'binnen
1790 3640 2189 3689 Comptoiren,
2222 3642 2332 3690 bij
2368 3641 2548 3687 Geene
2584 3641 2693 3687 van
2728 3642 2909 3690 sijne
2945 3636 3378 3690 antecesseurs

1467 3750 1610 3797 oijt
1645 3753 1716 3798 is
1751 3753 1858 3800 rit
1893 3756 2071 3802 wercq
2105 3758 2424 3812 Gestelt:)
2459 3765 2601 3812 alle
2635 3761 3026 3809 Coopluijden
3061 3756 3168 3809 die

1472 3867 1590 3916 met
1627 3872 1783 3921 d'E:
1817 3867 2052 3916 Comp:e
2091 3869 2478 3919 negotieren
2516 3874 2671 3920 ende
2707 3869 3057 3919 contanten
3094 3864 3173 3912 op

1463 3992 1806 4048 leveringhe
1836 4000 1942 4049 van
1975 4001 2214 4047 Cleeden
2246 4001 2316 4047 is
2350 4001 2657 4049 verstreet
2691 4003 2896 4050 eenige
2929 4001 3169 4050 thollen
3201 3994 3306 4045 int

1469 4124 1885 4175 affbrengen
1926 4122 2051 4168 van
2092 4122 2258 4167 hare
2299 4122 2631 4171 Goederen
2672 4126 2921 4176 sullen
2963 4131 3253 4180 betalen

2967 4267 3205 4315 gaft

663 277 856 337 Julio
892 272 1008 319 ao.
1046 271 1201 320 1646

1336 796 1514 844 Dagh
1557 799 1909 848 Register
1953 798 2218 850 wegens
2259 804 2351 851 't
2393 807 2877 855 gepasseerde

1940 579 2169 627 pie

1897 454 2345 509 Jonchem

2888 460 3166 510 1646
