3560 4937
1427 788 1607 837 Dagh
1650 786 2003 835 Register
2047 786 2312 836 wegens
2356 791 2446 840 't
2488 796 2976 848 gepasseerde

1540 1167 1937 1218 ondienstich
1971 1169 2299 1222 ingevolge
2333 1179 2406 1224 na
2441 1180 2516 1228 't
2549 1186 2838 1237 gevoelen
2873 1192 2984 1242 der
3017 1197 3276 1252 tolcken

1515 1301 1619 1351 die
1651 1299 1819 1346 selve
1853 1301 1954 1347 tot
1987 1302 2356 1353 schenckagie
2388 1308 2456 1353 te
2489 1308 2858 1360 gebruijcken
2891 1315 2992 1362 wel
3025 1318 3230 1372 moghen

1529 1418 1838 1467 excuseren,
1867 1420 1991 1466 ende
2021 1421 2083 1466 om
2113 1422 2175 1467 te
2205 1422 2453 1470 vercopen
2481 1427 2604 1473 noch
2635 1428 3005 1482 ondienstiger
3034 1438 3126 1484 als
3157 1438 3373 1484 wanneer

1518 1541 1640 1587 geen
1670 1537 1822 1585 derde
1852 1538 1943 1583 van
1973 1538 2033 1583 't
2064 1538 2427 1585 uijtgeleijde
2457 1538 2639 1585 sullen
2669 1541 2852 1589 connen
2880 1545 3063 1595 halen,
3092 1550 3153 1596 de
3183 1549 3305 1596 velt

1522 1666 1665 1715 tent
1699 1664 1772 1711 is
1807 1662 1950 1708 mede
1985 1661 2127 1707 voor
2163 1661 2341 1707 Japan
2376 1661 2698 1708 onbequaem
2731 1665 3124 1714 g'oordeelt,
3157 1666 3266 1715 die

1524 1784 1838 1834 dierhalven
1869 1785 2089 1833 neffens
2119 1784 2308 1830 eenige
2339 1785 2495 1832 goude
2527 1787 2841 1833 laeckenen,
2871 1788 2966 1835 den
2996 1787 3375 1836 oppercoopman

1499 1925 1854 1984 Bronchorst
1889 1921 2032 1970 voor
2067 1921 2174 1966 den
2209 1918 2458 1966 Coningh
2493 1917 2601 1963 van
2636 1918 2850 1964 Tonkin
2885 1919 3028 1967 mede
3062 1924 3314 1977 gegeven

1518 2055 1703 2105 werd

1404 2232 1507 2281 Tot
1539 2231 1708 2279 grote
1741 2234 2178 2285 verwonderingh
2211 2241 2546 2289 geduurende
2579 2244 2680 2290 ons
2714 2245 2982 2291 aenwesen
3015 2246 3084 2292 in
3116 2248 3251 2298 Jedo
3279 2251 3320 2299 —

1510 2373 1697 2420 wierde
1726 2372 1790 2419 so
1821 2371 1915 2417 ten
1946 2370 2071 2416 hove
2101 2371 2194 2418 als
2224 2370 2567 2418 particulier
2598 2371 2785 2417 vanden
2814 2372 2970 2418 Heere
3002 2373 3375 2425 tsickingodom

1502 2491 1604 2543 die
1637 2498 1771 2545 doch
1804 2497 1939 2545 alle
1971 2492 2174 2540 dingen
2207 2491 2275 2537 op
2308 2491 2376 2537 't
2409 2491 2611 2537 nauste
2644 2492 2981 2542 ondersoect
3013 2498 3181 2544 noijt
3214 2497 3286 2545 in

1504 2629 1746 2677 eeniger
1779 2630 2055 2677 manieren
2090 2626 2297 2676 vanden
2330 2624 2538 2670 treves
2572 2622 2848 2669 tusschen
2882 2622 2952 2668 de
2985 2624 3330 2676 portugelen

1504 2770 1648 2818 ende
1683 2769 1862 2816 onsen
1897 2766 2075 2816 staet
2110 2763 2325 2810 eenich
2360 2760 2610 2807 vermaen
2645 2760 2895 2807 gedaen,
2931 2762 3287 2810 diesachter

1490 2893 1727 2945 dencken
1761 2899 2099 2945 crijgende,
2132 2900 2234 2946 off
2265 2897 2436 2947 sulcx
2468 2896 2605 2942 door
2638 2894 2706 2940 de
2739 2894 2976 2941 tolcken
3009 2895 3315 2944 verswegen

1498 3031 1709 3077 mochte
1743 3033 1919 3078 sijn,
1954 3029 2094 3077 also
2127 3025 2235 3073 mij
2268 3025 2480 3071 bekent
2513 3025 2620 3071 was
2654 3024 2760 3070 den
2795 3024 2865 3070 E.
2899 3021 3254 3069 Overtwater

1487 3172 1709 3226 tselve
1745 3180 1820 3226 de
1856 3175 2115 3225 tolcken
2151 3173 2226 3220 om
2261 3170 2336 3216 de
2371 3159 2742 3215 Gouvern=rs
2779 3158 2889 3204 aen
2925 3156 3000 3202 te
3037 3153 3259 3201 dienen
3295 3152 3333 3198 —

1497 3315 1701 3365 belast
1733 3311 1938 3359 hadde,
1969 3306 2106 3355 ende
2138 3301 2241 3349 bij
2273 3299 2342 3345 't
2376 3296 2511 3344 dach
2545 3293 2816 3341 register
2848 3291 3086 3338 bleecq,
3119 3292 3322 3341 gelijk

1497 3448 1660 3495 inder
1692 3445 1824 3494 daet
1855 3437 2150 3489 bevonden,
2182 3433 2281 3481 den
2313 3430 2476 3477 tolcq
2508 3428 2607 3475 met
2638 3425 2737 3471 mij
2769 3424 2835 3470 in
2868 3424 2999 3470 Jedo
3030 3420 3227 3469 sijnde

1488 3562 1787 3618 dierwegen
1818 3562 2248 3619 ondervragende
2281 3558 2413 3606 ront
2445 3555 2578 3603 uijt
2611 3551 2942 3600 verclaerde
2974 3550 3040 3597 de
3072 3542 3306 3594 Gouv=rs

1473 3707 1545 3755 in
1579 3705 1966 3752 Nangesacqui
2000 3703 2141 3750 daer
2174 3698 2281 3748 van
2316 3692 2492 3742 noijt
2526 3688 2808 3736 kennisse
2842 3681 3054 3733 hadden
3087 3671 3335 3724 becomen

1480 3841 1548 3890 de
1580 3843 1781 3890 saecke
1812 3840 1881 3887 in
1913 3836 2214 3886 dusdanige
2246 3827 2680 3879 gelegentheijt
2712 3823 2979 3872 vindende
3010 3818 3179 3867 hebbe
3212 3814 3347 3863 niet

1481 3976 1541 4022 de
1569 3971 1778 4020 tolcken
1807 3970 2016 4018 geraden
2045 3970 2224 4017 g'acht
2252 3968 2313 4015 de
2341 3966 2610 4013 comsteder
2639 3966 2847 4012 schepen
2876 3965 2966 4010 den
2995 3965 3174 4014 Gouv„r
3203 3969 3352 4016 sulcx

1481 4101 1549 4151 te
1580 4103 1875 4152 vertonen,
1907 4098 2137 4147 gelijck
2169 4095 2235 4142 in
2268 4094 2530 4140 manieren
2562 4094 2661 4140 met
2693 4092 3087 4139 communicatie
3120 4093 3321 4144 vanden

1495 4227 1556 4273 E.
1581 4230 1839 4277 verstegen
1866 4232 1924 4277 in
1952 4231 2009 4277 't
2038 4229 2152 4276 Sach
2180 4227 2409 4273 register
2437 4225 2551 4271 dato
2580 4225 2666 4271 7=e
2693 4225 2780 4272 end
2808 4225 2894 4272 8=e
2922 4223 3008 4269 7b.
3036 4223 3352 4273 g'insereert

1478 4356 1677 4408 breder
1709 4356 1775 4401 te
1806 4353 1938 4401 sien
1970 4351 2036 4397 is
2069 4341 2331 4396 geschiet

3065 4424 3272 4473 De

607 281 857 351 Inlio
881 267 1053 320 ao.
1101 264 1300 311 1696

1973 565 2252 616 pie

1947 442 2424 494 Jonckem

2961 444 3221 496 1641
