3567 4801
2674 658 2836 712 831

469 1630 498 1677 ƒ

289 638 538 700 aende
584 637 784 685 Ed:e
830 634 1127 684 heeren
1174 633 1619 685 directeur

311 762 797 813 Generael,
850 763 1066 810 ende
1119 762 1442 811 Raeden
1495 761 1658 809 van

344 864 632 922 jndia

556 1629 784 1676 Mijn
830 1617 1068 1673 Ed„e
1123 1611 1468 1664 heeren
1521 1607 1695 1655 p„r
1750 1609 2095 1656 tschip
2149 1610 2323 1656 11:
2380 1608 2893 1669 amsterdam

880 1757 1010 1811 van
1052 1753 1221 1802 hier
1262 1751 1432 1797 over
1470 1750 1813 1798 mallacca
1855 1751 2024 1798 naer
2064 1752 2321 1798 Costij
2362 1755 2957 1812 gedestineerde,

874 1888 1045 1942 ende
1086 1882 1173 1931 op
1213 1881 1300 1928 15
1342 1882 1641 1930 standij
1681 1881 1853 1928 medt
1895 1881 2023 1928 een
2064 1873 2619 1924 cargasoensgen
2660 1875 2960 1924 conform

861 2006 1176 2065 facture
1220 2007 1354 2053 ter
1396 2001 1622 2052 somme
1666 2002 1801 2049 van
1840 2002 1889 2050 ƒ
1933 2001 2290 2053 50533„11
2333 2007 2424 2053 l:
2468 2003 2960 2052 vertrocken,

816 2143 1018 2202 hebbe
1055 2132 1293 2185 jongst
1331 2130 1450 2177 aen
1490 2132 1647 2178 uEd„
1686 2131 2042 2180 soodanigh
2079 2126 2593 2177 gecharteerdt,
2631 2125 2750 2172 als
2787 2119 2948 2170 ued„

873 2281 1040 2332 uijt
1079 2274 1163 2323 de
1204 2267 1616 2318 jngeleijde
1656 2267 1864 2316 copie
1904 2272 2152 2318 sullen
2193 2270 2524 2318 gelieven
2564 2269 2647 2315 't
2687 2258 2977 2312 beoogen

872 2401 1130 2456 gaende
1171 2396 1343 2444 daer
1385 2391 1514 2440 Bij
1555 2390 1897 2439 gevoucht
1940 2394 2110 2441 meer
2152 2393 2537 2444 diversche
2578 2385 2964 2437 pampieren

872 2542 1050 2595 ende
1093 2531 1580 2585 documenten,
1623 2532 1755 2577 met
1799 2532 2241 2578 vertrouwen
2284 2531 2506 2579 (:god
2547 2529 2639 2576 d'
2682 2530 2995 2578 voorste

866 2670 1193 2726 gemelte
1239 2666 1659 2716 amsterdam
1704 2663 1892 2712 sijn
1938 2664 2218 2711 Reijse
2264 2652 2827 2713 voorspoedigh

845 2816 1354 2877 verformeren,
1397 2815 1568 2861 ende
1609 2818 1779 2866 wed„
1819 2811 2161 2864 Behouden
2203 2810 2544 2858 toecomen
2583 2811 2757 2858 Pall
2798 2804 2927 2859 Bij

844 2957 1185 3017 geseijde
1224 2956 1398 3005 mijn
1438 2957 1862 3005 schrijvens
1905 2959 2117 3006 hebbe
2158 2957 2329 3004 ued:
2370 2954 2922 3003 'tarrivemendt

854 3101 1065 3152 vande
1103 3090 1317 3144 jacht
1358 3089 1612 3135 lillo,
1653 3090 1822 3136 ende
1863 3090 2158 3137 Hluijds
2200 3085 2410 3136 schip
2452 3075 2877 3130 heemsteede

862 3240 988 3292 ter
1028 3230 1275 3282 rheede
1315 3227 1603 3275 alhier,
1643 3224 2054 3271 mitsgaders
2093 3222 2177 3269 d'
2218 3210 2545 3267 receptie
2586 3209 2709 3255 van
2750 3205 2915 3256 ued„

845 3366 1109 3420 gansch
1152 3358 1548 3410 aengename
1591 3356 1944 3403 missive,
1986 3356 2163 3404 ende
2204 3351 2515 3403 verdere
2557 3351 2912 3402 stucken,

845 3499 1089 3555 onder
1132 3485 1473 3542 anderen
1520 3478 1810 3529 Bekent
1857 3475 2292 3527 gemaeckt,
2337 3479 2580 3529 corts
2624 3472 2821 3524 waer

830 3636 974 3689 aen
1019 3628 1585 3681 (namentlijck
1632 3626 1774 3673 ten
1819 3619 2103 3671 selven
2149 3617 2339 3664 dage
2384 3613 2527 3661 van
2574 3610 3000 3667 amsterdam

832 3764 1194 3823 despeche)
1232 3757 1476 3809 tjacht
1515 3754 1637 3801 lis
1676 3753 1838 3799 mede
1878 3752 1999 3798 sal
2038 3750 2120 3796 vo
2157 3750 2281 3797 god
2312 3747 2441 3797 sij
2479 3740 2722 3789 lossen
2761 3738 2844 3787 is

852 3909 1064 3958 Comen
1105 3905 1191 3952 te
1230 3892 1741 3949 verschijnen,
1782 3883 2122 3936 welckers
2163 3873 2547 3927 tardance,
2587 3877 2715 3924 als
2757 3880 2932 3930 voor

810 4027 980 4084 dato
1020 4014 1722 4072 geconjertureerdt,
1762 4016 1886 4063 van
1926 4015 2009 4062 da
2050 4009 2298 4059 tijnde
2338 4005 2545 4054 Bocht
2585 4003 2915 4052 tusschen

833 4165 914 4211 de
953 4160 1114 4208 caep
1154 4155 1516 4205 comerijn,
1555 4155 1717 4203 ende
1754 4151 2159 4203 'teijlands
2199 4148 2480 4197 ceijlon
2520 4148 2883 4197 vervallen

781 4316 980 4365 was,
1015 4305 1619 4360 veroorsaeckt
1663 4296 1767 4349 is
1811 4286 2209 4338 geweest,
2255 4284 2454 4336 waer
2503 4283 2701 4331 mede
2748 4288 2854 4336 nu

1837 1170 1942 1218 d'
1992 1169 2459 1230 ernfeste,
2509 1171 2975 1232 manhafte,

1745 1307 1942 1359 Twee
1982 1299 2287 1352 wijse,
2335 1284 2928 1346 voorsienige,

1818 1416 2000 1466 ende
2044 1413 2226 1462 seer
2270 1408 2635 1458 discrete
2676 1395 2816 1454 h=r

2174 752 2471 815 Copie.

50 652 219 701 Ed:hs

0 722 132 769 46

2353 906 2598 969 Ang

2480 4525 2754 4587 Dan
