3553 4917
2792 311 2976 358 649:

711 846 1014 907 Wanneer
1055 844 1141 890 de
1181 841 1437 890 fluijt
1479 845 1820 898 scheepen
1861 851 2031 899 Saem
2073 844 2244 896 ende
2285 839 2709 887 Berckhoudt
2751 839 3050 889 gstanti

918 928 1009 976 van
1038 926 1159 973 hier
1187 924 1368 971 hadden
1397 925 1847 978 gedespescheert,
1877 933 1997 978 ende
2026 932 2087 978 de
2117 928 2297 978 fluijt
2326 922 2536 971 schepen
2564 920 2656 966 den
2685 921 2899 972 Coningh

917 1009 1018 1060 van
1049 1005 1283 1053 Poolen,
1317 1006 1383 1051 de
1417 1006 1584 1054 Gulde
1617 1009 1784 1055 Gans,
1817 1009 1951 1055 ende
1983 1009 2051 1055 t'
2084 1007 2251 1055 Jaght
2284 1007 2351 1052 de
2384 1006 2485 1052 Zee
2517 1003 2619 1050 Rob
2651 1003 2785 1049 daer
2818 1003 2925 1049 van

918 1093 981 1141 t'
1008 1087 1194 1136 eerste
1224 1084 1346 1131 ende
1377 1084 1438 1129 't
1468 1084 1682 1131 laetste
1712 1085 1834 1131 rede
1865 1085 2079 1131 geladen
2108 1084 2262 1132 22:en
2292 1085 2445 1132 dezer
2474 1083 2536 1130 't
2567 1081 2719 1128 zamen
2750 1081 2812 1127 te
2841 1083 2968 1138 ver„

921 1168 1155 1224 trecquen
1182 1165 1356 1213 waeren
1384 1164 1788 1212 geproiecteerd,
1817 1164 2106 1212 verschijnt
2134 1164 2307 1209 alhier
2336 1164 2451 1210 zeer
2480 1164 2625 1212 laedt
2652 1166 2768 1212 ende
2797 1167 2970 1213 buyten

907 1255 1066 1307 Hoove
1095 1250 1160 1298 19
1190 1248 1441 1294 prezenti
1472 1248 1535 1294 't
1565 1249 1754 1296 fluijt
1783 1248 1941 1295 schip
1971 1248 2286 1295 ouerschie,
2315 1244 2567 1294 hebbende
2598 1245 2820 1291 vermits
2847 1248 2943 1297 ge„

937 1335 1153 1383 stadige
1181 1330 1459 1379 contrarie
1490 1330 1675 1378 winden
1705 1333 1828 1378 11:e
1859 1332 2136 1379 Septemb:r
2166 1330 2290 1377 uijt
2319 1326 2567 1374 Taijovan
2597 1327 2910 1375 gescheyden

912 1423 1019 1475 38:
1053 1418 1231 1466 dagen
1267 1417 1620 1463 onderwegen
1656 1416 1939 1462 geweest,
1973 1416 2081 1462 met
2116 1413 2329 1461 welcke
2363 1410 2576 1457 Become
2611 1409 2861 1456 volgens

908 1508 1146 1571 factura
1179 1506 1279 1551 een
1312 1505 1613 1552 Cargazoen
1646 1504 1979 1553 monterende
2013 1504 2046 1549 ƒ
2079 1504 2280 1551 27836:
2312 1504 2413 1550 15:
2444 1502 2513 1549 1-
2546 1501 2746 1547 Nevens
2779 1500 2913 1547 dien

920 1600 1106 1656 gewerd
1136 1597 1230 1645 ons
1258 1595 1352 1640 vE.
1382 1593 1599 1640 Missive
1629 1595 1752 1641 dato
1782 1594 1937 1640 10:en
1967 1592 2244 1639 Septemb:r
2274 1588 2398 1636 ende
2428 1585 2644 1633 vordere
2675 1583 2768 1630 bij
2797 1582 3081 1632 gevoughde

900 1684 1176 1739 Papieren
1210 1678 1730 1729 voornamentlijck
1763 1679 1972 1726 Covija
2006 1676 2249 1724 Missive
2282 1674 2387 1720 der
2422 1674 2560 1720 Ed:e
2594 1671 2802 1720 Heeren
2836 1670 3012 1716 Raden

907 1784 1014 1834 van
1047 1777 1220 1828 Jndia
1255 1775 1359 1822 aen
1392 1774 1427 1819 u
1462 1773 1531 1819 E.
1565 1770 1841 1817 waeruijt
1873 1765 1981 1815 ten
2012 1761 2393 1812 principalen
2427 1760 2602 1811 deses
2633 1751 2946 1812 Comptoirs

910 1869 1316 1932 gelegentheijt
1345 1863 1564 1913 rakende
1594 1856 1874 1907 vernemen,
1904 1854 1967 1900 't
1997 1851 2246 1900 tydelyck
2276 1849 2556 1896 versenden
2587 1850 2711 1896 vant
2742 1849 2930 1897 fluijt

896 1973 1070 2028 schip
1102 1968 1172 2016 de
1205 1962 1444 2011 meerman
1478 1961 1615 2007 ende
1648 1957 1751 2005 bij
1784 1951 2058 2001 Licentie
2091 1948 2194 1995 wat
2225 1941 2572 1993 quantiteyt
2603 1944 2808 1993 Cooper
2842 1941 2979 1989 voor

896 2064 1122 2117 Parsia,
1152 2055 1380 2108 Suratta
1412 2054 1541 2100 ende
1573 2052 1864 2099 Cormandel
1895 2044 2187 2098 gevordert
2218 2042 2380 2089 werd,
2412 2038 2606 2087 welcke
2637 2034 2995 2083 quantiteijt

924 2164 1044 2214 niet
1069 2154 1249 2206 alleen
1278 2151 1455 2199 zullen
1484 2146 1662 2196 connen
1690 2140 1927 2191 voldoen,
1955 2136 2074 2184 maer
2103 2132 2280 2180 alrede
2309 2129 2516 2176 voorden
2545 2127 2782 2174 ontfanck
2809 2125 2958 2171 deses

924 2260 1044 2310 inde
1072 2251 1252 2304 fluijt
1281 2249 1341 2295 de
1370 2244 1579 2293 Coningh
1607 2240 1698 2288 van
1727 2239 1906 2287 Poolen
1935 2235 2054 2283 ende
2083 2233 2143 2279 t'
2172 2230 2322 2278 Jaght
2349 2227 2411 2274 de
2440 2225 2530 2272 zee
2558 2223 2649 2269 rob
2677 2216 3008 2267 affgeladen.

908 2355 1076 2406 zulcx
1106 2340 1540 2398 Jegenwoordigh
1573 2337 1739 2384 ruijm
1771 2333 1939 2382 3100:
1969 2328 2137 2379 Vicol
2170 2326 2237 2373 in
2269 2318 2536 2371 voorraed
2567 2310 2768 2363 Hebben
2801 2303 2934 2354 ende

928 2442 1119 2499 staedt
1149 2434 1402 2485 maekende
1433 2433 1621 2479 gelyck
1650 2430 1716 2478 in
1747 2428 1905 2475 onsen
1935 2423 2124 2474 vorige
2153 2415 2375 2467 gemeldt
2406 2414 2469 2460 in
2500 2411 2658 2459 alles
2688 2408 2815 2456 4000
2846 2408 2948 2456 &:a

909 2541 1004 2590 zoo
1033 2531 1223 2582 staeff
1255 2528 1350 2576 als
1381 2528 1696 2576 plaatkoper
1727 2526 1790 2572 te
1821 2524 2137 2571 versenden,
2167 2520 2263 2569 ten
2293 2516 2515 2564 aensien
2544 2511 2672 2560 haer
2703 2510 2831 2557 Ed:e
2860 2512 2955 2559 bij

913 2627 1146 2682 Missive
1179 2622 1377 2671 vanden
1410 2619 1576 2666 18=en
1608 2618 1774 2666 Junij
1805 2612 2104 2661 voorleden
2136 2606 2402 2657 ernstigh
2433 2596 2864 2649 recommanderen
2896 2595 2997 2642 van

916 2725 1012 2776 dat
1041 2716 1293 2768 minerael
1324 2714 1450 2760 niet
1480 2715 1543 2760 te
1574 2714 1700 2760 veel
1730 2711 1981 2759 gezonden
2012 2707 2106 2755 kan
2137 2706 2357 2753 werden,
2388 2700 2607 2754 wijders
2637 2694 2732 2743 mij
2761 2680 3078 2737 gefondeert

912 2815 1189 2879 hebbende
1222 2811 1327 2860 opt
1360 2806 1671 2854 schrijven
1704 2805 1808 2851 van
1842 2806 1912 2853 d'
1945 2805 2084 2854 Ed:e
2114 2801 2220 2851 H:r
2255 2794 2599 2846 Gouverneur
2631 2787 2910 2839 Generael

914 2914 1113 2973 hooger
1144 2906 1438 2957 gedachten
1469 2901 1665 2950 aenden
1696 2900 1763 2946 E.
1792 2897 1894 2945 Jan
1926 2896 2024 2943 van
2056 2894 2317 2943 Olseragh
2347 2890 2480 2938 dato
2511 2887 2610 2934 27:
2642 2884 2772 2931 maij
2805 2886 2968 2933 1644:

926 3015 986 3062 in
1013 3007 1192 3058 Batt:a
1220 3000 1543 3053 dicterende,
1572 2997 1690 3045 uijt
1719 2994 2013 3042 d'aduijsen
2042 2994 2130 3041 van
2159 2996 2247 3042 vE.
2275 2988 2541 3040 dubiteren
2569 2985 2629 3032 nu
2657 2982 2775 3029 niet
2804 2980 2955 3028 meer,

928 3102 1123 3155 aenden
1154 3095 1414 3147 uijtvour
1445 3092 1544 3140 des
1576 3090 1835 3138 Coopers,
1867 3088 1965 3134 des
1997 3087 2094 3133 dat
2126 3084 2321 3132 Metael
2353 3080 2483 3129 uijt
2513 3069 2807 3124 Nederland
2835 3064 2904 3112 te

920 3192 1160 3248 vorderen
1188 3184 1518 3235 g'excuseert
1547 3180 1756 3229 hebben,
1784 3176 1994 3225 blijven
2023 3174 2113 3221 dan
2142 3171 2411 3219 zoodanige
2440 3157 2769 3216 quantiteijt
2798 3150 2918 3200 uijt

898 3290 1077 3346 Jappan
1104 3286 1163 3333 te
1191 3279 1395 3330 gemoedt
1422 3276 1539 3323 zien
1568 3274 1655 3321 als
1683 3272 1742 3318 de
1770 3269 2003 3317 regenten
2031 3268 2206 3313 zullen
2233 3263 2466 3312 gelieven
2494 3262 2553 3307 te
2578 3258 2932 3307 licentieren,

924 3384 991 3432 en
1019 3375 1120 3425 zal
1152 3372 1217 3419 te
1249 3365 1476 3416 becomen
1509 3362 1704 3410 zijnde
1734 3360 1833 3407 van
1866 3358 2125 3406 Taijovan
2158 3357 2320 3403 reght
2352 3356 2482 3402 door
2514 3353 2644 3400 naer
2676 3350 2945 3400 wingurla

885 3467 1119 3527 Suratta
1151 3462 1284 3509 ende
1309 3455 1515 3506 Parsia
1547 3452 1746 3500 dienen
1778 3449 1944 3496 bijen
1977 3448 2209 3494 bestelt
2242 3448 2342 3494 200
2374 3447 2407 3492 6
2441 3447 2507 3492 lb
2539 3444 2672 3492 ofte
2705 3444 2739 3489 2
2770 3442 2805 3488 b
2836 3438 3007 3486 picol

914 3564 1057 3625 Jtem
1090 3557 1228 3606 voor
1262 3547 1572 3601 Cormandel
1605 3540 1880 3591 duijzent
1915 3539 2087 3585 vicol
2121 3538 2190 3584 de
2224 3535 2396 3583 reste
2430 3535 2533 3580 die
2567 3532 2705 3579 meer
2738 3524 2945 3577 mochte

922 3651 1160 3710 leveren
1190 3646 1295 3696 tot
1327 3637 1566 3690 Ballast
1599 3634 1735 3681 naer
1767 3631 1971 3677 Batt:a
2005 3629 2208 3676 staedt
2241 3626 2479 3674 makende
2512 3624 2851 3672 Jaerlijckx
2884 3623 2987 3670 met

917 3751 1045 3806 3a4:
1072 3738 1322 3794 Duijzent
1352 3732 1507 3782 Vicol
1537 3729 1662 3777 niet
1692 3726 1940 3774 verlegen
1970 3724 2156 3771 connen
2187 3722 2373 3768 wesen,
2403 3719 2465 3766 't
2496 3715 2589 3763 zij
2619 3712 2836 3759 Gockies
2867 3713 3054 3763 plaedt

927 3840 1047 3890 ofte
1075 3830 1374 3884 staeffkens
1402 3827 1553 3874 Coper
1581 3824 1702 3871 h=ta
1731 3821 1970 3868 naerdien
1999 3821 2089 3867 dan
2118 3817 2327 3866 meerder
2354 3808 2684 3861 quantiteijt
2713 3807 2803 3852 als
2833 3806 3042 3853 geeijst

919 3930 1185 3989 Jngecoght
1212 3919 1685 3974 concequentelijck
1713 3920 1773 3965 te
1801 3918 2067 3964 versenden
2096 3914 2302 3963 staedt,
2331 3910 2449 3959 zien
2477 3905 2596 3955 geen
2625 3903 2831 3950 naerder
2861 3903 3039 3953 middel

925 4039 1015 4092 als
1043 4033 1131 4082 UE.
1158 4029 1217 4077 in
1245 4017 1593 4073 consideratie
1622 4016 1680 4062 te
1709 4015 1854 4061 geven
1883 4015 1970 4060 off
1997 4013 2115 4060 oock
2143 4014 2231 4059 den
2258 4005 2665 4058 Jegenwoordigen
2693 4005 2838 4050 eysch
2867 4005 2990 4055 naer

924 4124 1106 4179 vooren
1135 4117 1374 4168 geroerde
1403 4112 1701 4161 quartieren
1730 4111 2059 4158 eenighsints
2087 4110 2148 4157 te
2177 4104 2476 4154 vergrooten
2505 4101 2625 4149 ende
2654 4098 2804 4146 alzoo
2833 4095 2953 4144 alle

935 4219 1001 4265 te
1032 4207 1330 4262 vertieren
1362 4204 1494 4252 ofte
1527 4201 1626 4249 wel
1658 4200 1790 4247 haer
1823 4202 1954 4247 Ed:e
1987 4200 2185 4248 ordere
2216 4197 2415 4247 prompt
2447 4189 2810 4242 naergecomen
2842 4190 2942 4238 zal

923 4309 1113 4361 moeten
1143 4302 1365 4353 werden,
1396 4299 1523 4347 voor
1554 4298 1680 4345 Siam
1712 4298 1870 4345 hebbe
1900 4299 1996 4345 100
2027 4300 2153 4346 ende
2184 4298 2437 4345 Toncquin
2468 4298 2564 4344 150
2593 4297 2690 4344 p=s
2718 4295 3006 4347 geproiec„

934 4405 1097 4458 teerd
1126 4400 1225 4448 met
1256 4395 1579 4445 vertrouwen
1608 4393 1676 4440 in
1707 4393 1837 4439 siam
1869 4394 1966 4441 wel
1998 4395 2288 4442 renderen,
2319 4394 2450 4440 ende
2481 4394 2546 4440 Jn
2577 4393 2836 4439 toncquin
2868 4395 3030 4443 gunst

918 4511 1046 4567 ende
1074 4498 1326 4555 apparend
1356 4493 1481 4542 mede
1511 4489 1761 4537 proffijt
1791 4487 1948 4534 geven
1978 4485 2103 4532 zal,
2132 4482 2165 4529 —

1373 515 1749 563 Drnsterte
1790 511 1916 558 wel
1957 505 2165 553 wijse
2206 500 2624 553 Voorlinige

1431 610 1612 662 seer
1654 604 2010 658 Discrete
2053 594 2276 652 Heere
