3703 4828
1580 625 1629 673 „
1658 627 1766 675 9:
1812 627 2045 676 ditos
2091 630 2370 678 swarte
2416 633 2695 683 Bastas

1589 720 1721 769 10:
1763 717 1980 763 ditos
2019 714 2240 762 roode
2273 711 2589 765 Chelas„

1590 805 1637 854 „
1678 801 1767 850 9:
1809 803 2028 850 ditos
2070 802 2333 849 swarte
2374 798 2637 849 Berams

1576 897 1618 944 „
1657 895 1741 941 8:
1781 893 1986 941 ditos
2026 888 2272 937 swarte
2310 884 2559 933 ardias

1575 983 1617 1031 „
1653 980 1730 1027 5:
1767 979 1959 1026 ditos
1996 976 2226 1024 smalle
2262 973 2493 1023 chijts

1595 1069 1724 1117 48:
1765 1064 1978 1112 ditos
2018 1061 2232 1108 rouwe
2275 1061 2317 1106 a
2359 1056 2826 1105 grascleeden

1609 1143 1746 1190 20:
1791 1141 2018 1188 ditos
2063 1143 2291 1190 rouwe
2336 1139 2791 1192 mercoelijs

1607 1216 1727 1264 56:
1765 1214 1963 1261 ditos
2002 1211 2437 1258 verscheijde
2475 1212 2752 1261 cleeden
2789 1213 2949 1261 voor
2985 1211 3503 1275 particulieren

1216 1357 1383 1407 Waer
1423 1363 1547 1409 toe
1589 1364 1755 1412 hier
1795 1367 1961 1414 noch
2001 1369 2086 1417 80
2126 1373 2374 1420 packen
2415 1375 2663 1422 Agrasz
2704 1375 2954 1422 Indigo
2993 1379 3119 1429 tot
3158 1385 3243 1433 38
3282 1389 3489 1439 ropia

1358 1455 1451 1505 de
1495 1453 1631 1499 man
1675 1452 1810 1499 van
1852 1451 1989 1498 34¾
2034 1451 2124 1498 lb
2168 1453 2708 1508 genegotieert
2749 1463 2843 1511 en
2887 1466 3067 1512 naer
3111 1468 3430 1520 Bassora

1362 1540 1728 1595 versonden
1769 1538 2053 1585 hebben,
2094 1538 2460 1585 werwaerts
2500 1540 2582 1587 d'
2621 1541 2866 1590 andere
2906 1546 3191 1597 cleeden
3231 1551 3354 1600 &=a

1348 1645 1937 1711 geprojecteert
1979 1636 2207 1687 sijn,
2252 1636 2478 1683 hebbe
2523 1636 2704 1683 niet
2749 1635 3021 1682 connen
3065 1636 3428 1685 vernemen

1357 1754 1686 1808 wanneer
1732 1752 1919 1799 haer
1964 1742 2200 1796 jacht
2245 1738 2340 1786 de
2385 1735 2713 1782 francis
2758 1733 2946 1780 naer
2992 1729 3380 1778 swackijn

1347 1853 1825 1910 genavigeert
1868 1851 2041 1898 sijn
2083 1847 2343 1895 hebben
2385 1847 2645 1895 vooren
2688 1844 3077 1893 geseijdt,
3119 1845 3207 1890 op
3248 1841 3379 1888 den

1341 1969 1616 2025 selven
1659 1963 1842 2013 tijt
1886 1956 2069 2006 sijn
2114 1955 2204 2000 d'
2250 1954 2386 2000 hin
2428 1952 2613 1999 ende
2657 1947 2975 1994 seehors
3020 1948 3156 1994 met
3201 1948 3474 1996 vracht

1342 2071 1732 2131 goederen
1780 2068 1976 2115 naer
2024 2062 2318 2112 gamron
2366 2059 2806 2107 geseijlt,
2854 2060 3049 2107 ende
3097 2061 3393 2112 ultimo

1349 2183 1701 2247 passado
1720 2174 1900 2225 den
1942 2167 2299 2217 grooten
2335 2161 2549 2211 ende
2597 2155 2998 2204 cleijnen
3042 2154 3298 2200 valck

1341 2287 1488 2335 met
1536 2276 1976 2331 d'wilhem,
2025 2275 2172 2321 soo
2218 2271 2368 2319 met
2416 2266 2612 2315 haer
2660 2259 2954 2310 eijgen
3002 2256 3150 2303 als
3198 2253 3443 2301 moors

1326 2372 1725 2435 goederen
1773 2367 2172 2415 geladen,
2215 2367 2422 2414 naer
2466 2368 2769 2415 mocha,
2811 2363 2968 2414 van
3017 2358 3217 2407 waer

1291 2489 1462 2547 den
1518 2474 1911 2532 grooten
1965 2466 2247 2517 Valck
2303 2463 2527 2509 naer
2582 2454 3262 2509 maduespatnam

1323 2585 1729 2643 teekeeren
1774 2582 1998 2630 staat
2043 2581 2133 2626 d'
2177 2581 2357 2627 Inde
2400 2580 2537 2627 vre
2580 2579 2671 2628 is
2713 2579 2850 2626 den
2895 2579 3075 2626 9=en
3107 2576 3344 2623 deses

1326 2686 1540 2736 naer
1591 2677 1966 2730 Bassora
2015 2677 2605 2726 vertrocken,
2657 2680 2871 2727 waer
2924 2680 3031 2728 d'
3084 2682 3244 2729 hin
3296 2678 3404 2726 en

1304 2800 1447 2851 see
1492 2788 1729 2843 hars,
1775 2772 2341 2831 jnploijeeren
2384 2771 2718 2819 sullen,
2765 2772 3096 2819 wanneer
3143 2771 3290 2821 van

1286 2904 1618 2966 gamron
1670 2883 2336 2948 retoerneren,
2390 2879 2556 2927 can
2611 2876 2832 2923 niet
2885 2868 3329 2921 vernemen

1306 3000 1713 3067 d'supplij
1757 2996 1848 3044 is
1891 2991 2071 3039 uijt
2116 2988 2206 3035 d'
2249 2982 2609 3031 nanethes
2648 2974 2833 3026 noch
2877 2968 3056 3017 niet
3100 2966 3459 3013 verschen

1338 3103 1695 3156 tardeert
1738 3098 1918 3147 vrij
1962 3090 2229 3141 langh,
2271 3083 2452 3134 ende
2496 3079 2719 3127 werdt
2763 3077 2898 3124 van
2942 3074 3121 3120 haer
3165 3073 3299 3120 met

1312 3195 2040 3260 grootverlangen
2091 3193 2196 3239 te
2248 3186 2560 3238 gemoet
2611 3183 2927 3230 gesien

3375 2203 3453 2258 no.

1235 3415 1551 3479 tsedert
1595 3409 1775 3458 mijn
1818 3407 2267 3454 voorgaande
2310 3405 2714 3452 schrijven
2759 3405 2939 3451 sijn
2977 3405 3162 3452 geen
3206 3402 3431 3452 moors

1305 3518 1602 3576 schepen
1643 3514 2063 3563 vertrocken
2104 3513 2231 3559 als
2272 3506 2735 3557 alleenlijck
2777 3503 2903 3551 den
2944 3501 3113 3549 4=en
3153 3489 3449 3547 passado

1298 3607 1962 3677 sconincksschip
2007 3601 2103 3650 de
2150 3591 2622 3646 gensjauwer
2670 3590 2858 3636 naer
2905 3588 3189 3635 sjedda

1305 3722 1490 3776 ende
1534 3715 1671 3764 den
1715 3709 1944 3759 20de„
1984 3707 2079 3756 de
2123 3693 2442 3750 sahebij
2485 3682 2669 3737 naer
2713 3679 2986 3726 Nocha,
3032 3678 3395 3725 welckers

1291 3811 1611 3879 ladinge
1653 3800 1836 3853 inde
1881 3793 2242 3842 notietie
2286 3791 2376 3837 No
2422 3790 2512 3837 26
2557 3786 2782 3833 largo
2827 3772 3464 3829 gespecificeert

1294 3921 1571 3981 staat,
1615 3915 1754 3964 p=r
1798 3900 2027 3960 deses
2072 3900 2164 3947 is
2209 3898 2484 3944 tschip
2529 3897 2667 3944 van
2711 3888 2941 3941 hagie
2985 3880 3443 3932 sjaesbeecq

1288 4014 1726 4080 hebbende
1779 4010 1944 4057 een
1998 4010 2161 4056 pas
2215 4002 2489 4054 vande
2539 3987 3166 4049 portugeesen

1289 4136 1476 4195 voor
1519 4120 1842 4179 atchijn
1888 4115 2348 4165 gevordert,
2389 4111 2484 4158 jn
2529 4107 2805 4157 plaats
2849 4103 2989 4153 van
3034 4092 3455 4147 derwaerts

1291 4236 1500 4295 oock
1550 4224 1756 4278 naer
1806 4216 2064 4266 mocha
2115 4212 2630 4263 mitsgaders
2679 4216 2885 4265 twee
2935 4200 3296 4261 cleijne

2816 4385 3363 4447 Scheepkens

2851 1061 2943 1117 -
