3423 4883
2400 947 2565 997 1067

1003 931 1036 978 T
1065 929 1368 987 sterc-haps
1395 944 1576 994 Credit

643 1047 696 1092 p.
722 1045 802 1091 een
829 1044 990 1093 schepe
1013 1048 1174 1096 kennis
1200 1051 1281 1098 ten
1306 1053 1440 1101 laste
1465 1056 1546 1105 van
1571 1061 1705 1106 Josna
1730 1060 1891 1111 Jacobs
1917 1067 2024 1116 vryj
2049 1072 2210 1123 Burger
2234 1079 2289 1126 op

698 1135 779 1183 Rane
799 1138 859 1183 als
878 1136 938 1182 bij
958 1136 1000 1183 de
1016 1137 1118 1184 zelve
1137 1138 1338 1185 blyjckende
1357 1140 1418 1187 zij
1436 1143 1457 1188 -
1476 1144 1497 1189 -
1516 1144 1537 1190 -
1556 1145 1578 1191 -
1596 1147 1616 1192 -
1636 1147 1657 1192 .
1676 1148 1697 1193 -
1716 1148 1737 1194 .
1755 1149 1779 1196 .
1795 1152 1816 1198 .
1833 1149 1856 1195 .
1875 1150 1896 1195 .
1915 1150 1936 1196 .
1955 1151 1976 1197 .
1995 1152 2016 1197 .
2035 1153 2055 1198 .
2075 1153 2095 1198 .
2114 1153 2137 1199 .
2154 1155 2176 1201 .
2194 1157 2216 1203 .
2234 1158 2314 1207 Ra..

2373 1175 2621 1223 1200„-

659 1230 719 1280 p.
749 1235 838 1282 Jan
867 1234 1015 1282 Jansz
1045 1234 1224 1281 Ruyter
1252 1236 1341 1282 als
1370 1236 2321 1309 voordesen-----------------------
2348 1265 2382 1313 „

2404 1266 2626 1313 500„-

628 1338 683 1384 P.
706 1337 996 1387 Christoffel
1022 1339 1127 1384 huys
1152 1338 1232 1384 als
1258 1334 1417 1382 vooren

1751 1347 2611 1413 „1000„-

1407 1561 1793 1612 Transportere
1824 1566 1890 1614 op
1921 1566 1986 1614 d'
2018 1569 2180 1615 ander
2211 1571 2341 1623 zyde
2371 1580 2436 1625 No
2468 1578 2661 1626 2700„-

504 2953 522 2998 .
538 2952 556 2997 .
571 2951 589 2997 .
605 2951 623 2996 .
638 2950 656 2995 .
672 2949 690 2995 .
706 2949 725 2995 .

553 3048 566 3093 .
579 3048 592 3093 .
604 3048 618 3093 .
630 3047 644 3092 .
656 3047 670 3092 .
682 3046 696 3091 .
709 3046 722 3091 .
735 3046 748 3091 .
760 3046 774 3091 .
786 3045 800 3090 .
812 3045 826 3090 .
838 3044 852 3089 .

2156 2725 2190 2770 1

23 1295 150 1341 1092„

187 1296 202 1341 6

1388 774 1431 819 eren

651 3130 697 3175 d2
716 3127 744 3175 3
762 3116 836 3169 de6

29 3538 122 3586 24„

12 4434 28 4479 84
