3505 4801
2802 463 2961 515 1016

916 527 1148 576 plaets
1186 527 1494 579 hebbend)
1531 533 1686 579 voor
1724 535 1956 585 goeden
1990 541 2185 590 buijt
2222 545 2644 594 aengehouden
2682 549 2952 599 werden,

866 650 1136 700 wanneer
1173 649 1328 695 voor
1366 651 1598 701 andere
1635 655 1867 702 havens
1905 656 2214 705 gevonden
2250 660 2521 710 worden,
2559 665 2713 713 waer
2752 668 2867 714 van
2905 668 3021 714 den

901 759 1267 810 gouverneur
1303 760 1450 808 end'
1485 764 1631 810 alle
1668 765 1741 811 de
1776 766 2178 821 coopluijden
2214 776 2397 823 eerde
2432 778 2651 826 voorsz
2687 781 2979 827 pascedul

898 878 1022 927 hun
1063 876 1556 924 geintrigeert
1596 878 1721 924 is,
1761 880 2254 930 gewaerschout
2294 886 2540 933 hebbe,
2581 887 2746 934 want
2786 889 3033 938 sonder

903 996 1017 1043 dat
1054 995 1207 1042 dese
1244 997 1814 1044 lorrendraeyerij
1851 995 2231 1043 nimmermeer
2268 998 2345 1044 op
2382 1000 2611 1049 houden
2648 1005 2800 1051 sal,
2838 1001 2990 1051 ende

895 1108 1192 1167 machons
1233 1106 1780 1154 diesaengaende
1821 1105 1948 1151 wat
1989 1104 2242 1151 moijte
2283 1106 2705 1160 overcomen,
2746 1115 2920 1165 doch

917 1230 1069 1276 voor
1106 1228 1334 1274 schade
1371 1229 1484 1274 sal
1521 1227 1598 1274 d'
1635 1225 1862 1272 Comp=e
1898 1223 2164 1270 verhoop
2199 1222 2315 1269 ick
2351 1224 2466 1270 wel
2503 1221 2806 1270 bevrijdt
2843 1218 2995 1268 ende

917 1344 1167 1396 vanden
1207 1341 1496 1389 Coninck
1536 1339 2111 1389 ongemolesteert
2148 1335 2440 1384 blyven.
2479 1332 2563 1380 /.

1012 1415 1137 1466 no

773 1486 1005 1536 Voorsz
1043 1485 1313 1533 Masseij
1349 1487 1428 1533 is
1465 1488 1542 1533 't
1581 1488 1773 1534 selve
1809 1487 2042 1534 schip,
2080 1488 2196 1533 dat
2233 1487 2389 1534 over
2426 1488 2465 1533 2
2503 1485 2734 1533 Jaeren
2771 1484 2926 1530 door

899 1602 974 1648 't
1009 1596 1199 1644 Jacht
1234 1597 1311 1643 d'
1348 1596 1610 1643 lieffde
1648 1596 1910 1643 omtrent
1947 1592 2135 1640 poulo
2171 1590 2622 1638 dinghdingh:)
2658 1590 2809 1637 naer
2846 1590 2996 1637 sich

902 1711 1052 1762 daer
1088 1707 1274 1755 tegen
1310 1704 1680 1754 Offencijff
1717 1701 1975 1750 gestelt
2012 1701 2234 1748 hadde)
2271 1699 2678 1747 aengehaelt,
2714 1697 2862 1744 ende
2898 1694 3048 1741 voor

897 1824 1182 1879 Malacca
1222 1822 1304 1868 op
1344 1818 1710 1866 gebracht,
1750 1809 2197 1861 mitsgaders,
2237 1808 2482 1858 ditos,
2521 1808 2806 1858 nachoda
2846 1802 3012 1852 omde

886 1948 1292 2012 gepleeghde
1330 1936 1813 1991 hostiliteijt
1851 1934 1973 1981 van
2012 1933 2054 1979 u
2093 1928 2294 1976 Ed=ts
2333 1926 2415 1972 in
2454 1925 2575 1972 een
2615 1923 2856 1971 amende
2895 1919 3017 1967 van

891 2086 983 2137 15
1027 2074 1340 2131 Bhaeren
1383 2068 1562 2118 thin
1606 2055 2186 2112 gecondemneert
2227 2051 2320 2098 is
2362 2040 2676 2096 geweest
2719 2039 2988 2087 welcke

899 2203 1014 2251 d=o
1051 2198 1279 2247 aenden
1316 2193 1695 2243 gouverneur
1731 2189 1847 2238 van
1884 2184 2074 2233 vliet
2111 2178 2377 2228 voldaen
2413 2173 2642 2223 heeft,
2679 2171 2831 2219 hier
2867 2171 3023 2219 over

895 2313 1002 2359 als
1037 2310 1248 2358 andere
1282 2306 1565 2354 gewelden
1599 2305 1775 2353 (:soo
1810 2305 1916 2352 hij
1951 2303 2127 2350 seijt
2162 2303 2232 2348 :)
2266 2300 2373 2348 hem
2407 2297 2760 2345 aengedaen,
2795 2291 3042 2342 doleert

891 2428 998 2480 hij
1033 2426 1206 2473 seer,
1241 2426 1380 2472 ende
1414 2424 1693 2471 dreijght
1726 2423 1831 2469 ons
1865 2423 2074 2469 hardt,
2109 2423 2248 2468 doch
2283 2421 2387 2468 bes
2419 2420 2560 2468 daer
2594 2417 2734 2464 voor
2767 2409 2909 2462 niet

900 2541 1226 2593 beducht,
1266 2537 1511 2584 intrum
1552 2535 1837 2582 blijckt
1877 2532 2040 2580 hier
2079 2530 2203 2577 bij
2244 2528 2366 2575 van
2405 2525 2529 2572 wat
2570 2521 2774 2570 geest
2814 2514 2977 2565 dese

897 2658 1385 2711 ontdanckbare
1424 2657 1667 2705 mooren
1707 2657 2031 2703 gedreven
2070 2653 2355 2702 werden,
2395 2648 2719 2697 laethhun
2759 2648 2924 2696 door

896 2779 1045 2827 haer
1081 2778 1527 2824 flatteerende
1564 2779 1751 2826 Jonge
1787 2779 1936 2825 ende
1971 2776 2233 2824 belofte
2269 2774 2455 2820 vande
2492 2769 2716 2819 Compe.
2752 2767 2827 2813 in
2863 2760 3013 2811 dese

885 2897 1211 2946 gewesten
1250 2898 1493 2945 groote
1532 2895 1736 2941 hulpe
1776 2894 1857 2940 te
1898 2894 2100 2939 doen,
2140 2894 2303 2941 alle
2343 2897 2587 2945 faveur
2624 2898 3031 2947 genietende

870 3029 1288 3087 naderhandt
1329 3028 1412 3073 in
1452 3027 1578 3073 een
1618 3024 2032 3073 beuselingh
2073 3024 2197 3069 een
2239 3024 2569 3070 weijnich
2610 3020 2818 3070 tegen
2858 3017 3024 3066 haer

880 3152 1111 3205 gemoet
1148 3149 1567 3197 getracteert
1605 3149 1872 3195 werden,
1909 3150 2025 3198 soo
2061 3153 2292 3201 sullen
2329 3156 2481 3202 alle
2517 3155 2596 3201 de
2634 3150 2941 3199 genooten

891 3268 1301 3321 benefijtien
1338 3267 1450 3313 aen
1486 3265 1673 3311 d'een
1709 3266 1896 3311 sijde
1932 3267 2231 3316 stellen,
2266 3270 2416 3316 ende
2452 3269 2602 3315 hier
2637 3262 2902 3313 comende

873 3386 1057 3442 noch
1102 3382 1236 3429 wel
1280 3379 1683 3428 clachtich
1727 3379 2130 3431 vallende,
2174 3387 2442 3434 daerom
2486 3390 2665 3435 best
2710 3388 2957 3435 haere

874 3500 986 3549 soe
1022 3498 1097 3544 te
1133 3496 1394 3543 woorden
1431 3495 1579 3542 ende
1616 3494 2024 3541 veelderleij
2058 3495 2505 3545 toeseggingen
2542 3500 2691 3548 geen
2728 3503 2989 3552 gelooff

863 3616 1156 3670 gegeven
1197 3613 1446 3661 werden
1487 3610 1653 3658 want
1694 3610 1861 3657 hier
1900 3612 2192 3661 comende
2233 3616 2606 3667 verdwijnt
2646 3620 2855 3667 alles
2894 3617 2980 3665 in

876 3735 1096 3781 roock,
1133 3735 1353 3781 zijnde
1390 3733 1536 3780 niet
1573 3733 1720 3778 meer
1755 3732 1867 3778 als
1902 3730 2345 3778 coopluijden,
2380 3734 2490 3780 die
2527 3735 2637 3780 met
2673 3734 2784 3781 een
2820 3734 3004 3781 stroo

885 3850 1117 3898 connen
1155 3851 1271 3896 aen
1309 3851 1579 3897 stucken
1617 3851 1848 3897 bijten
1886 3851 2002 3896 met
2040 3852 2195 3899 haer
2232 3853 2463 3900 eijgen
2502 3852 2733 3900 selffs
2769 3851 3055 3901 genough

880 3964 958 4011 te
995 3965 1148 4011 doen
1186 3965 1454 4014 hebben,
1492 3969 1722 4016 alsmen
1758 3971 2026 4017 ijmandt
2064 3972 2294 4019 faveur
2332 3974 2446 4021 wil
2485 3976 2676 4024 doen,
2712 3977 2868 4025 laet
2903 3975 3019 4025 het

872 4085 987 4133 aen
1025 4083 1100 4129 s'
1138 4082 1403 4129 Conincx
1439 4084 1628 4132 schip
1666 4087 2043 4133 geschieden
2080 4088 2231 4135 waer
2269 4090 2421 4138 voor
2457 4094 2609 4143 sijn
2646 4098 3025 4148 Maijgis=ts

859 4208 1139 4258 gunste,
1178 4208 1337 4255 ende
1376 4209 1496 4255 der
1536 4208 1972 4256 gouverneurs
2012 4211 2489 4262 benevolentie
2527 4216 2608 4262 te
2647 4217 3045 4267 verwachten

863 4330 1131 4381 hebben,
1168 4330 1549 4377 dierhalven
1585 4331 1700 4377 wel
1737 4327 2006 4376 noodich
2041 4331 2156 4377 sal
2193 4333 2385 4381 wesen
2421 4337 2497 4383 (:
2533 4336 2651 4383 met
2686 4339 2725 4385 u
2763 4336 2953 4385 Ed=ts

2552 4446 2952 4504 licentie)

156 613 255 660 nb=

189 1215 251 1261 teij

154 1737 176 1783 en

0 1860 251 1907 Mochal

149 1965 270 2012 ordes

153 2080 213 2127 r't

189 2201 225 2246 aen

0 2433 33 2479 m

173 2709 195 2754 n
