3410 4985
460 430 793 485 februarij
829 430 904 478 ao
940 434 1161 483 1646/.

2521 453 2630 502 zu
2683 450 2900 498 zedo

1083 706 1286 753 proeven
1314 706 1430 752 oste
1459 705 1546 751 ooc
1574 705 1690 752 in't
1719 707 2009 758 answoorden
2038 713 2212 761 mochte
2240 716 2471 764 varieken
2499 717 2617 764 doeh
2644 716 2819 763 sonder
2848 717 3051 764 'tselve
3079 720 3172 773 aen

1094 821 1155 868 te
1184 821 1453 867 teeckenen
1482 820 1812 871 gescheijden

1095 945 1181 991 als
1208 943 1265 989 nu
1294 944 1379 990 den
1407 944 1521 990 tijt
1549 944 1606 989 om
1635 944 1748 990 voor
1777 944 1862 990 den
1890 945 2119 991 kelijser
2145 947 2204 995 te
2231 951 2516 1000 verschinen
2543 956 2743 1003 gecomen
2770 959 2885 1007 was,
2912 962 3055 1012 werde
3083 968 3203 1019 door

1094 1050 1189 1097 den
1220 1052 1540 1104 Gouverneur
1570 1060 2078 1115 sabroschmondonne
2108 1069 2205 1115 nae
2236 1071 2427 1119 binnen
2458 1074 2712 1123 geleijd,
2743 1076 2871 1125 doch
2902 1078 3093 1124 Intrum

1098 1159 1151 1206 op
1177 1161 1362 1208 seecker
1389 1163 1522 1209 houte
1547 1165 1786 1214 galderije
1812 1169 1919 1216 doen
1944 1172 2156 1222 wachtin,
2182 1177 2342 1225 alwaer
2367 1180 2473 1226 sijn
2499 1180 2606 1227 Ed„s
2631 1180 2844 1226 alvooren
2870 1181 3030 1228 binnen
3055 1184 3214 1230 gegaen

1097 1274 1186 1322 mij
1214 1274 1538 1325 affvraechde
1567 1280 1626 1325 of
1655 1280 1773 1326 dese
1802 1281 2125 1332 schenckagie
2154 1287 2507 1337 presenteerde
2535 1293 2711 1338 wegens
2741 1293 2800 1339 de
2829 1295 3182 1346 verlossinghe

1107 1391 1197 1438 van
1227 1390 1406 1436 nambos
1436 1390 1735 1439 gevangeren
1764 1394 1885 1441 ofte
1913 1397 2123 1445 volgens
2152 1401 2480 1452 Jaerlijckse
2510 1407 2779 1458 gewoonte,
2809 1413 2928 1458 daer
2958 1413 3018 1459 op
3047 1415 3178 1465 ant„

1103 1504 1313 1551 woorden
1343 1506 1404 1552 de
1433 1507 1734 1554 schankagie
1764 1509 1885 1557 ende
1914 1512 2215 1564 Reverentie
2244 1520 2366 1567 naer
2394 1524 2665 1574 gewoonde,
2694 1528 2815 1574 ende
2844 1527 2935 1572 met
2965 1525 3123 1574 eenen

1096 1620 1208 1667 over
1235 1622 1292 1669 de
1318 1625 1622 1671 verloelinge
1648 1624 1732 1671 van
1759 1624 1926 1673 nambos
1953 1628 2229 1681 gevangenen
2256 1636 2367 1682 sijn
2394 1637 2588 1687 maijs:t
2615 1642 2975 1695 dancksegginge
3001 1649 3057 1695 te
3085 1649 3195 1695 doen

1088 1738 1282 1786 gecomen
1308 1741 1418 1787 was,
1445 1742 1556 1790 sijn
1583 1746 1692 1791 Ed:t
1720 1746 1830 1793 hier
1857 1748 1940 1793 van
1967 1749 2159 1798 Rapport
2186 1753 2380 1802 gedaen,
2405 1758 2516 1805 ende
2543 1760 2626 1806 mij
2652 1761 2927 1813 onderricht
2954 1768 3204 1814 hebbende,

1090 1863 1180 1909 als
1209 1863 1329 1908 voor
1359 1863 1478 1911 sijn
1507 1864 1689 1912 Maijet
1716 1867 2106 1921 verschijnende
2135 1877 2255 1925 niet
2285 1880 2465 1929 anders
2494 1885 2583 1931 den
2613 1886 2913 1933 Reverentie
2942 1889 3002 1934 te
3031 1889 3151 1935 doen

1097 1977 1277 2024 hadde,
1307 1979 1519 2026 vermits
1548 1982 1760 2029 'tgeene
1787 1986 2060 2040 gevraecht
2088 1997 2209 2044 ende
2238 2000 2601 2052 d'antwoorden
2629 2008 2719 2055 van
2749 2010 2870 2056 dien
2900 2011 2960 2056 d'
2990 2008 3140 2056 hooge

1094 2091 1312 2139 overicke
1339 2095 1448 2141 eijt
1475 2097 1829 2148 schriftelijck
1856 2103 2101 2155 vertloont
2128 2110 2238 2158 sij,
2264 2114 2401 2162 hetft
2427 2118 2509 2164 mij
2536 2119 2864 2169 alduijrkende
2889 2125 2999 2171 naer
3026 2127 3190 2175 binnen

1091 2205 1298 2253 geleijt
1326 2209 1444 2256 daer
1472 2212 1531 2258 de
1559 2213 1851 2265 Rijwraden,
1881 2219 1998 2266 ofte
2026 2222 2174 2270 hooge
2201 2226 2523 2280 overicheijt
2551 2235 2815 2285 vergadert
2843 2241 2960 2287 was,
2988 2238 3108 2286 ende

1092 2323 1246 2372 sijne
1276 2323 1488 2371 maijs„t
1517 2327 1578 2373 in
1609 2328 1700 2374 een
1729 2330 1881 2378 ander
1911 2333 2063 2383 saale
2092 2339 2455 2392 binnewaerts,
2485 2348 2606 2396 daer
2636 2351 2727 2398 van
2757 2353 2818 2399 de
2847 2349 3090 2401 schuijve

1099 2437 1313 2484 ongevelk
1340 2437 1609 2485 anderhalff
1634 2441 1742 2487 voet
1769 2442 1876 2488 open
1902 2443 2064 2492 stond.
2090 2448 2171 2493 ter
2197 2449 2358 2499 sijden
2384 2455 2599 2502 geseijde
2625 2457 2786 2503 heeren
2812 2458 2893 2505 een
2919 2460 3136 2514 weijnich

1095 2542 1239 2590 leger
1267 2544 1326 2590 op
1354 2545 1440 2591 een
1468 2546 1611 2592 houte
1640 2547 1898 2594 gaedertje
1926 2550 2356 2608 nederknielende,
2384 2564 2470 2610 den
2498 2564 2671 2611 hoofde
2699 2566 2843 2613 neder
2871 2569 3129 2616 buijgende

1093 2653 1428 2706 Reverentie
1462 2654 1695 2703 doende,
1727 2657 1929 2707 wierde
1961 2664 2095 2711 door
2127 2667 2228 2713 den
2260 2670 2526 2719 rijxraad
2559 2674 2959 2729 samickedonne
2992 2684 3129 2733 ins„

1103 2757 1323 2806 gelijcx
1352 2762 1447 2809 den
1477 2764 1697 2815 hooffde
1727 2770 1884 2818 neder
1914 2773 2227 2823 Buijgende,
2258 2779 2539 2832 overluijd
2570 2787 2821 2840 geroepen
2850 2797 3103 2851 hoecanda

1111 2868 1331 2917 Capitan
1362 2872 1488 2920 daer
1518 2875 1644 2921 mede
1674 2876 1988 2930 verstaande
2019 2885 2114 2932 den
2144 2888 2457 2945 hollanteen
2487 2901 2771 2954 Capiteijn
2800 2911 3113 2961 verschijnt

1096 2982 1221 3030 voor
1251 2986 1345 3032 uwe
1375 2988 1595 3038 maijs„t
1621 2992 1749 3039 ende
1779 2995 1904 3042 doet
1935 2997 2247 3051 Reverutie,
2276 3007 2372 3055 dit
2401 3011 2590 3061 gedaen
2618 3018 2929 3070 verschijnt
2961 3025 3085 3071 voor

1070 3103 1166 3149 uwe
1195 3102 1422 3150 maijz„t
1452 3105 1580 3151 ende
1612 3106 1739 3153 doet
1771 3108 2123 3163 Reverentie,
2153 3119 2251 3167 dit
2281 3123 2472 3172 gedaen
2504 3127 2632 3174 dede
2663 3130 3206 3192 sabrosiijmondonne

1081 3216 1288 3266 teecken
1317 3217 1376 3262 te
1405 3217 1726 3264 vertrecken,
1756 3219 2019 3269 Bevelende
2047 3224 2253 3274 buijten
2281 3230 2516 3283 weijnich
2544 3239 2603 3285 te
2631 3241 2924 3296 vertoeven,
2952 3249 3070 3297 daer

1082 3327 1233 3375 corts
1264 3330 1386 3377 daer
1415 3333 1507 3378 nae
1536 3334 1749 3381 wederom
1777 3334 1961 3380 binnen
1990 3335 2235 3389 geroepen
2262 3345 2354 3393 ter
2383 3349 2777 3404 vergaderinghe
2807 3359 2960 3408 vande
2989 3363 3174 3411 Ruijer

1079 3442 1251 3490 raden
1285 3443 1387 3488 die
1421 3442 1558 3488 uijt
1592 3442 1626 3487 s
1660 3442 1935 3492 keijsers
1967 3449 2138 3497 naeme
2172 3452 2274 3499 mij
2308 3454 2448 3505 door
2478 3462 2582 3510 den
2615 3466 2957 3521 Gouverneur
2991 3475 3094 3522 sa„

1084 3557 1661 3610 brosetjenondonne
1697 3563 1841 3609 dede
1877 3565 2200 3621 aenseggen
2236 3576 2344 3624 als
2380 3579 2776 3639 namentlijck

1054 3701 1120 3747 de
1149 3697 1477 3743 hollanders
1509 3699 1640 3746 ende
1671 3701 1998 3753 portugesen
2029 3709 2160 3756 sijn
2192 3712 2388 3763 altijt
2420 3718 2680 3765 vijanden
2712 3719 2940 3766 gewelst
2972 3715 3104 3764 daer

1068 3816 1161 3865 van
1191 3816 1252 3862 is
1282 3816 1374 3862 den
1404 3817 1617 3864 keijser
1647 3820 1891 3866 vercomen
1920 3822 2316 3872 geinformeert,
2345 3827 2710 3875 dienvolgende
2740 3825 2801 3870 de
2830 3818 3137 3870 hoelanders

1080 3929 1200 3976 selk
1230 3930 1471 3977 genegen,
1500 3932 1621 3978 ende
1651 3932 1741 3978 den
1771 3933 1952 3981 vrijen
1982 3936 2162 3982 handel
2192 3937 2253 3983 op
2282 3939 2433 3988 Japan
2462 3944 2703 3990 vergund,
2733 3945 3004 3990 derhalven
3034 3942 3155 3990 moet

1079 4045 1208 4091 glij
1240 4045 1560 4093 hoelanders
1592 4048 1656 4095 de
1688 4050 1945 4099 Beveelen
1976 4055 2073 4102 des
2104 4057 2361 4105 keijsers
2392 4059 2778 4109 onderhouden,
2805 4063 2905 4110 met
2935 4060 3001 4107 de
3033 4059 3161 4105 por„

1086 4167 1333 4215 tucgesen
1364 4166 1549 4213 nochte
1580 4166 1673 4213 Cas
1703 4168 1983 4217 Tilleanen
2009 4171 2137 4221 geen
2165 4178 2506 4228 Coophandel,
2536 4179 2907 4227 Converlatie,
2937 4179 3061 4225 noch
3088 4170 3156 4224 te

2569 4351 3074 4413 enigere/.

3287 485 3327 537 J
