3567 4801
2781 527 2986 587 962

578 576 854 646 Juny
920 551 1204 616 1646

793 766 883 815 An2
910 761 971 808 d.
998 759 1031 806 o
1056 746 1387 802 retourneert
1416 747 1507 793 den
1535 750 1893 801 opvercoopman
1921 756 1981 802 s.
2010 756 2042 802 r
2070 758 2279 809 Laurens
2308 764 2397 812 Pit
2427 767 2547 813 uijt
2575 768 2635 814 't
2664 768 3053 815 Moorscheleper

944 851 1124 906 vanden
1153 850 1212 895 H.
1242 849 1272 895 r
1301 847 1597 894 Miersumela
1625 850 1951 899 relaterende
1979 855 2039 901 op
2067 856 2186 903 sijn
2215 858 2274 903 E.
2304 858 2776 911 Comstederwaerdts
2805 864 2894 910 van

971 961 1095 1018 sijn
1124 958 1216 1005 Ed:
1244 954 1336 1003 met
1366 954 1517 1002 grote
1546 956 1818 1003 Courtasie
1849 957 2120 1006 onthaerdt
2150 961 2272 1010 ende
2299 965 2632 1015 verwillecom
2662 970 2723 1015 Io
2753 969 3027 1019 geworden,

986 1080 1127 1133 synde
1152 1076 1294 1124 sulcx
1322 1071 1630 1121 midtsgaders
1658 1071 1715 1117 d'
1742 1072 2050 1120 schenckagie
2078 1075 2190 1121 sijn
2218 1076 2302 1121 Ed:
2330 1076 2414 1122 ten
2441 1077 2693 1124 hoochsten
2721 1075 2974 1124 aengenaem

973 1195 1166 1254 geweest
1192 1193 1273 1239 soo
1298 1189 1488 1238 Istoocq
1514 1187 1569 1233 by
1596 1187 1704 1232 dees
1730 1186 1920 1233 occasie
1946 1188 2189 1236 geschredt
2215 1192 2324 1239 sijn
2350 1193 2432 1239 Ed:
2458 1195 2485 1240 d
2511 1194 2539 1239 4
2565 1187 2917 1240 streliphanten

972 1316 1056 1367 ons
1082 1304 1381 1360 afgehaneelt
1407 1302 1517 1348 ende
1543 1301 1625 1347 ten
1652 1301 1815 1346 prijse
1842 1301 1924 1348 van
1947 1302 2004 1349 p.
2031 1302 2060 1348 o
2084 1302 2194 1349 3606
2221 1301 2519 1347 aengenomen,
2546 1300 2601 1346 en
2627 1296 2709 1343 ons
2736 1295 2899 1341 overd'
2925 1292 3093 1341 18500.

969 1428 1164 1481 pagoden
1189 1422 1357 1473 alhier
1384 1421 1441 1467 op
1467 1421 1716 1468 leveringh
1741 1420 1827 1468 van
1854 1417 2048 1464 sappans
2076 1417 2463 1464 schuyjdtselver
2490 1416 2601 1462 doen
2629 1410 2961 1461 overhandigen
2988 1408 3016 1453 —

967 1552 1117 1607 sulcx
1145 1545 1381 1597 gemerten
1409 1543 1499 1589 Sr.
1527 1541 1617 1589 Pit
1645 1540 1793 1586 alles
1822 1540 1911 1586 tot
1939 1538 2294 1585 contentement
2323 1537 2618 1582 Verhandelt
2647 1537 2825 1584 heeft,
2852 1532 2942 1582 dat
2971 1531 3001 1576 —

972 1671 1191 1721 voorwaer
1217 1669 1273 1715 in
1299 1665 1409 1713 dese
1434 1660 1599 1708 quaede
1626 1655 1926 1705 Conjuicture
1953 1656 2035 1701 des
2062 1653 2171 1701 tyts
2196 1651 2416 1697 blyvende
2443 1650 2606 1697 alhier
2633 1649 2742 1695 ende
2770 1649 2824 1694 om
2851 1649 2908 1696 d'
2929 1646 3069 1698 huijd

961 1795 994 1842 t
1022 1785 1226 1837 Jappans
1253 1777 1633 1828 schuijtsilver
1662 1775 1779 1821 door
1807 1770 2128 1819 d'oorlogen,
2157 1769 2216 1814 en
2244 1763 2449 1813 seberen
2477 1763 2682 1808 aftrecq
2710 1756 2886 1807 Alomme

954 1909 1149 1969 gansch
1181 1901 1470 1952 ongewiet,
1500 1895 1630 1944 voor
1661 1892 1726 1939 d'
1757 1889 1822 1935 E.
1854 1888 2143 1936 Compagnie
2174 1888 2271 1933 een
2303 1886 2624 1934 gemenschte
2655 1885 2932 1935 saeckels

809 2081 879 2135 An
901 2070 940 2119 3
966 2054 1065 2111 tot
1095 2051 1129 2098 5
1158 2048 1192 2094 d
1221 2045 1256 2092 o
1286 2040 1413 2088 nits
1441 2029 1834 2085 voorgevallen

787 2228 846 2277 An
867 2221 899 2269 6
922 2212 981 2263 d.
1004 2207 1035 2254 o
1060 2192 1361 2249 verschijndt
1387 2189 1552 2236 alhier
1577 2186 1663 2232 van
1687 2188 1851 2234 Carcal
1879 2188 1961 2233 een
1987 2187 2289 2235 afgehuerene
2312 2187 2478 2236 Thonij
2505 2189 2615 2235 mede
2642 2189 2888 2239 brengende

962 2313 1021 2360 26
1049 2304 1227 2358 packen
1256 2291 1611 2348 geschilderde
1640 2290 1728 2335 als
1757 2288 1934 2334 andere
1964 2288 2259 2335 lijnwaeten
2287 2288 2348 2335 36
2375 2284 2554 2331 packen
2581 2281 2938 2329 rochevellen—

971 2417 1061 2470 100
1087 2409 1175 2460 sbx
1201 2400 1374 2452 slaven
1401 2395 1517 2444 alle
1544 2390 1659 2438 mans
1687 2390 1745 2436 en
1770 2386 1916 2433 Vrouw
1942 2383 2201 2432 persoonen
2229 2378 2514 2428 monterende
2542 2377 2571 2423 t
2598 2377 2743 2425 samen
2769 2369 3056 2422 f10567/4/-

803 2562 858 2610 Ao
880 2558 910 2605 7
933 2551 989 2601 d.
1011 2546 1040 2593 o
1060 2534 1170 2589 niet
1194 2525 1510 2578 sonderlinghs
1535 2518 1798 2571 gepasseert

788 2741 845 2790 A7
866 2736 897 2783 8
919 2728 976 2778 d.
999 2721 1054 2770 o.
1078 2714 1238 2765 become
1263 2708 1423 2759 vanden
1449 2705 1634 2753 Coninck
1661 2704 1740 2750 van
1766 2702 2004 2750 Cornatica
2029 2701 2109 2747 een
2136 2699 2400 2746 pachtbrief
2425 2699 2558 2745 vande
2584 2696 2716 2743 stadt
2742 2688 3033 2740 pallacatta,

968 2822 1154 2876 gegeven
1180 2819 1233 2865 in
1257 2814 1364 2863 dato
1390 2812 1469 2859 den
1493 2806 1575 2856 24.
1598 2802 1653 2849 en
1679 2797 1811 2846 Meijo
1837 2793 1942 2840 Anno
1968 2792 2074 2838 1646
2098 2789 2258 2836 voord'
2283 2787 2336 2834 E.
2361 2786 2599 2832 Compagnie
2624 2784 2783 2831 Aenden
2809 2782 3072 2830 gouverneur

964 2916 1139 2971 Arnold
1166 2905 1370 2959 Heussen
1398 2899 1660 2949 Vereendt,
1688 2891 1950 2944 luijdende
1977 2889 2094 2939 naer
2123 2893 2384 2940 Translaet
2412 2890 2500 2937 als
2528 2885 2702 2936 Volght

1446 3108 1845 3161 Translaert
1884 3104 2004 3152 van
2043 3100 2164 3148 een
2203 3082 2641 3144 pachitbrief

1026 3285 1183 3336 In't
1219 3274 1376 3327 Jaer
1413 3268 1607 3317 Veija
1645 3268 1723 3315 d'
1761 3265 1992 3312 maendt
2030 3262 2301 3310 sehthum
2336 3258 2417 3309 de
2453 3256 2532 3307 7.
2570 3260 2648 3306 en
2685 3256 2848 3305 dach

1072 3399 1221 3457 naerd
1248 3394 1422 3443 Naeuwe
1450 3391 1565 3438 maen
1593 3385 1911 3436 serangereij
1938 3387 1968 3433 E
1995 3388 2140 3436 geeft
2167 3387 2255 3433 aen
2283 3388 2426 3434 Awold
2455 3388 2656 3434 Heulsen
2685 3384 3059 3433 Hollandtschen

954 3522 1153 3583 Capteijn
1175 3518 1227 3566 in
1249 3507 1546 3561 palluarcatta
1570 3506 1669 3552 dese
1693 3505 1792 3551 acte
1816 3505 1890 3552 van
1914 3507 2038 3554 pacht
2061 3507 2137 3554 tot
2160 3506 2259 3553 sijn
2283 3506 2456 3552 gehoove
2478 3505 2579 3552 ende
2603 3502 2949 3551 Verseeckeningh

970 3642 1071 3693 onse
1094 3633 1242 3686 plaets
1265 3629 1365 3677 ende
1388 3625 1513 3673 stadt
1535 3623 1833 3671 palliacautta
1855 3624 2028 3670 gelijck
2052 3626 2127 3671 wij
2150 3627 2249 3672 voor
2273 3626 2396 3672 desen
2421 3625 2495 3671 aen
2518 3620 2691 3669 maleije
2714 3618 2789 3664 die
2814 3616 2964 3664 hebben

926 3754 1188 3809 verpacht,
1216 3749 1304 3798 met
1332 3747 1478 3794 sijne
1506 3743 1740 3791 Coepans,
1768 3743 1884 3789 ende
1913 3742 2029 3789 alle
2058 3743 2262 3789 thollen
2290 3744 2377 3789 als
2404 3738 2812 3789 gerechticheden
2839 3734 2957 3781 ofte

962 3876 1317 3936 Cattenmijdij
1345 3875 1465 3920 daer
1493 3871 1583 3919 toe
1612 3866 1908 3916 behoorende
1937 3861 2145 3910 t'samen
2174 3860 2500 3908 bedraegende
2528 3860 2648 3906 8000
2677 3860 2914 3908 pardauws

964 4010 1027 4058 in
1054 4000 1240 4053 Groote
1269 3998 1362 4045 fa:
1389 3997 1575 4046 Jaers,
1604 3993 1758 4041 geven
1787 3991 1880 4038 die
1910 3990 2063 4037 alsoo
2093 3986 2338 4034 voortaen
2367 3984 2459 4030 aen
2490 3984 2521 4030 u
2551 3986 2612 4031 En
2643 3983 2826 4031 pacht,
2854 3981 2918 4030 op

969 4117 1274 4182 Conditie/
1306 4112 1408 4161 dat
1441 4110 1575 4157 alle
1607 4109 1675 4154 't
1709 4109 1842 4155 gene
1874 4105 2010 4155 ghij
2043 4103 2110 4150 nu
2142 4100 2311 4150 Corts
2342 4096 2478 4145 (als
2512 4095 2713 4142 anneer
2746 4090 2985 4140 Maleije

957 4236 986 4282 u
1010 4228 1122 4281 voor
1149 4218 1561 4272 mijvalschelijck
1587 4211 1972 4262 beschuldichde,
1998 4208 2109 4255 ende
2136 4207 2219 4253 Ick
2244 4204 2328 4250 hem
2356 4201 2603 4249 gelooven,
2629 4198 2767 4245 hulpe
2794 4195 2986 4243 bewees)

0 1252 253 1305 pigedaij

0 1503 285 1551 opman

0 2296 276 2345 aten

130 2409 157 2455 e

0 2537 20 2582 n
40 2536 101 2581 bij

178 2649 270 2704 pe

166 2535 290 2582 Ed

0 3090 251 3139 nodigh

59 3316 121 3362 s
