3703 4828
1385 578 1703 625 anderen
1748 578 2021 626 sullen
2066 571 2611 623 g'arriveert,
2656 571 2838 617 ende
2883 569 3019 616 den
3065 569 3478 623 Engelsman

1383 678 1480 726 in
1526 671 1767 722 sijne
1813 662 2054 714 Cauwa
2098 654 2485 706 procure,
2533 651 2916 701 Buijten,
2963 651 3491 699 expectatie„

1373 786 1830 854 hinderlijck
1868 766 2159 827 geweest
2200 760 2407 809 sijn,
2448 757 2696 805 echter
2736 755 2819 801 om
2860 755 2943 800 de
2984 755 3191 801 selve
3232 756 3397 802 niet

1379 894 1595 945 tegen
1638 878 2114 938 malcanderen
2156 875 2244 922 op
2285 875 2373 923 te
2416 869 2676 919 jaegen
2718 866 2935 914 hebbe
2977 863 3455 911 voorschreve

1368 991 1820 1060 Coopluijden
1859 972 2393 1034 gelicentieert
2432 969 2516 1017 om
2556 964 2721 1014 daer
2761 962 2844 1007 jn
2884 961 3009 1007 met
3049 963 3131 1008 d'
3172 963 3419 1013 engels

1373 1095 1498 1146 een
1539 1092 1704 1141 lijn
1744 1089 1827 1137 te
1867 1080 2156 1133 trecken
2196 1073 2360 1123 niet
2400 1061 2895 1118 twijffelende
2934 1061 3100 1107 off.
3141 1062 3182 1107 r
3223 1060 3348 1108 sal

1364 1189 1783 1248 gevolcht
1834 1176 2097 1231 wesen

1381 1410 1784 1464 Hoedanich
1829 1410 1964 1456 den
2004 1402 2366 1456 jongsten
2408 1398 2635 1446 Cauwa
2680 1398 2769 1443 in
2814 1396 3083 1443 Damron
3127 1391 3488 1440 vercocht

1388 1516 1537 1575 sij,
1573 1511 1719 1560 ende
1755 1507 1864 1554 wat
1900 1495 2301 1552 quantiteijt
2336 1493 2410 1539 d'
2446 1494 2520 1540 E:
2553 1484 2846 1540 geleijns
2882 1481 2956 1528 de
2990 1478 3137 1525 novo
3174 1474 3505 1523 gevordert

1386 1617 1645 1673 heeft,
1686 1608 1903 1660 hebbe
1943 1600 2031 1649 jn
2069 1591 2288 1644 mijne
2324 1581 2674 1634 jongsten
2715 1570 3231 1629 g'insireert,
3273 1556 3448 1612 ende

1377 1709 1625 1767 daerom
1663 1699 1991 1753 onnodich
2031 1695 2276 1745 g'acht
2316 1690 2480 1739 hier
2519 1685 2602 1733 t'
2642 1672 3091 1728 repiteeren,
3129 1667 3254 1717 wat
3293 1664 3499 1711 ordre

1377 1818 1461 1868 nu
1500 1812 1623 1861 tot
1663 1808 1825 1856 d„os
1864 1796 2148 1849 procure
2187 1791 2270 1840 en
2306 1779 2633 1835 geseijde
2673 1768 3118 1823 Coopluijden
3154 1759 3453 1813 gegeven

1386 1911 1474 1958 en
1515 1900 1775 1954 voorts
1817 1897 1948 1944 wat
1990 1892 2120 1941 tot
2162 1885 2465 1936 haerder
2508 1874 2853 1930 gouverno
2894 1862 3112 1918 jnden
3153 1849 3507 1905 mochasen

3302 1912 3430 1966 es

1367 2010 1630 2071 handen
1673 2005 1804 2055 hun
1846 1988 2452 2047 voorgeschreven
2495 1980 2755 2033 hebbe,
2797 1969 3058 2024 sullen
3100 1962 3363 2012 ued=le

1372 2117 1549 2171 uijt
1591 2112 1680 2160 d'
1720 2097 2157 2154 instructie
2200 2092 2331 2140 aen
2373 2088 2548 2136 haer
2591 2082 2722 2132 ter
2765 2072 2939 2125 hant
2981 2064 3330 2116 gestelt,
3372 2063 3463 2111 en

1362 2222 1450 2274 jn
1491 2209 1702 2264 copia
1743 2205 1955 2253 onder
1996 2203 2123 2251 N:o
2165 2203 2250 2248 7-
2290 2197 2461 2248 hier
2502 2191 2756 2241 nevens
2793 2180 3093 2235 gaande,
3132 2168 3481 2225 gelieven

1304 2328 1390 2375 te
1431 2318 1859 2372 bespueren,
1901 2314 1987 2362 de
2028 2303 2413 2357 almogende
2455 2296 2754 2346 gelieve
2796 2293 3010 2340 alles
3052 2292 3138 2339 te
3178 2281 3482 2336 segenen

1421 2414 1595 2463 ende
1637 2407 1812 2457 naer
1855 2403 2117 2452 wensch
2158 2401 2247 2448 te
2289 2390 2725 2447 succederen
2767 2386 3033 2434 laaten

1303 2574 1392 2623 In
1435 2570 1871 2617 Compangnie
1914 2570 2089 2618 vant
2133 2571 2656 2618 voorschreven
2698 2568 2918 2614 jacht
2960 2564 3485 2614 valckenburgh

1355 2683 1443 2733 is
1484 2678 1571 2727 d'
1610 2665 1824 2718 paeuw
1866 2662 2036 2709 mede
2078 2661 2249 2708 uijt
2290 2653 2673 2705 geloopen,
2714 2651 2800 2698 en
2842 2646 3097 2695 voorts
3139 2645 3334 2691 naer

1383 2771 1657 2836 Gamron
1700 2753 2237 2813 genavigeert,
2280 2750 2461 2799 waer
2505 2743 2684 2793 mede
2728 2734 3131 2787 derwaerts
3172 2726 3449 2778 gesond

1355 2865 1587 2923 hebben
1624 2860 1701 2908 de
1736 2852 1930 2904 roode
1967 2843 2197 2896 chilas
2233 2841 2311 2888 en
2349 2836 2579 2886 thijts
2614 2831 2693 2880 de
2730 2822 3074 2876 berampoer
3112 2821 3266 2866 door
3303 2822 3342 2868 d
3379 2823 3456 2868 E:

1378 2954 1701 3026 Geleijns
1739 2947 1900 2997 voor
1937 2939 2219 2991 Bassora
2258 2933 2658 2985 g'eijscht,
2696 2923 3017 2976 costende
3056 2919 3177 2966 met
3214 2915 3337 2963 het
3374 2909 3497 2957 een

1356 3070 1438 3121 en
1471 3060 1554 3112 t'
1591 3053 1788 3104 ander
1826 3048 1982 3096 daer
2021 3039 2255 3093 nevens
2294 3029 2606 3083 gesonden
2644 3028 2685 3073 ƒ
2722 3025 2957 3074 13803„
2992 3022 3074 3069 6„
3111 3019 3152 3066 6
3187 3013 3308 3063 als
3343 3006 3479 3057 bij

1340 3165 1432 3214 d'
1468 3147 1793 3208 factura
1835 3143 1928 3189 1E
1973 3141 2064 3188 8:
2105 3132 2244 3183 Can
2289 3125 2561 3177 Blijck
2604 3118 2742 3169 aen
2785 3111 2922 3161 het
2965 3104 3284 3155 naackte
3328 3099 3420 3149 en

1348 3248 1844 3308 behoefftige
1881 3243 2160 3293 varent
2203 3240 2430 3287 volcq
2470 3234 2565 3286 op
2608 3222 2971 3278 gemelten
3015 3212 3242 3266 jacht
3284 3201 3377 3255 de

1325 3397 1536 3472 Pauw
1585 3375 1842 3439 hebbe
1891 3368 1995 3418 op
2045 3358 2251 3410 haer
2301 3345 2710 3402 Ernstich
2760 3322 3170 3388 versoeck
3218 3302 3426 3364 ende

1336 3495 1519 3558 hart
1562 3478 1962 3538 aenhouden
2005 3467 2272 3520 ijeder
2314 3461 2449 3510 een
2491 3450 2714 3504 maent
2756 3439 2980 3493 gagie
3024 3433 3113 3481 in
3155 3411 3469 3475 contant

1338 3592 1790 3662 verstreckt,
1825 3586 1912 3635 en
1951 3582 2034 3630 op
2068 3573 2238 3626 haer
2278 3565 2523 3617 reeck:
2563 3561 2727 3610 daer
2765 3552 2931 3604 voor
2969 3538 3298 3596 belasten
3337 3532 3463 3581 lat

1324 3695 1777 3761 bedragende
1820 3684 2092 3737 tsamen
2137 3685 2182 3731 ƒ
2225 3670 2542 3728 896„-„-
2586 3666 2767 3715 voor
2809 3655 3082 3710 welcke
3125 3633 3398 3697 Beijde

1303 3808 1530 3860 Somma
1573 3804 1665 3851 V.
1708 3798 1936 3849 E.d„e
1979 3788 2117 3842 dit
2161 3771 2522 3829 Comptoir
2566 3760 2839 3816 sullen
2883 3740 3245 3802 gelieven
3286 3733 3380 3784 te

1318 3908 1568 3966 laten
1614 3891 2164 3951 Crediteeren

1327 4072 1425 4123 op
1472 4069 1854 4119 Demelsen
1901 4066 2140 4114 Paauw
2188 4065 2665 4112 Arrivement
2712 4066 2808 4112 (:
2854 4055 3189 4111 gelijck
3236 4052 3475 4099 uede„

1342 4166 1515 4215 uijt
1556 4159 1772 4208 mijne
1813 4155 2117 4204 jongste
2158 4150 2418 4199 sullen
2460 4149 2720 4197 gesien
2762 4152 3064 4199 hebben)
3104 4141 3366 4196 stonde

1324 4270 1719 4330 geschapen
1761 4266 1894 4313 dat
1936 4263 2113 4311 geen
2157 4261 2332 4309 ofte
2375 4257 2726 4308 weijnich
2770 4253 3033 4302 vracht
3074 4238 3470 4296 goederen,

2813 4426 3180 4489 Soude
