3642 4883
841 635 1147 691 Decembr.
1185 635 1338 683 1645

1334 813 1413 862 wat
1438 812 1648 861 belanght
1672 810 1726 856 d'
1751 806 1934 855 winsten
1960 805 2013 851 op
2038 803 2091 849 d'
2117 802 2352 848 specerien
2377 803 2430 849 E.
2455 799 2612 848 Waeren
2637 795 2742 844 seer
2768 793 2951 840 groodt,
2976 787 3160 837 waertoe
3185 786 3238 831 d'
3264 783 3394 831 Witte

1353 907 1476 960 thee
1504 898 1720 951 Copkens
1750 895 1934 942 sonder
1965 894 2210 941 voetgens
2238 891 2424 939 Costen
2452 888 2546 935 met
2576 886 2699 933 alle
2728 882 2974 931 ongelden
3003 881 3035 927 ƒ
3063 869 3402 927 1520„15„8„-

1347 998 1481 1052 veele
1506 986 1900 1042 gecontribueert,
1925 984 1979 1030 en
2004 982 2136 1029 ƒ8080
2161 981 2188 1027 „
2214 978 2424 1026 suijvere
2450 973 2634 1022 revance
2660 965 2922 1017 gerendeert
2948 960 3132 1010 hebben,
3157 955 3289 1004 welcq

1339 1089 1498 1142 groodt
1523 1080 1734 1133 voordeel
1759 1079 1812 1125 d'
1838 1077 1891 1124 E.
1916 1071 2153 1121 Compagnie
2179 1071 2258 1116 bij
2283 1069 2336 1115 's
2362 1064 2520 1114 vroegh
2545 1056 2808 1109 arrivement
2833 1051 2913 1100 van
2937 1047 3044 1095 haer
3069 1046 3201 1092 schip
3225 1039 3411 1091 geneten

1338 1181 1508 1239 heeft,
1535 1175 1647 1225 want
1673 1172 1730 1219 d'
1755 1165 2034 1217 Engelschen
2061 1161 2339 1211 naderhandt
2366 1154 2700 1207 g'arriveert,
2725 1147 2838 1197 ende
2864 1141 3032 1192 groote
3057 1128 3256 1185 partije

1332 1273 1581 1329 vandeselve
1604 1267 1731 1318 sorte
1754 1264 1905 1311 doord.
1929 1264 1980 1310 ls
2004 1259 2278 1309 aengebraght
2302 1256 2453 1304 synde,
2477 1252 2627 1300 hebben
2649 1247 2727 1297 met
2751 1245 2826 1291 een
2849 1239 2976 1290 stuck
2999 1236 3075 1283 als
3098 1232 3175 1281 tot
3198 1230 3275 1276 een
3297 1226 3400 1275 seer

1343 1388 1472 1438 lagen
1495 1384 1624 1433 prijs
1649 1377 1879 1429 vercoopen
1904 1371 2058 1422 Cunnen

1337 1528 1634 1588 aengaende
1666 1526 1732 1573 d'
1763 1521 1994 1571 advance
2026 1520 2093 1565 op
2125 1519 2191 1564 de
2222 1515 2420 1563 Cleden
2451 1510 2551 1560 was
2584 1505 2683 1555 van
2715 1503 2978 1550 Weijnich
3008 1490 3371 1548 Importantie

1339 1648 1394 1699 d'
1417 1631 1803 1691 Choromandelsche
1827 1626 2007 1675 Cleden,
2032 1621 2135 1670 sijn
2160 1620 2237 1666 dit
2262 1618 2365 1665 daer
2390 1618 2442 1664 in
2465 1615 2595 1664 mocha
2620 1614 2697 1660 bij
2723 1614 2825 1659 naer
2850 1609 3081 1659 swendibel
3105 1607 3285 1654 geweest

1345 1744 1442 1795 ende
1465 1742 1513 1787 d'
1536 1737 1728 1786 weijnige
1750 1729 1896 1781 welcke
1919 1726 2014 1773 noch
2037 1724 2229 1771 verkocht
2252 1722 2349 1769 sijn
2372 1720 2516 1766 hebben
2539 1719 2588 1764 op
2611 1719 2637 1765 â
2656 1716 2755 1767 haer
2776 1713 2922 1759 eijgen
2944 1707 3065 1757 geldt
3088 1703 3184 1751 niet
3208 1696 3402 1748 renderen

1344 1841 1612 1906 cunnen.

1306 1982 1467 2037 Boven
1496 1976 1562 2025 't
1592 1965 1849 2020 Capitael
1879 1962 1976 2010 dat
2007 1957 2200 2007 aldaer
2231 1957 2295 2002 in
2326 1953 2615 2002 Voorraedt
2646 1952 2743 1998 was
2772 1948 2934 1998 hadde
2963 1944 3093 1993 sijn
3124 1942 3189 1989 E:
3218 1935 3316 1985 tot

1342 2104 1397 2151 de
1420 2089 1610 2146 procure
1634 2085 1717 2132 van
1742 2080 1904 2129 Cleden
1930 2075 2037 2124 voor
2064 2074 2117 2119 d'
2143 2071 2304 2119 huijd,
2330 2069 2518 2115 patria,
2544 2061 2732 2113 Parsia,
2757 2058 2866 2105 ende
2891 2054 3053 2102 mlocha
3075 2049 3132 2096 op
3158 2039 3352 2094 Intrest

1344 2202 1546 2251 gelicht
1572 2199 1603 2245 ƒ
1630 2193 1832 2243 290333„
1860 2188 2005 2238 6„11„
2032 2183 2234 2231 waervan
2261 2180 2349 2228 met
2377 2178 2435 2224 8'
2464 2174 2723 2223 Contanten
2751 2171 2838 2218 Van
2865 2166 3010 2216 mocha
3037 2165 3067 2210 f
3094 2153 3326 2209 83733„6„
3352 2148 3440 2195 11„

1346 2307 1622 2365 afgeleidt
1651 2303 1744 2351 Is,
1772 2297 1927 2347 sulcx
1955 2294 2018 2341 d'
2047 2288 2322 2338 Compagnie
2353 2287 2444 2333 met
2474 2281 2688 2331 ƒ206600
2717 2276 2902 2325 belast
2929 2271 3084 2319 bleet
3111 2265 3208 2317 tot

1338 2419 1591 2479 welcquers
1618 2408 1953 2463 licquidatie,
1979 2404 2091 2451 ende
2118 2402 2175 2448 't
2202 2400 2314 2447 gene
2341 2397 2425 2444 tot
2453 2394 2592 2442 deses
2620 2390 2759 2439 Iaers
2784 2380 2981 2433 procure
3006 2370 3209 2424 meerder

1338 2532 1588 2592 benodeght
1612 2523 1807 2576 waeren,
1832 2517 1917 2566 een
1943 2506 2219 2561 goedesomme
2245 2502 2330 2551 soo
2357 2500 2412 2545 in
2438 2491 2632 2544 Contant
2658 2487 2742 2534 als
2768 2473 3182 2531 Coopmanschappen
3206 2466 3319 2516 sijn
3344 2462 3403 2511 E.

1332 2656 1433 2707 van
1460 2636 1698 2698 Batavia
1730 2631 1863 2680 ende
1895 2618 2162 2676 Tagouian
2195 2616 2262 2663 te
2294 2602 2627 2660 verwachten
2658 2588 2827 2646 hadde

1349 2803 1437 2851 den
1464 2798 1524 2846 5.
1551 2793 1612 2841 en
1639 2783 1874 2836 november
1902 2776 2107 2827 weaeren
2135 2774 2195 2820 In
2223 2765 2428 2819 suratta
2455 2763 2486 2809 3
2513 2746 2778 2806 engelsche
2804 2737 3011 2790 schepen
3038 2728 3366 2780 g'arriveert

1347 2897 1650 2961 namentlijck
1674 2893 1758 2941 den
1785 2888 1921 2937 Arent
1946 2883 2110 2932 groodt
2137 2881 2219 2928 300
2244 2877 2327 2924 den
2354 2874 2489 2921 Vaccq
2514 2872 2598 2919 van
2624 2871 2707 2918 175
2730 2864 2788 2914 en
2811 2850 3058 2907 Lenorette
3083 2848 3166 2894 van
3191 2843 3247 2891 80
3274 2832 3437 2887 lasten

1347 3011 1490 3062 sijnde
1512 3008 1584 3054 den
1605 3004 1678 3053 13.
1700 3002 1725 3048 '
1747 2996 1867 3046 april
1889 2992 1984 3040 uijt
2006 2987 2220 3037 engelandt
2242 2978 2479 3031 geseijldt,
2503 2977 2574 3023 als
2596 2968 2833 3022 wanneerden
2856 2960 3045 3012 Oorloogh
3068 2951 3257 3004 tusschen
3279 2947 3354 2995 den

1354 3111 1545 3171 Coninck
1570 3107 1680 3155 ende
1706 3105 1761 3151 't
1786 3096 2031 3149 parlament
2057 3092 2167 3140 noch
2192 3087 2302 3136 even
2328 3085 2437 3131 hart
2463 3077 2788 3130 Continueerde
2815 3075 2869 3121 de
2894 3063 3139 3119 discouvre
3165 3058 3274 3106 Was—

1355 3218 1507 3267 aldaer
1531 3213 1633 3262 noch
1656 3208 1758 3257 niet
1783 3199 2060 3252 verschenen,
2084 3197 2161 3243 soo
2185 3196 2261 3241 dat
2285 3188 2487 3240 apparent
2511 3185 2664 3233 vanden
2687 3178 2865 3229 grooten
2888 3172 3015 3222 storm
3039 3168 3116 3216 die
3139 3164 3216 3212 den
3240 3157 3420 3208 doephin

1350 3331 1463 3386 ende
1487 3320 1680 3374 Hoopwel
1705 3313 1897 3364 omtrent
1924 3312 1979 3358 't
2005 3306 2196 3357 Eylandt
2222 3301 2469 3351 maurisuis
2495 3290 2877 3345 gerencontreert
2902 3284 3040 3334 heeft
3066 3280 3175 3327 tsal
3202 3272 3421 3324 vergaren

1347 3451 1457 3502 sijn
1480 3446 1562 3493 wat
1588 3440 1696 3490 voor
1721 3432 1934 3484 Capitael
1960 3425 2147 3476 gemelte
2172 3418 2359 3469 schepen
2384 3411 2678 3462 medehebben,
2702 3406 2837 3456 hadde
2863 3405 2970 3451 sijn
2995 3401 3050 3449 E.
3074 3394 3183 3444 niet
3207 3384 3423 3437 vernomen

1333 3601 1471 3650 voor
1504 3592 1677 3644 rovos
1709 3583 1882 3634 werdt
1910 3573 2156 3627 geseght
2188 3565 2328 3617 ende
2360 3558 2499 3609 uijt
2531 3544 2842 3601 engelandt
2873 3529 3219 3586 geschreven
3250 3518 3356 3572 dat

1354 3719 1406 3766 d'
1428 3701 1782 3762 Nederlandtsche
1805 3686 2108 3744 oostjndische
2131 3677 2358 3730 Compagnia
2383 3673 2484 3721 noch
2507 3668 2609 3718 geen
2633 3661 2810 3712 ockroij
2833 3651 3111 3705 g'obsineert
3135 3641 3267 3695 hadde

1355 3814 1564 3871 maerdat
1592 3807 1741 3858 vande
1770 3803 1859 3850 Ho:
1887 3798 1977 3847 Mo:
2006 3788 2184 3842 Heeren
2212 3780 2391 3832 staten
2419 3777 2480 3825 en
2508 3764 2923 3821 gecommitteerde
2951 3759 3071 3808 voor
3099 3756 3160 3803 't
3186 3744 3337 3799 leste

1342 3915 1679 3986 gepresenteert
1704 3911 1807 3959 was,
1832 3908 1910 3955 dat
1935 3907 1987 3952 10
2010 3899 2167 3952 tonnen
2191 3895 2321 3943 goudt
2345 3888 2526 3939 eenmeel
2551 3886 2654 3932 voor
2679 3883 2732 3930 't
2756 3879 2911 3926 landt,
2936 3875 3039 3923 ende
3063 3865 3349 3920 daerenboven

1351 4037 1411 4087 31
1436 4032 1496 4080 d.
1520 4027 1580 4076 os
1606 4016 1834 4071 daerlicx
1861 4013 1948 4061 tot
1975 4005 2202 4058 sustenue
2228 3999 2372 4049 vande
2399 3991 2740 4043 Westindische
2767 3984 3022 4035 Compagnie
3050 3979 3194 4028 sonde

1358 4125 1642 4184 Contribueren
1664 4117 1831 4169 moeten,
1852 4114 1925 4161 oft
1946 4108 2042 4158 dese
2063 4101 2254 4153 Conditie
2276 4098 2418 4145 sullen
2441 4095 2747 4142 Ingewillight,
2769 4090 2889 4140 endit
2911 4088 2983 4135 een
3006 4084 3124 4133 Nieuw
3146 4080 3313 4129 octroij
3335 4081 3360 4126 —

1349 4231 1592 4288 verworven
1615 4219 1808 4274 hebben,
1832 4212 1916 4262 sal
1939 4207 2024 4255 den
2048 4195 2320 4250 tytleeren,
