3703 4828
999 570 1237 638 July
1293 558 1528 609 1646

1207 752 1268 801 An
1295 747 1355 796 22
1383 746 1412 791 d
1440 745 1470 790 o
1498 744 1788 790 vertrecken
1817 745 1963 790 (naer
1991 744 2195 792 becomen
2222 747 2483 794 atscheyjt
2510 743 2598 791 van
2626 741 2686 788 d'
2712 735 2772 784 E.
2798 732 2830 779 .
2856 729 2916 775 H.
2944 727 2974 773 r
3002 722 3321 771 Gouvernemr)

1375 840 1431 888 d'
1459 841 1653 888 Vrunden
1680 842 1763 888 van
1791 843 1847 889 't
1874 844 2012 891 schip
2039 844 2261 891 schoedam
2288 845 2400 891 naer
2426 840 2566 889 Boort
2591 833 2732 885 sulcx
2757 828 2870 877 oock
2897 828 3064 874 tegens
3089 827 3340 874 d'middach
3367 826 3395 872 —

1371 943 1425 989 't
1451 941 1560 988 seyl
1587 941 1777 988 gongen,
1803 944 1884 989 den
1911 944 2182 989 almogenden
2209 942 2776 989 geleijdehaerderwaerts
2802 940 2857 986 en
2882 936 3019 985 weser
3046 935 3263 981 herwaerd
3289 936 3345 982 te
3370 939 3435 986 sy

1352 1042 1581 1101 salvo

1199 1186 1229 1232 A
1251 1178 1314 1231 23
1340 1171 1428 1221 end
1453 1167 1513 1215 24
1539 1165 1569 1210 d
1597 1163 1626 1209 o
1654 1162 1797 1208 niets
1824 1158 2168 1207 voorgevallen

1177 1327 1237 1375 An
1261 1323 1323 1369 25
1348 1320 1380 1368 d
1409 1320 1438 1365 o
1467 1318 1700 1365 becomep.
1728 1321 1757 1366 r
1785 1320 2046 1367 expressep
2075 1321 2337 1366 accamaers
2365 1322 2481 1368 uijt
2510 1321 2829 1368 palliacatta
2858 1321 3060 1366 missive
3088 1317 3352 1366 gedateert

1350 1424 1451 1476 16.
1482 1422 1516 1469 '
1548 1422 1712 1468 Julij
1744 1422 1875 1468 ende
1908 1422 2038 1467 meer
2071 1422 2267 1468 andere
2299 1420 2626 1469 doccumenti
2658 1417 2855 1465 vanden
2885 1414 2952 1461 OX
2984 1409 3344 1458 Vercoopmans

1334 1523 1558 1576 Laurens
1589 1521 1717 1567 Pit,
1746 1521 1969 1568 daerbij
1999 1523 2157 1570 onder
2188 1525 2409 1573 anderen
2440 1526 2693 1572 vernemen
2724 1523 2914 1570 hoedat
2945 1521 3040 1567 den
3070 1513 3298 1565 Broeder

1345 1624 1427 1670 van
1454 1624 1808 1672 kistapaneijck
1835 1626 2190 1676 geconjurgeert
2214 1630 2298 1676 met
2324 1629 2488 1675 eenige
2515 1630 2597 1676 vis
2625 1631 2706 1676 iae
2733 1628 2843 1675 oors
2869 1628 3087 1674 Weijnich
3114 1628 3257 1674 dagen

1335 1727 1612 1782 voorleden
1642 1728 1705 1776 d'
1733 1731 1887 1777 moren
1917 1731 2010 1777 die
2039 1732 2132 1778 tot
2161 1731 2467 1778 Besettinge
2497 1731 2804 1778 Indittuire
2834 1733 3048 1779 gelaten
3078 1732 3299 1781 waeren,

1341 1840 1634 1898 Verjaeght,
1662 1840 1780 1887 ende
1809 1840 1897 1886 die
1927 1837 2103 1885 plaets
2132 1834 2425 1882 geplundert
2454 1834 2660 1879 hasden,
2689 1832 2806 1879 doch
2836 1832 2924 1878 dat
2953 1833 3129 1880 daechs
3158 1835 3335 1881 daeram

1352 1951 1438 1997 met
1464 1950 1659 1998 verlies
1686 1950 1770 1995 van
1798 1949 1965 1995 eenich
1993 1947 2133 1994 volcq
2160 1947 2299 1993 weder
2327 1946 2550 1992 saeruijt
2576 1941 2801 1990 gedreven
2828 1938 3023 1985 Waeren,

1366 2121 1441 2170 't
1473 2111 1659 2163 schip
1694 2111 1804 2158 re:
1840 2107 2169 2156 amsterdam
2205 2107 2351 2153 dato
2387 2107 2462 2154 7.
2493 2108 2535 2155 e
2569 2109 2752 2156 Julij
2788 2107 2934 2154 uijt
2971 2107 3153 2153 gales
3189 2104 3377 2152 Baeij

1346 2219 1562 2272 geseylt
1592 2218 1685 2264 was
1714 2219 1838 2265 over
1867 2220 2051 2270 Carcal
2081 2226 2296 2272 (alwaer
2325 2228 2387 2274 98
2417 2227 2601 2273 packen
2631 2226 2998 2274 Caijepatanse
3029 2223 3214 2271 Cleden

1339 2326 1507 2374 nevens
1535 2326 1591 2371 n.
1618 2323 1758 2370 grote
1785 2324 1953 2370 packen
1981 2324 2121 2370 Ceyer
2147 2326 2398 2372 Ingenomen
2426 2327 2623 2373 hebben)
2649 2329 2706 2375 op
2732 2331 2788 2376 17
2815 2329 2955 2376 deser
2983 2328 3067 2374 ter
3095 2326 3407 2373 palluacatse

1328 2425 1481 2475 Rhede
1510 2424 1873 2472 Aengelanght,
1902 2426 1993 2472 soo
2023 2425 2114 2471 was
2144 2425 2265 2473 oocq
2294 2427 2388 2473 Van
2415 2430 2479 2480 St
2503 2434 2657 2482 Thome
2687 2434 2868 2479 Aldaer
2898 2432 3291 2479 geretourneert

1328 2530 1388 2577 d'
1416 2529 1711 2575 afgehuerde
1740 2529 1917 2577 thonij
1945 2532 2181 2577 valladen
2209 2533 2298 2579 met
2327 2534 2504 2582 gunees
2532 2538 2651 2584 ende
2679 2539 3031 2586 salempouris,
3060 2541 3120 2587 en
3147 2540 3301 2589 Waren

1324 2631 1530 2679 volgens
1559 2628 1852 2679 schrijvens
1882 2634 1971 2681 van
1997 2636 2116 2682 Ioan
2145 2636 2380 2685 Baptista
2409 2641 2527 2688 noch
2555 2644 2790 2691 ongeveer
2819 2646 2848 2691 2
2877 2642 3083 2690 thonijs
3112 2641 3317 2688 ladingh

1335 2732 1526 2784 gunees
1556 2730 1621 2776 In
1653 2730 1749 2778 s.t
1781 2730 1940 2778 Thome
1972 2728 2310 2776 aengecomen

1102 2891 1166 2938 An
1193 2883 1259 2934 26
1288 2878 1383 2927 d.o
1413 2875 1601 2923 become
1631 2874 1695 2922 p.
1725 2878 1756 2923 r
1787 2876 2100 2930 afgesonden
2128 2886 2318 2935 thonij
2347 2891 2441 2937 van
2471 2892 2691 2939 seecker
2721 2896 2783 2941 sr
2814 2896 3063 2946 Jentiefs
3094 2899 3323 2949 Coopman

1335 2969 1426 3015 een
1456 2970 1610 3017 nader
1640 2973 1854 3020 Missive
1883 2976 1975 3023 van
2005 2978 2251 3031 gemelten
2278 2988 2645 3037 O0vercoopman
2675 2992 2737 3039 &.
2766 2995 2798 3040 a
2827 2996 2919 3041 Pit
2949 2996 3041 3043 uyt
3070 2996 3407 3043 palliacatta

1324 3079 1481 3128 synde
1511 3078 1795 3124 gedateert
1826 3080 1921 3126 22.
1951 3081 2078 3127 July
2108 3082 2329 3131 daerbij
2359 3087 2455 3134 ons
2485 3090 2893 3141 aengeschreven
2924 3097 3082 3145 Werst
3112 3097 3207 3147 hoe

1322 3193 1427 3242 den
1460 3180 1805 3237 Engelschen
1838 3180 2184 3233 presidendt
2218 3189 2356 3235 Mron
2391 3190 2598 3236 Backer
2632 3192 2804 3239 Corts
2838 3194 2907 3240 te
2942 3195 3114 3241 voren
3148 3196 3253 3244 met

1306 3292 1535 3346 seecker
1566 3289 1730 3336 fluyt
1761 3290 2022 3338 genaempt
2055 3292 2349 3343 d'heedlom
2380 3299 2510 3347 voor
2543 3302 2901 3352 Madrespatam
2933 3308 3258 3358 aengelangh

1354 3395 1444 3444 was
1472 3395 1647 3443 sonder
1674 3398 1762 3444 dat
1790 3400 1965 3447 eenich
1993 3403 2254 3450 schrijven
2281 3405 2369 3451 van
2397 3407 2514 3454 haer
2542 3410 2631 3457 Ed.
2657 3413 2687 3459 s
2715 3413 2890 3459 aenden
2918 3414 3207 3459 gouverneur
3236 3413 3425 3459 Alnold

1336 3503 1555 3559 Heussen
1585 3501 1927 3548 medebrenght
1958 3503 2176 3551 Comende
2206 3506 2269 3553 in
2300 3508 2332 3554 7
2361 3510 2580 3561 weecken
2610 3516 2734 3562 ende
2764 3516 2796 3562 3
2827 3516 2983 3564 dagen
3011 3518 3107 3564 van
3138 3518 3325 3566 Bantum
3351 3518 3387 3566 —

1319 3608 1621 3663 geseijldt,
1651 3607 1741 3653 met
1770 3607 2011 3653 tijdinge
2039 3608 2400 3661 onderanderen
2428 3617 2608 3666 hoedat
2637 3620 2728 3667 den
2758 3619 2848 3667 15.
2877 3618 2907 3663 e
2937 3618 3087 3665 april
3116 3619 3296 3665 stilln

1349 3711 1591 3763 veterij
1626 3711 1764 3758 uijt
1798 3712 2006 3759 europa
2040 3714 2110 3759 't
2143 3715 2317 3761 schip
2351 3717 2592 3767 malacca
2626 3721 2834 3770 nevens
2867 3717 3006 3764 noch
3040 3716 3144 3761 een
3179 3716 3376 3763 ander

1335 3823 1460 3878 Ceen
1488 3819 1610 3867 dito
1640 3818 1822 3864 sonder
1851 3818 1942 3865 dat
1972 3820 2124 3868 ander
2153 3823 2395 3874 bescheyl
2424 3828 2546 3877 weet
2576 3832 2637 3878 te
2666 3832 2847 3879 seggen
2878 3830 2968 3877 ter
2998 3828 3306 3875 Batwvische

1303 3927 1460 3979 rhede
1488 3922 1861 3970 aengelanght,
1891 3926 2015 3972 ende
2046 3927 2139 3975 den
2169 3928 2232 3974 E.
2262 3929 2325 3974 H.
2354 3928 2386 3975 r
2416 3926 2665 3977 Cornelis
2694 3934 2880 3981 Vander
2910 3937 3035 3986 sijn
3065 3941 3173 3991 Int

1285 4030 1518 4092 Generael
1545 4028 1888 4075 gouvernement
1915 4031 2059 4079 wegen
2086 4034 2172 4080 den
2200 4034 2627 4085 Nederlandtschen
2655 4040 2799 4087 staet
2825 4043 2883 4090 &n
2911 4045 3053 4092 India
3082 4046 3423 4094 gefuccodeere

1275 4145 1413 4197 was,
1444 4140 1548 4187 den
1581 4136 1785 4184 Basaer
1819 4136 1921 4181 der
1955 4136 2431 4189 Coromandelsche
2465 4144 2704 4191 doucken
2736 4147 2805 4192 op
2839 4146 3145 4193 maccasser
3178 4147 3251 4197 Is

1191 4258 1291 4310 soo
1322 4252 1483 4303 sober
1514 4251 1739 4298 geweest
1770 4251 1867 4298 dat
1899 4250 1996 4296 end
2027 4251 2253 4298 vhuusen
2283 4255 2347 4301 d'
2379 4255 2700 4302 Engelschen
2731 4255 2796 4300 V'
2827 4255 3116 4301 merendeel
3148 4254 3340 4303 hunnen

3035 4369 3254 4416 Cleden
