3642 4883
835 629 1205 697 Decemb.
1256 632 1466 684 1645

1324 849 1406 898 die
1432 847 1595 893 sonder
1621 846 1703 892 den
1730 845 1892 893 Engels
1919 843 2108 890 Conincx
2134 844 2216 889 pas
2243 842 2405 889 waeren
2431 842 2459 887 N
2485 837 2728 887 avigeren,
2755 830 3079 882 verclaekende
3105 824 3241 874 selve

1324 951 1424 999 voor
1447 947 1598 996 goeden
1622 947 1772 993 prijse
1794 945 1871 993 van
1895 942 2119 989 gelijcken
2143 942 2218 988 dat
2242 942 2342 988 tdes
2366 942 2540 988 Conincx
2564 939 2639 987 Van
2663 936 2937 983 Vranckrijck
2961 936 3061 982 sijn
3085 934 3242 981 armade

1313 1062 1368 1112 En
1391 1052 1652 1105 Vlaenderen
1677 1047 1910 1097 't'eender
1934 1042 2065 1091 bijde
2090 1039 2194 1086 ende
2220 1038 2297 1084 den
2322 1037 2452 1083 prins
2478 1037 2530 1082 in
2555 1035 2762 1083 Brabandt
2788 1033 3021 1080 Neerstich
3046 1025 3383 1077 besoingneerde

1328 1161 1435 1212 omme
1462 1156 1753 1206 Malcanderen
1778 1148 2070 1200 tehemoeten,
2095 1147 2201 1193 ende
2228 1146 2307 1192 die
2333 1143 2598 1191 provintien
2622 1137 2809 1187 t'samen
2834 1133 2994 1182 Voorts
3019 1128 3416 1178 t'Incorporeren,

1337 1273 1615 1329 eijndelijck
1639 1268 1792 1318 datter
1816 1263 2019 1312 dagelucx
2043 1261 2095 1307 in
2119 1258 2448 1305 Brancquerijck
2471 1256 2574 1302 veel
2599 1249 2876 1301 verschillen
2901 1248 2952 1294 en
2976 1241 3179 1292 questien
3202 1234 3332 1284 onder

1336 1392 1569 1442 d'grooten
1593 1385 1827 1437 ontstaen,
1851 1381 1956 1430 ende
1980 1376 2240 1425 diveersche
2266 1375 2343 1421 ter
2368 1372 2679 1419 nedergeleght
2704 1366 2886 1417 Werden,
2908 1361 3015 1410 ende
3039 1358 3118 1406 dat
3143 1356 3221 1403 den
3245 1352 3376 1401 sweed

1340 1510 1500 1560 tegens
1524 1507 1605 1554 den
1631 1498 1949 1552 keijserschen
1972 1495 2054 1541 een
2080 1487 2450 1539 Eemarcquabvele
2476 1482 2688 1532 Victorie
2714 1478 2873 1526 bevogh
2897 1474 2978 1522 ten
3003 1466 3163 1519 hadde,
3188 1452 3455 1510 mitsgaders

1336 1623 1512 1672 datter
1538 1618 1658 1668 (god
1685 1611 1892 1661 betert)
1919 1605 2039 1654 noch
2065 1596 2302 1648 weijnige
2330 1589 2623 1643 apparentie
2650 1584 2740 1632 was
2768 1580 2857 1628 van
2884 1576 2974 1625 een
3002 1568 3267 1621 generaele
3295 1564 3448 1613 Vrede

1743 2591 1797 2637 d.
1820 2589 1850 2635 o
1872 2585 2140 2632 arriveert,
2165 2576 2431 2630 allhierter
2455 2570 2590 2621 rhede
2616 2565 2855 2615 seeckeren
2880 2564 2934 2609 s'
2959 2559 3173 2609 schampan
3198 2557 3386 2604 geladen

1336 2697 1441 2760 met
1471 2689 1569 2737 40½
1600 2681 1796 2733 lasten
1827 2678 1959 2725 rijs
1990 2671 2121 2722 uijt
2153 2662 2381 2714 Coringa

1250 2842 1308 2896 Of
1326 2832 1409 2883 20.
1431 2828 1460 2875 e
1482 2823 1562 2871 des
1587 2815 1742 2867 nachte
1765 2809 1921 2859 bennen
1946 2806 2074 2854 eenge
2100 2801 2485 2851 rlederlandtsche
2510 2797 2715 2845 soldaten
2741 2795 2818 2842 int
2844 2794 2972 2840 verdt
2998 2792 3203 2839 geweest,
3226 2786 3385 2837 hebben

1354 2926 1409 2975 op
1432 2923 1511 2970 een
1536 2919 1665 2967 troux
1686 2910 1818 2962 byden
1842 2902 2023 2954 anderen
2048 2897 2203 2946 overd'
2227 2895 2305 2942 400
2329 2890 2510 2940 beesten
2535 2888 2613 2934 soo
2638 2884 2818 2932 Coeyjen
2843 2883 2920 2929 als
2945 2878 3126 2927 Btocken
3149 2872 3357 2921 bevonden

1344 3022 1450 3075 ende
1474 3019 1527 3066 d'
1551 3012 1683 3064 selve
1706 3007 1786 3055 met
1810 2998 2046 3052 d'herders
2071 2996 2123 3042 in
2148 2989 2435 3041 palliacatta
2460 2982 2672 3033 gebraght

1212 3196 1296 3245 Dog
1320 3190 1351 3237 3
1371 3179 1433 3233 d.
1458 3176 1489 3222 o
1514 3166 1683 3219 become
1708 3162 1793 3210 een
1820 3151 2182 3207 olegeschreven
2209 3148 2321 3196 uijt
2347 3143 2515 3192 Velour
2542 3142 2626 3188 bij
2653 3134 2876 3186 meradula
2902 3132 2959 3178 in
2986 3129 3098 3177 dato
3125 3126 3209 3174 den
3235 3118 3348 3170 28=e

1355 3272 1585 3330 december
1612 3266 1728 3316 1645
1753 3259 1842 3310 aen
1870 3248 2157 3302 Gouverneur
2184 3245 2271 3292 der
2299 3239 2586 3290 Hollanders
2614 3234 2815 3284 luijden
2841 3230 2929 3277 als
2957 3225 3131 3274 Volght

1493 3424 1877 3517 Hollanders
1910 3412 2065 3468 sijn
2099 3407 2214 3453 van
2251 3398 2515 3451 grooter
2552 3393 2741 3442 macht
2777 3389 2891 3438 soo
2926 3382 3041 3432 dat
3077 3370 3379 3425 niemandt

1338 3548 1471 3602 haers
1493 3536 1678 3591 gelijck
1702 3528 1834 3579 sijn,
1858 3521 2016 3572 hebben
2039 3517 2146 3566 oocq
2172 3513 2328 3562 overal
2353 3507 2666 3558 overwinninge
2691 3502 2926 3552 Mieradula
2951 3497 3083 3547 sendt
3107 3490 3239 3541 synen
3264 3482 3402 3534 roete

1352 3647 1512 3702 aenden
1536 3632 1800 3691 gouverneur
1825 3626 2062 3677 derselver
2088 3622 2324 3670 Verlangen
2351 3621 2429 3667 met
2456 3617 2718 3666 blidtschap
2744 3614 2849 3661 sijn
2875 3614 2928 3660 E.
2953 3611 3060 3659 eens
3085 3604 3270 3655 tesien,
3293 3600 3348 3647 om

1350 3752 1626 3815 desedingen
1652 3749 1709 3796 af
1734 3745 1791 3793 te
1817 3736 2038 3788 maecken,
2064 3728 2285 3781 daeromme
2311 3725 2367 3772 in
2394 3722 2559 3769 delour
2587 3718 2779 3767 gecomen
2806 3715 2917 3763 ben,
2942 3709 3081 3759 alsoo
3108 3704 3219 3753 sijn
3244 3702 3274 3748 E
3298 3699 3328 3745 —

1351 3860 1581 3919 schrijven
1605 3849 1886 3904 ontffangen,
1911 3845 2014 3893 ende
2037 3837 2294 3888 mondelingh
2318 3831 2498 3882 rapport
2523 3825 2702 3875 gehoort
2726 3819 2880 3869 hebbe,
2904 3805 3161 3863 begeerende
3183 3799 3263 3848 ten

1355 3967 1558 4026 dienste
1585 3961 1729 4011 vande
1756 3955 2015 4005 Compagnie
2041 3947 2214 3998 hierin
2242 3944 2300 3991 te
2328 3939 2557 3989 wercken,
2583 3936 2671 3983 der
2698 3924 2957 3979 Conincken
2983 3910 3273 3968 Babalachan

1360 4075 1521 4128 hebben
1547 4066 1735 4119 gelast,
1762 4065 1815 4110 en
1842 4061 2003 4110 houden
2027 4058 2110 4106 van
2134 4053 2324 4102 waerden
2350 4052 2404 4098 't
2429 4048 2538 4097 gene
2563 4044 2645 4092 met
2670 4040 2752 4089 uE.
2775 4031 2992 4083 handelen
3019 4028 3126 4075 sal,
3152 4025 3313 4072 daerom

1364 4182 1512 4235 Cundt
1538 4171 1718 4226 hooren
1746 4169 1835 4215 wat
1865 4168 1924 4214 in
1952 4165 2100 4212 desen
2129 4161 2277 4209 Brief
2304 4152 2600 4204 geschreven
2629 4148 2806 4197 staet,
2835 4137 3129 4191 Babalachan
3158 4136 3218 4182 en
3245 4133 3335 4179 Ick

1361 4287 1550 4341 sullen
1578 4282 1706 4332 naer
1735 4271 2082 4327 Palliacatta
2113 4261 2302 4315 Comen,
2332 4257 2458 4304 doch
2489 4247 2803 4302 Babalachan
2832 4242 2928 4291 sal
2957 4238 3021 4285 in
3052 4224 3397 4282 poenemoelij

1837 2109 2511 2194 Jannuarij
2582 2100 2810 2153 A=o
2863 2081 3180 2149 1648
