3703 4828
1044 474 1377 531 augustus
1417 474 1541 521 Ao.
1577 466 1747 518 1646

1371 669 1701 720 Madrespatam,
1728 675 1838 723 ende
1865 678 1920 723 't
1947 678 2085 725 Jacht
2112 681 2222 729 naer
2248 685 2415 735 oschin
2441 691 2824 740 geprojecteert,
2852 692 2961 738 ende
2988 690 3153 737 ierden
3180 683 3346 735 d'onse

1363 780 1547 827 vanden
1577 780 1884 827 presidendt
1915 781 2130 827 Bericht
2160 782 2252 828 dat
2283 783 2406 829 haer
2436 784 2621 831 Vanden
2651 786 2958 832 gouverneur
2988 782 3111 830 Inde
3141 781 3357 829 Manilta

1371 880 1594 927 verboden
1621 878 1706 925 was
1733 875 1901 923 aldaer
1929 874 2068 920 weder
2096 874 2152 919 te
2179 874 2375 922 keeren,
2402 876 2514 922 voor
2542 877 2626 923 dat
2653 876 2904 923 Commissie
2931 873 3100 921 vanden
3127 872 3323 918 Coninck
3350 874 3435 920 van

1374 981 1620 1030 Castiljen
1647 975 2001 1025 medebrachten,
2028 974 2246 1020 gebeijde
2272 973 2463 1019 supleij
2490 974 2627 1022 heeft
2654 973 2763 1020 door
2789 969 2981 1018 stercke
3007 968 3252 1013 contrarie
3279 968 3445 1014 Winden

1352 1082 1463 1129 sijn
1490 1081 1654 1127 reijse
1681 1081 1764 1126 tot
1791 1079 2011 1126 souratte
2037 1077 2147 1123 niet
2174 1077 2449 1124 volbrengen
2476 1072 2668 1122 Cunnen,
2694 1069 2805 1116 maer
2831 1067 2887 1113 Is
2913 1063 3271 1112 genoodtsaeckt

1350 1186 1546 1234 geweest
1573 1187 1629 1233 In
1657 1186 1853 1234 Bembaij
1879 1181 2132 1230 teloopen,
2159 1179 2327 1227 alwaer
2354 1178 2439 1224 den
2465 1177 2523 1224 5.
2549 1175 2606 1221 en
2634 1172 2774 1220 Junij
2800 1168 2885 1216 ten
2911 1162 3081 1211 ancker
3106 1157 3304 1206 gecomen
3330 1155 3391 1204 Is

1167 1325 1227 1375 Af
1253 1320 1312 1368 19
1338 1314 1426 1363 tot
1453 1313 1511 1358 23
1537 1310 1625 1358 do.
1653 1311 1767 1356 niet
1795 1310 2165 1358 remarcquabels
2193 1309 2565 1361 voorgevallen,

1182 1469 1236 1520 An
1258 1465 1334 1511 24.
1357 1464 1383 1510 d
1406 1462 1433 1508 o
1456 1461 1705 1508 vertrecken
1729 1463 1803 1508 van
1828 1463 1952 1510 deede
1976 1466 2075 1512 Egte
2099 1467 2175 1515 met
2197 1471 2421 1519 resolutie
2445 1474 2520 1520 van
2543 1474 2618 1520 den
2642 1474 2791 1521 raedt,
2815 1477 3087 1526 namentlijck
3112 1481 3162 1527 't
3186 1482 3310 1528 schip
3334 1483 3413 1534 den

1322 1563 1579 1610 salmander
1607 1564 1863 1611 adrocture
1891 1566 2006 1612 naer
2034 1567 2234 1617 Batavia
2262 1573 2434 1621 sijnde
2461 1577 2662 1628 beladen
2689 1583 2775 1629 met
2803 1584 2889 1629 een
2917 1585 3174 1635 Cargasoen
3202 1591 3431 1639 Monteren

1296 1665 1333 1713 ƒ
1365 1658 1600 1706 302126„
1632 1659 1769 1705 6„15
1800 1662 2101 1711 bestaende
2135 1666 2203 1711 In
2235 1667 2369 1717 1025
2402 1671 2604 1721 packen
2636 1678 2938 1727 dweersche
2971 1682 3309 1734 sorteringe
3338 1692 3373 1739 —

1311 1762 1407 1811 van
1438 1757 1627 1805 Cleden
1659 1756 1943 1803 daeronder
1974 1758 2259 1807 bechrepen
2290 1763 2354 1809 d'
2385 1764 2448 1810 80
2479 1765 2670 1814 packen
2700 1770 2892 1819 gunees
2921 1776 3205 1827 lijnwaert
3237 1781 3301 1827 pr

1339 1858 1615 1914 Maeslandt
1644 1860 2042 1910 ongetacxseert
2072 1862 2318 1909 gevonden
2348 1863 2501 1911 30677
2531 1866 2593 1912 lb
2623 1868 2990 1919 Masulipatais
3020 1874 3083 1921 en
3112 1877 3299 1928 Indigo
3325 1885 3358 1932 —

1333 1965 1484 2015 53280
1511 1960 1574 2009 lb
1602 1958 2022 2006 geraffuseerden
2049 1956 2291 2004 salpeter
2320 1957 2410 2003 300
2440 1957 2530 2003 str
2559 1957 2770 2006 sleeven
2799 1961 2889 2008 als
2919 1963 3188 2011 slavinnen
3217 1966 3337 2012 7800
3366 1965 3460 2013 str

1326 2060 1641 2112 rochevellen
1670 2060 1784 2106 ende
1812 2059 1955 2106 12430
1983 2058 2040 2104 lb
2069 2056 2325 2103 Buschuijt
2354 2056 2468 2101 vaen
2496 2056 2867 2105 bederteerende
2895 2060 3066 2107 dehaar
3094 2058 3180 2106 van
3209 2057 3352 2104 alles

1317 2171 1402 2217 soo
1429 2168 1542 2215 voor
1569 2165 1879 2212 masulipatam
1907 2165 1992 2210 als
2020 2165 2329 2214 Palliacatta
2357 2169 2639 2218 Ingenomen,
2667 2174 2779 2220 Item
2807 2175 2864 2220 d'
2892 2174 3089 2221 Jachten
3116 2175 3201 2220 lis
3228 2174 3286 2220 en
3313 2169 3455 2218 lille

1325 2275 1448 2322 over
1478 2276 1816 2322 masulipatam
1847 2276 1970 2322 naer
1999 2276 2215 2329 pixelij
2245 2283 2429 2329 daerin
2460 2283 2583 2329 voor
2613 2284 2951 2332 masulipatam
2981 2280 3393 2331 g'snbarcquert

1322 2389 1413 2437 tot
1442 2387 1683 2436 vervolgh
1711 2383 1803 2430 des
1832 2381 2043 2427 handels
2072 2383 2342 2433 derwaerts
2371 2387 2521 2433 85545
2550 2387 2612 2433 lb
2641 2388 2791 2435 noten
2821 2387 3151 2434 musschaten,
3179 2381 3330 2432 14890
3359 2380 3421 2426 lb

1307 2494 1533 2547 geroffel
1560 2494 1755 2540 Nagelen
1783 2493 1923 2539 35040
1950 2493 2006 2539 p.
2034 2493 2090 2539 s.
2116 2493 2257 2540 grove
2284 2495 2619 2542 porceleijnen
2646 2495 2786 2542 30320
2814 2495 2981 2540 Cattij
3008 2495 3231 2541 Tayouans
3258 2489 3455 2539 solpher

1314 2601 1476 2652 19900
1507 2598 1603 2644 lb.
1635 2598 1986 2644 ambwouische
2017 2597 2464 2645 groffelnagelen
2495 2598 2623 2646 6458
2655 2598 2847 2645 Cattij
2877 2600 3101 2651 Japanse
3132 2606 3392 2661 Champhen

1298 2706 1355 2751 20
1380 2700 1552 2749 Cassen
1579 2699 1862 2746 gondraetet
1890 2701 1975 2747 een
2002 2701 2115 2747 vaet
2144 2700 2284 2746 Boter
2312 2700 2397 2746 een
2425 2701 2595 2747 legger
2622 2702 2877 2753 spaensche
2904 2708 3018 2753 Wijn
3045 2707 3158 2754 546.
3186 2705 3243 2751 lb
3270 2702 3441 2750 foelij

1311 2807 1378 2853 en
1410 2806 1544 2852 voor
1576 2807 1642 2852 't
1675 2806 1940 2853 Comptoir
1972 2807 2204 2855 pipelij
2236 2810 2336 2856 een
2368 2811 2600 2860 Contant
2633 2815 2897 2863 Capitael
2930 2817 3029 2863 van
3061 2814 3195 2862 1100
3227 2812 3395 2865 marcq

1291 2921 1375 2968 van
1402 2917 1570 2964 achten
1598 2916 1710 2962 1000
1737 2913 1821 2960 stx
1849 2912 2213 2959 rijcxdaelders
2239 2915 2408 2962 139295
2435 2918 2519 2964 str
2546 2918 2771 2964 abassij,
2797 2920 2911 2966 ende
2937 2922 3049 2969 7000
3076 2919 3160 2966 st.
3187 2907 3439 2963 manoeeije

1302 3026 1387 3073 den
1414 3022 1697 3070 almogenden
1725 3020 1953 3069 geleijde
1978 3025 2064 3071 soo
2092 3026 2148 3071 d'
2176 3026 2261 3074 een
2289 3029 2374 3075 als
2402 3031 2600 3076 d'ander
2627 3031 2712 3077 ter
2741 3028 3107 3076 gedestineerde
3136 3024 3334 3073 plaetse

1286 3139 1534 3197 spoesich
1562 3137 1625 3183 in
1656 3135 1812 3183 salvo

1105 3294 1175 3345 An
1203 3287 1273 3335 25
1306 3281 1406 3331 tot
1438 3277 1605 3325 nlt.o
1638 3277 1671 3322 d
1703 3275 1738 3321 o
1769 3269 1903 3318 niet
1936 3268 2368 3321 remarcquabees
2400 3277 2798 3331 voorgevallen

1986 4031 2049 4080 d.
2076 4028 2109 4074 o
2139 4025 2263 4072 niet
2291 4026 2625 4075 sonderlingh
2656 4026 2717 4071 s'
2747 4026 3111 4078 voorgevallen
3141 4033 3173 4079 —

1980 3719 2439 3783 Septemb.
2493 3709 2668 3765 Ao.
2723 3691 2956 3750 1646

2964 4126 3074 4174 adj
3110 4130 3185 4178 id
3219 4135 3259 4183 o
