3567 4883
1335 910 1573 962 schul
1619 909 1950 956 snijder
1996 912 2280 962 nijser
2324 914 2655 964 leesien
2699 907 2796 956 in
2840 897 3078 949 jndia
3120 896 3359 944 gecom

1230 1053 1325 1103 ao
1368 1050 1557 1098 1627
1603 1043 1743 1092 met
1788 1038 2023 1086 jacht
2062 1038 2440 1087 wierinck
2487 1042 2673 1089 voor
2717 1034 3046 1088 soldaet
3092 1033 3371 1080 jegen¬

1191 1181 1659 1242 „woordich
1710 1177 2176 1228 adelborst
2226 1180 2382 1229 met
2433 1179 2692 1227 gagie
2734 1180 2898 1226 van
2948 1175 3105 1226 ƒ14
3156 1169 3311 1219 ter

1222 1328 1557 1385 maendt,
1602 1326 1795 1373 ende
1842 1320 2272 1370 aengesien
2315 1321 2415 1367 d'
2458 1306 2939 1365 corporaels
2986 1296 3321 1349 plaetse

1230 1462 1545 1522 vanden
1595 1454 2068 1507 sergiandt
2118 1456 2433 1503 pieter
2483 1442 3111 1501 macxmilianus
3162 1439 3372 1486 open

1229 1605 1441 1658 ende
1493 1596 1912 1649 gemelten
1963 1594 2329 1643 michiel
2372 1588 2747 1638 snijder
2799 1580 3009 1633 door
3059 1572 3322 1621 Goedt

1219 1734 1868 1799 comportemendt
1917 1733 2117 1779 ende
2156 1718 2815 1779 neersticheijt
2858 1712 3313 1762 desselffs

1218 1886 1569 1939 plaetse
1592 1883 1769 1930 wel
1818 1872 2417 1927 meriterenden
2467 1868 2617 1917 is,
2664 1859 2916 1912 werdt
2965 1854 3066 1903 op
3114 1848 3317 1897 sijn

1214 2037 1593 2095 vertoogh
1637 2027 1781 2079 end
1828 2019 2207 2070 versoeck
2252 2011 2443 2064 daer
2489 2007 2585 2053 in
2629 1992 3105 2050 Bevesticht
3151 1983 3342 2036 ende

1227 2193 1370 2245 een
1414 2174 1885 2235 belooningh
1930 2168 2072 2218 van
2117 2160 2494 2214 sesthien
2539 2142 2869 2202 guldens
2912 2138 3056 2186 ter
3101 2133 3339 2183 maent

1238 2334 1386 2384 tot
1429 2325 1824 2379 gevoucht
1872 2310 2360 2368 innegaende
2408 2308 2506 2354 d'
2553 2295 3188 2355 verbeteringhe
3233 2291 3384 2339 van

1266 2479 1529 2530 Gagie
1579 2470 1790 2523 dato
1842 2456 2104 2513 deses
2154 2451 2209 2500 —

1143 2696 1405 2748 Aldus
1455 2702 1766 2750 gedaen
1817 2703 2435 2755 Geresolveert
2487 2709 2693 2756 ende
2745 2711 3365 2760 g'arresteert

1017 2700 1040 2747 G

1241 2845 1403 2900 jnt
1455 2835 1832 2887 casteel
1872 2828 2260 2881 Geldria
2313 2830 2420 2877 op
2471 2827 2583 2874 d'
2632 2830 2849 2878 Cust
2902 2824 3386 2874 choromand

1213 2974 1595 3039 datum
1670 2970 1824 3019 ut
1897 2970 2287 3023 supra

2267 3103 2495 3176 Was
2568 3087 3312 3145 geteickent

1906 3395 2608 3485 MArnoed,
2694 3439 3310 3501 heussen

1790 3600 2673 3655 Lauwerens
2770 3610 3162 3666 Pitt

1866 3752 2501 3812 Hendricq
2579 3744 2819 3797 van
2897 3742 3217 3791 gent

1042 895 1191 963 ƒ
