3567 4801
2667 655 2844 703 832

755 762 1177 813 Handell,
1229 762 1492 809 aller
1544 761 1912 811 Weghen,
1964 766 2174 813 daer
2225 765 2437 812 maer
2488 768 2756 824 ijets

867 884 1379 937 vruchtbaers
1424 881 1703 930 cunnen
1748 877 2306 925 uijtwercken,
2352 881 2769 929 levendich
2815 877 2909 928 t'

838 1011 1159 1069 houden,
1203 1007 1433 1057 niets
1477 999 1980 1052 mancqueren,
2026 999 2163 1044 tot
2208 998 2392 1044 dien
2437 997 2712 1044 eijnde
2755 994 2899 1043 nu,

866 1139 1053 1189 ende
1099 1133 1239 1182 ome
1285 1127 1471 1177 onse
1518 1117 2123 1172 competiteurs,
2168 1113 2262 1161 in
2308 1101 2867 1159 sonderheijds

852 1268 945 1316 d'
985 1256 1490 1317 portugesen,
1534 1255 1673 1302 van
1718 1251 1946 1299 veele
1989 1251 2265 1299 haerer
2310 1250 2585 1297 nodige
2630 1245 2912 1293 cleden

783 1423 934 1479 tot
975 1405 1472 1466 onderstant
1517 1400 1667 1453 van
1714 1388 1959 1443 haere
2008 1384 2302 1433 plaets
2349 1377 2548 1427 ende
2592 1364 2936 1425 handell

867 1560 949 1610 op
984 1550 1068 1601 d'
1106 1537 1426 1593 jndische
1466 1533 1706 1582 custe,
1745 1529 1905 1577 goa,
1944 1528 2064 1575 als
2101 1526 2384 1573 elders,
2423 1524 2503 1571 te
2543 1516 2984 1569 frustreren,

870 1692 958 1742 't
1000 1679 1423 1735 schilderen
1464 1676 1591 1723 van
1633 1671 2056 1721 javaensche
2096 1657 2564 1715 sorteringen
2599 1648 2690 1699 jn
2730 1633 2902 1690 ende

871 1809 1272 1870 ontrendt
1318 1799 1819 1853 caijlpatam
1865 1794 2266 1845 trachten
2315 1789 2466 1838 jnt
2514 1781 2764 1832 werck
2806 1770 2913 1825 te

867 1941 1249 1997 stellen,
1295 1931 1533 1984 sulcx
1580 1932 1675 1978 nu
1722 1930 1912 1976 rede
1959 1930 2102 1978 van
2148 1917 2765 1974 tappesarasses
2811 1909 2908 1960 en

848 2066 1185 2118 enindes
1231 2065 1375 2113 een
1422 2059 1709 2111 preuve
1757 2055 2140 2103 genomen,
2187 2055 2378 2103 ende
2425 2047 2903 2100 d'monsters

865 2199 1022 2247 daer
1060 2196 1217 2243 van,
1255 2197 1373 2243 die
1411 2198 1567 2246 voor
1606 2198 1645 2244 t
1682 2194 1917 2243 eerste
1956 2186 2345 2239 redelijck,
2383 2179 2540 2231 doch
2577 2171 2735 2222 noch
2772 2162 2931 2215 niet

863 2332 1045 2385 naer
1089 2324 1405 2374 eijsch,
1449 2326 1586 2372 dat
1630 2326 1766 2373 Bij
1811 2323 2172 2372 gewoonde
2216 2307 2713 2367 lichtelijck
2757 2299 2848 2350 te

835 2461 1289 2518 Remedieren
1333 2456 1470 2505 sal
1512 2449 1743 2503 sijn,
1785 2452 2013 2499 onder
2057 2447 2510 2501 'tpresente
2554 2440 2962 2492 cargasoen

870 2606 1050 2657 mede
1093 2592 1498 2651 gescheept
1541 2587 1856 2638 hebben,
1900 2585 2035 2630 soo
2079 2577 2259 2630 sijn
2303 2574 2483 2620 oock
2527 2565 2977 2618 voornemens

845 2740 1211 2793 'tverwen
1256 2738 1394 2786 van
1438 2734 1668 2783 roode
1714 2729 2217 2779 lijnwaeten,
2260 2722 2446 2774 ende
2489 2715 2583 2764 't
2628 2707 2951 2758 maecken

853 2879 990 2930 van
1034 2870 1305 2922 eenige
1350 2870 1576 2917 roode
1619 2861 2071 2913 gestreepte
2116 2848 2568 2906 persiaense
2611 2842 2973 2895 cleeden,

855 3011 936 3058 om
976 3007 1057 3054 d'
1096 3001 1379 3051 suijdt,
1418 2991 1661 3045 alwaer
1700 2988 1782 3035 d'
1819 2981 2064 3031 saeije
2104 2977 2467 3028 doorgaens
2506 2968 2749 3020 helder
2787 2966 2950 3014 ende

846 3143 1164 3201 schoon
1215 3130 1638 3188 Bevoede,
1686 3110 2427 3175 d'onderleggen,
2479 3105 2637 3153 ome
2689 3102 2849 3150 Bij

858 3282 1483 3347 mancquemende
1535 3278 1690 3327 van
1741 3271 2053 3322 d'eene
2102 3256 2466 3314 plaets,
2516 3249 2673 3299 van
2724 3245 2884 3293 een

850 3438 1111 3487 ander,
1154 3434 1327 3483 ende
1369 3425 1544 3477 daer
1586 3422 1976 3469 cijrijlst
2018 3419 2106 3467 te
2149 3410 2582 3464 genaecken,
2625 3401 2973 3455 gedient,

848 3581 1030 3631 ende
1075 3579 1165 3624 d'
1208 3570 1300 3623 E.
1345 3566 1616 3614 compe
1661 3558 1978 3610 negotie
2021 3555 2248 3604 alsoo
2292 3548 2474 3598 niet
2518 3543 2790 3591 alleen

820 3710 1152 3774 Buijten
1197 3696 1810 3753 verachteringe
1855 3693 2232 3743 gestelt,
2278 3689 2467 3739 maer
2514 3685 2655 3733 van
2700 3681 2939 3729 alles

848 3857 1001 3906 des
1051 3837 1608 3899 t'oxulenter
1657 3826 2114 3882 versurght
2163 3811 2468 3870 moghen
2518 3802 2872 3853 werden,

851 3984 1211 4048 tgevolch
1255 3982 1435 4030 hier
1480 3977 1615 4025 van
1659 3975 1884 4023 werdt
1926 3971 2109 4020 uEd:
2151 3952 2602 4014 successive
2635 3952 2921 3999 bekent

835 4144 1261 4209 gemaeckt,
1303 4125 1589 4188 jntrun
1633 4118 1823 4168 sijn
1869 4107 2104 4161 miedt
2150 4092 2432 4151 sonder
2476 4077 2951 4134 Beduchten,

831 4284 1255 4350 aengesien
1301 4276 1396 4326 in
1441 4268 1584 4320 soo
1629 4260 1866 4311 verre
1912 4259 2149 4309 vande
2193 4257 2430 4310 handt
2475 4244 2809 4300 gelegen

2240 4475 2865 4558 Plaetse

13 767 215 823 gesogen
