3553 4917
319 407 662 474 februarij
699 403 774 450 ao
807 388 1037 446 1646/.

2356 416 2465 464 In
2516 403 2737 462 Jedo

881 666 1056 722 Eenige
1082 658 1402 709 gemeenschap
1431 655 1633 703 hebben,
1662 655 1749 701 wel
1776 653 2125 701 scherpelijck
2150 654 2327 701 letten
2355 654 2471 700 geen
2500 654 2616 700 papi
2644 651 2703 698 en
2730 644 2847 695 octe
2874 642 3020 689 haere

903 774 1235 824 adherenden,
1265 773 1355 818 van
1385 772 1476 818 wat
1505 770 1686 818 staat,
1715 770 2047 819 qualiteijt,
2076 770 2197 817 ofte
2227 770 2377 816 natie
2406 769 2497 815 die
2525 764 2678 814 mogen
2707 757 2858 809 sijn,
2886 753 2979 801 met

948 888 1038 934 uwe
1067 884 1277 933 schepen
1306 883 1367 929 in
1396 883 1547 929 Iapan
1575 884 1786 932 gebract
1815 887 2024 934 werden,
2054 888 2174 935 want
2203 887 2353 933 sulcx
2383 882 2682 933 gebeurende
2710 877 2802 925 sal
2829 872 2891 920 de
2920 870 3041 917 hoe„

957 1001 1150 1051 landers
1177 1002 1315 1048 groot
1342 1001 1480 1046 quaat
1507 1001 1756 1048 overcomen
1782 1003 1893 1049 (dat
1920 1004 2140 1052 verstaen
2167 1007 2277 1052 moet
2305 1007 2470 1053 werden
2497 1007 2662 1053 metter
2689 1007 2799 1053 dood
2823 999 3075 1052 stratten)

949 1119 1127 1169 indien
1155 1120 1215 1166 de
1243 1120 1623 1169 spangeaerden,
1653 1124 1975 1175 portugesen,
2003 1131 2120 1176 ofte
2149 1130 2325 1176 eenigh
2353 1129 2384 1175 e
2412 1128 2588 1174 andere
2616 1125 2764 1173 natie
2791 1123 2881 1169 van
2906 1115 2998 1168 die

946 1243 1093 1292 secte
1122 1241 1443 1289 reijmelijck
1471 1240 1590 1288 waer
1617 1243 1764 1291 Japan
1793 1246 2085 1293 tendeeken,
2113 1247 2230 1293 sult
2260 1242 2552 1292 ghijlieden
2579 1240 2726 1286 sulcx
2754 1237 3019 1286 adviseert

948 1360 1008 1405 de
1037 1359 1338 1406 hollanders
1368 1361 1550 1406 hebben
1578 1362 1669 1409 bij
1698 1365 1820 1413 drie
1848 1369 2179 1417 voorvaderen
2208 1371 2389 1417 tijden
2419 1371 2569 1416 deses
2598 1367 2839 1415 keijsers
2866 1362 3019 1412 Japan

953 1480 1354 1530 gefrequenteekt
1381 1484 1496 1530 ende
1524 1485 1696 1533 dienst
1724 1488 1896 1535 gedaen
1925 1490 2213 1537 overenlcre
2239 1494 2382 1540 heeft
2411 1492 2497 1539 den
2525 1489 2725 1536 keijser
2753 1486 2840 1533 den
2868 1483 3070 1530 Capit=n

953 1603 1248 1653 toegestaen
1278 1605 1395 1651 sijn
1424 1606 1688 1654 aenschijn
1716 1609 2126 1657 'taenschouwen,
2154 1611 2213 1656 so
2243 1611 2330 1656 dan
2359 1610 2418 1656 de
2447 1605 2652 1654 geboden
2680 1599 2769 1649 des
2796 1594 3033 1642 keijsers

954 1715 1200 1765 nagecomen
1226 1714 1391 1761 werden
1416 1717 1499 1763 sal
1524 1717 1634 1764 geen
1661 1719 2013 1771 veranderinghe
2040 1726 2095 1772 te
2121 1727 2312 1774 wachten
2338 1726 2447 1775 zijn
2474 1723 2583 1770 maer
2609 1719 2745 1767 alles
2772 1718 2854 1764 ten
2880 1713 3047 1763 goeden

956 1832 1107 1879 stand
1137 1834 1378 1883 blijven,
1408 1837 1530 1884 daer
1559 1840 1619 1885 op
1650 1840 1740 1887 met
1770 1842 2072 1892 Reverentie
2102 1847 2404 1894 antwoorden
2431 1841 2525 1891 dat
2552 1838 2615 1884 de
2643 1831 2856 1881 Geboden
2883 1827 2979 1875 des

955 1956 1198 2002 keijsers
1228 1955 1320 2001 met
1350 1954 1745 2002 genegentheijt
1775 1957 2019 2005 trachten
2048 1961 2110 2006 te
2140 1954 2505 2007 onderhouden,
2533 1949 2656 1998 ende
2686 1945 2778 1993 den
2806 1934 2963 1988 dikst

956 2082 1071 2128 vand
1098 2084 1298 2131 Japanse
1325 2082 1470 2131 Rijck
1498 2080 1670 2128 altijt
1697 2078 1898 2124 soecken
1925 2078 1984 2124 te
2012 2079 2326 2130 Bevorderen,
2354 2083 2469 2130 hier
2496 2080 2554 2127 na
2582 2079 2611 2125 e
2639 2072 2811 2124 edtrom
2838 2068 3040 2116 eenigen

950 2206 1067 2252 tijt
1096 2201 1357 2251 gewerchte
1383 2196 1617 2244 hebbende
1646 2196 1762 2242 door
1791 2197 2051 2243 welkgemel
2080 2198 2167 2244 ten
2196 2198 2486 2244 gouverneur
2515 2192 2776 2242 sabroseij
2804 2189 2920 2236 mond
2948 2187 3067 2233 omne

951 2324 1141 2375 voorde
1169 2318 1638 2367 gecommitteerden
1669 2319 1855 2365 vanden
1886 2318 2104 2364 eersten
2134 2319 2290 2367 prins
2321 2319 2384 2365 om
2414 2317 2477 2364 de
2508 2305 2850 2360 schenckagie
2880 2303 3005 2349 over

953 2442 1015 2487 te
1045 2440 1261 2487 leveren
1292 2436 1570 2485 gebracht,
1599 2434 1816 2480 wanneer
1846 2434 2155 2483 Reverentie
2184 2436 2370 2482 doende
2400 2432 2524 2480 door
2554 2430 2647 2477 den
2677 2422 2986 2474 Gouverneur

962 2561 1283 2610 sabrosetjen
1312 2554 1515 2606 ondonne
1542 2552 1688 2598 luijd
1717 2551 1833 2596 uijt
1861 2550 2065 2597 gerapen
2093 2552 2267 2598 wierde
2296 2549 2528 2598 hollanda
2557 2546 2702 2595 Cappi
2730 2540 2847 2589 tan,
2874 2534 2994 2584 dank

959 2680 1084 2726 mede
1114 2679 1424 2727 vertrocken
1454 2677 1548 2723 met
1578 2675 1703 2722 veel
1734 2674 1921 2720 Geluck
1951 2674 2292 2721 wenschinghe
2323 2668 2510 2719 wegens
2539 2664 2603 2712 't
2632 2658 2757 2708 goet
2784 2651 2975 2702 surces

959 2803 1119 2850 mijner
1145 2798 1490 2848 verricgtinge,
1515 2797 1569 2843 en
1595 2793 1940 2841 insonderheijt
1966 2794 2046 2840 dat
2071 2794 2125 2840 in
2151 2793 2337 2839 persoon
2362 2790 2469 2838 voor
2494 2786 2576 2834 den
2599 2780 2787 2829 keijser
2812 2776 2919 2824 ver=

960 2925 1234 2975 scheenen
1266 2921 1373 2970 was

880 3088 971 3139 14:
1000 3081 1147 3131 ditto
1175 3079 1235 3125 de
1264 3075 1382 3123 vier
1411 3068 1705 3120 principale
1733 3063 1881 3112 Rijcx
1909 3062 2057 3109 raden
2085 3061 2380 3108 schenkagie
2406 3055 2614 3106 gedaen.
2643 3051 2762 3100 ende
2788 3046 2879 3095 Bij
2907 3041 3026 3094 hare

1054 3038 1086 3085 w

650 3091 848 3144 adij

978 3189 1329 3239 secretarisen
1357 3186 1475 3233 ofte
1504 3180 1738 3230 regenten
1767 3179 1855 3225 des
1884 3175 2118 3223 huijses,
2147 3171 2294 3220 alzo,
2321 3170 2382 3216 de
2408 3166 2586 3214 heeren
2613 3163 2673 3209 te
2700 3150 2848 3208 hoove

979 3301 1179 3348 sijnde
1210 3290 1544 3346 aengenomen

733 3464 861 3516 Adij
892 3459 1051 3508 15:en
1081 3454 1240 3503 ditto
1271 3450 1462 3498 wannek
1493 3443 1715 3495 wederom
1746 3441 1937 3488 eenige
1968 3441 2286 3488 raatlytken
2316 3437 2507 3488 gingen
2536 3425 2823 3480 Besoecken
2854 3423 2981 3470 ende

973 3564 1275 3612 schenckagie
1301 3563 1465 3610 deden,
1491 3558 1683 3608 wuerden
1711 3556 1793 3603 ten
1820 3554 1956 3602 hoove
1983 3550 2202 3599 geroepen
2228 3549 2284 3595 om
2311 3548 2393 3594 des
2419 3538 2666 3592 kelijsers
2691 3525 3020 3582 wederschenck

958 3687 1020 3737 te
1047 3678 1342 3730 ontfangen,
1370 3674 1519 3723 sulcx
1547 3672 1636 3718 ons
1664 3670 1930 3717 derwaarts
1958 3668 2253 3716 vervoecht,
2281 3663 2458 3712 alwaer
2487 3659 2576 3707 mij
2603 3656 2752 3703 (door
2780 3654 2869 3699 den
2896 3650 2986 3697 Com

954 3803 1162 3854 verneur
1191 3795 1723 3847 sabrosetijmondonne
1752 3794 1842 3840 ter
1871 3795 2078 3840 plaatse
2107 3792 2344 3840 gebracht
2373 3791 2492 3837 daer
2521 3788 2581 3834 te
2610 3784 2788 3833 vooren
2815 3774 2936 3829 onse

964 3920 1285 3971 schenkagul
1317 3917 1476 3965 aende
1506 3910 1984 3960 gecommitteerden
2016 3914 2209 3965 vanden
2238 3922 2398 3968 prins
2427 3907 2811 3967 overgelevert
2842 3901 3034 3951 hadde.

965 4041 1112 4093 wegen
1141 4043 1259 4090 sijn
1286 4041 1405 4088 maij
1433 4040 1493 4087 s.
1521 4039 1553 4085 t
1579 4039 1669 4087 20:
1695 4035 1756 4082 'f
1785 4034 2079 4081 ingelijcke
2107 4033 2284 4081 vanden
2311 4026 2459 4076 Prins
2486 4019 2577 4071 20=
2603 4016 2635 4063 p
2662 4005 2810 4060 sijde
2838 3998 3015 4049 rocken

2427 4275 2547 4347 om
2596 4257 2767 4307 tot
2820 4252 2935 4307 /.

2329 4320 2385 4373 6

433 307 517 362 ao

2869 332 3063 385 633
