3403 5142
2341 355 2605 416 febr.

2956 221 3106 268 801

678 323 791 376 Den
827 321 902 367 d'
938 320 1013 367 E:
1049 320 1234 370 H=ren
1271 324 1456 371 raden
1493 326 1641 374 ende
1678 329 1900 377 direc„

639 411 853 461 teurs
895 417 1107 464 wegen
1148 420 1829 480 d'Nederlantschen

708 513 919 562 staet
961 513 1044 558 In
1086 513 1298 563 India

750 966 941 1018 Mijn)
976 976 1090 1023 Ed:
1127 977 1317 1023 h=ren
1354 979 1429 1025 op
1467 978 1694 1024 'salvo
1731 979 2109 1029 overcomste
2146 983 2336 1032 (Godt
2373 987 2449 1034 de
2486 990 2789 1041 voorste)
2825 996 2940 1042 van
2977 998 3052 1043 't
3090 998 3208 1043 Jac

905 1077 970 1122 d'
1003 1074 1361 1122 waterhoudt,
1394 1073 1492 1119 van
1523 1072 1655 1118 hier
1687 1072 1818 1117 11:e
1850 1072 2112 1118 october,
2143 1074 2209 1120 't
2241 1075 2405 1125 schip
2436 1081 2697 1131 d'vreede
2729 1086 2828 1133 van
2860 1088 3187 1136 Masulipatn

916 1170 1012 1217 14.
1042 1165 1173 1215 d„o,
1203 1162 1333 1208 ende
1364 1160 1429 1206 't
1461 1159 1654 1205 fluijt
1685 1159 1845 1205 schip
1877 1159 2166 1209 Castricum
2196 1164 2294 1210 van
2326 1165 2648 1218 pixeli3=en
2678 1174 2935 1222 November
2966 1177 3192 1225 adroict

916 1261 1052 1308 naer
1085 1257 1322 1306 Costij,
1355 1252 1695 1301 mitsgaders
1728 1252 1796 1297 't
1829 1251 2034 1297 Engels
2066 1251 2237 1299 Jacht
2270 1255 2575 1306 d'Advijso
2608 1262 2710 1307 van
2744 1262 3185 1312 Masulipatnan,

922 1350 1077 1398 11=e
1116 1348 1271 1395 daer
1309 1345 1734 1393 aenvolgende
1772 1344 1927 1390 naer
1966 1345 2197 1391 Bantam
2235 1344 2700 1394 genavigeert.

918 1456 1148 1505 sijnde
1185 1455 1642 1502 d'waterhoudt
1679 1454 2061 1505 affgeladen
2097 1461 2212 1508 met
2249 1463 2365 1510 een
2401 1464 2555 1511 Car„

926 1857 999 1903 te
1034 1857 1214 1902 samen
1249 1857 1358 1904 een
1392 1859 1717 1910 Cargasoen
1748 1864 2002 1911 Incoops
2037 1866 2396 1913 bedragende
2431 1868 2577 1917 Con„

918 1942 1122 1995 form
1172 1941 1727 1993 d'bijgaende
1776 1949 2181 2004 facturen

2194 1952 2244 1998 -

2436 1961 2488 2009 ƒ
2528 1959 3129 2008 654705„13„12

2257 1952 2282 1998 -

918 2040 1127 2090 sullen
1160 2037 1298 2084 uEd:
1332 2036 1469 2082 uijt
1501 2035 1915 2082 d'daernevens
1948 2038 2222 2085 gesonden
2257 2040 2565 2086 advijsen,
2599 2039 2839 2086 Negotie
2873 2041 3147 2092 boecken,

926 2124 1217 2176 verdere
1258 2122 1673 2169 documenten
1715 2122 1798 2167 't
1839 2121 2295 2172 gepasseerde
2337 2126 2503 2173 ende
2544 2125 3084 2173 d'Constitutie
3125 2125 3209 2171 In

927 2214 1184 2266 omtrent
1220 2212 1405 2258 dees,
1440 2211 1552 2257 als
1588 2210 1809 2256 andere
1846 2211 2213 2257 quartieren
2249 2212 2361 2259 ten
2397 2214 2801 2261 prinsipale,
2838 2211 3022 2260 sulcx
3058 2207 3206 2256 oock

920 2301 1122 2352 nader
1161 2296 1323 2345 uijt
1362 2294 1443 2340 de
1483 2293 1886 2340 mondelinge
1925 2295 2287 2342 rapporten
2326 2298 2568 2349 vanden
2607 2303 3090 2351 Oppercoopman

911 2392 1025 2440 Sr.
1061 2383 1518 2436 Bartholomeus
1556 2383 1974 2431 d'Gruijter,
2011 2386 2163 2433 ende
2201 2388 2390 2434 Capn.
2428 2389 2656 2435 Jurgen
2694 2390 2999 2439 boddijn,
3034 2392 3188 2441 hebb

920 2479 1210 2530 gelieven
1244 2477 1319 2523 te
1353 2474 1681 2522 vernemen,
1717 2476 1971 2521 welcken
2007 2475 2333 2521 aengaende
2370 2476 2877 2531 d'seekerheijt,
2913 2485 3204 2533 mitsgade

932 2577 1074 2625 uEd:
1107 2567 1427 2621 gevallen,
1462 2566 1603 2612 ende
1638 2566 1957 2613 versochte
1992 2569 2169 2615 ordre
2204 2570 2310 2615 tot
2346 2570 2452 2615 ons
2487 2569 2664 2615 nader
2699 2570 3088 2618 regulement,
3123 2572 3231 2620 met

933 2660 1226 2715 verlangen
1257 2658 1323 2705 te
1354 2654 1549 2703 gemoet
1581 2654 1711 2699 sie,
1742 2653 1840 2699 bij
1872 2653 2035 2701 desen
2065 2656 2131 2702 nu
2163 2656 2260 2702 sal
2293 2657 2422 2702 uEd.
2454 2657 2810 2704 cortelijck,
2842 2659 2972 2706 doch
3003 2661 3101 2707 soo
3133 2659 3231 2707 vee

934 2750 1168 2799 nodich,
1201 2745 1602 2795 aencundigen,
1636 2745 1702 2790 't
1736 2745 1870 2790 gene
1903 2745 1970 2791 in
2003 2746 2237 2794 gevolge
2270 2749 2705 2796 voorgevallen,
2738 2749 2872 2796 ende
2905 2749 3006 2794 ten
3039 2748 3206 2798 dien„

935 2837 1122 2887 onser
1159 2834 1346 2883 h=rn.
1382 2832 1792 2879 principalen
1830 2834 2054 2880 verder
2090 2836 2612 2883 vereijsschende
2649 2837 2724 2883 Is
2760 2838 2801 2886 —

925 1725 1316 1772 Castricum.
1353 1723 1394 1770 .
1431 1719 1473 1767 .
1510 1717 1550 1763 .
1589 1717 1629 1762 .
1667 1718 1707 1764 .
1744 1718 1785 1764 .
1822 1715 1863 1761 .
1901 1713 1942 1760 .
1980 1716 2020 1762 .
2058 1718 2098 1764 .
2135 1721 2177 1768 .
2214 1725 2253 1770 .
2292 1725 2331 1770 .
2371 1724 2410 1770 .
2448 1723 2491 1769 .
2524 1724 2567 1772 .
2602 1721 2643 1770 „
2682 1725 2917 1771 86497„
2955 1725 3113 1774 1„14

727 3031 845 3088 Het
880 3034 956 3087 Is
992 3043 1105 3088 dan
1142 3041 1293 3087 voor
1329 3041 1518 3087 eerst
1555 3042 1781 3089 sulxx,
1816 3044 1931 3090 den
1967 3045 2343 3094 vervremden
2381 3049 2531 3094 ende
2569 3047 3020 3095 boosaerdigen
3054 3046 3169 3095 Chi

935 3135 1074 3184 name
1108 3133 1178 3178 in
1211 3132 1351 3178 sijn
1386 3131 1629 3177 brutael
1663 3132 1872 3179 opset,
1906 3133 2010 3179 met
2045 3133 2427 3180 conniventie
2461 3134 2600 3180 ende
2635 3134 2912 3180 toestaen
2947 3135 3052 3180 des
3086 3136 3190 3182 Con

943 3219 1491 3274 Continuerende,
1530 3217 1844 3263 houdende
1883 3218 2002 3264 een
2039 3221 2236 3269 leger
2274 3223 2392 3270 van
2430 3222 2705 3269 omtrent
2744 3224 2940 3270 4000:
2977 3217 3215 3269 pions,

2403 3270 2422 3315 rst

944 3310 1058 3357 50:
1095 3305 1400 3354 moorsche
1437 3300 1779 3349 ruijters,
1817 3300 2159 3349 beschanst
2197 3304 2312 3351 met
2349 3305 2463 3352 een
2501 3305 2805 3353 bveringe
2842 3308 2956 3354 int
2994 3309 3223 3357 ronde,

944 3401 1008 3447 op
1040 3401 1073 3447 3
1103 3398 1201 3446 str
1233 3391 1458 3442 geschut
1490 3391 1522 3436 ½
1554 3390 1683 3436 mijl
1715 3389 1940 3435 buijten
1972 3388 2037 3434 d'
2069 3388 2230 3434 stadt
2262 3388 2648 3437 Palliacatta,
2679 3393 2905 3440 buijten
2937 3396 3066 3442 dien
3097 3397 3263 3446 d'weg

934 3490 1088 3539 ende
1126 3485 1469 3535 passagien
1507 3482 1735 3530 alomme
1773 3480 1887 3527 tot
1925 3478 2421 3526 verhinderingh
2457 3479 2572 3526 van
2610 3479 2801 3526 allen
2838 3482 3296 3528 noodwendigen

935 3574 1213 3621 toevoer,
1248 3572 1387 3619 seer
1421 3571 1560 3617 nau,
1595 3569 1803 3616 beset,
1838 3568 1977 3614 doch
2012 3567 2220 3613 siende
2255 3567 2533 3613 weijnich
2566 3565 2707 3612 ofte
2741 3564 2880 3609 niet
2914 3564 3054 3610 door
3088 3561 3297 3609 gewelt

942 3657 1089 3704 ende
1126 3658 1494 3704 opgeblasen
1531 3655 1862 3704 hoochmoet
1898 3653 2119 3699 tegens
2156 3653 2414 3699 d'selve
2450 3654 2671 3700 stadt,
2708 3655 2855 3700 veel
2892 3655 3002 3700 min
3038 3651 3312 3699 s'Compe

934 3743 1275 3792 fortresse
1313 3742 1389 3788 te
1427 3741 1655 3787 Cunnen
1691 3740 2148 3787 uijtrichten,
2185 3741 2338 3786 maer
2375 3741 2527 3787 sich
2565 3741 2716 3786 meer
2754 3741 2906 3787 ende
2943 3741 3096 3787 meer
3133 3736 3285 3786 daer

938 3832 1078 3882 door
1113 3831 1182 3876 te
1215 3827 1599 3876 Consumeren,
1634 3828 2017 3874 verlopende,
2050 3828 2190 3874 ende
2225 3828 2676 3875 muijtenerende
2711 3828 3024 3875 dagelijcx
3058 3828 3197 3873 sijn
3232 3827 3267 3873 —

946 3908 1149 3955 volck
1189 3908 1351 3953 door
1392 3908 1838 3954 mancquement
1878 3909 2000 3955 van
2040 3910 2405 3958 betalinge
2446 3912 2932 3959 seijntelijck
2972 3910 3258 3958 genoot„

943 3987 1169 4038 saeckt
1207 3986 1283 4032 is
1319 3987 1621 4034 gewerden
1656 3987 1845 4034 vande
1883 3986 2297 4037 belegeringh
2333 3994 2409 4040 te
2446 3996 2859 4047 desisteren,
2896 4000 3009 4047 Int
3047 3998 3272 4045 Jongst

941 4080 1057 4126 van
1094 4074 1403 4124 december
1442 4072 1597 4119 sijn
1634 4071 1827 4118 volck
1865 4071 1943 4116 op
1981 4071 2059 4116 te
2097 4072 2252 4119 doen
2289 4075 2598 4126 breeken,
2636 4082 2791 4128 ende
2827 4083 2983 4129 naer
3020 4081 3291 4128 Mansiu„

939 4162 1092 4216 wake
1129 4159 1243 4206 (s'
1281 4159 1507 4206 Comp„e
1544 4159 1732 4205 dorp)
1770 4159 2147 4205 retireren,
2184 4160 2297 4206 van
2335 4161 2485 4207 waer
2523 4162 2674 4208 oock
2711 4163 2900 4209 corts
2936 4159 3088 4207 daer
3125 4157 3277 4204 naer

943 4250 1439 4303 gedelogieert,
1477 4248 1630 4295 ende
1668 4245 1821 4292 seer
1859 4244 2050 4290 malse
2088 4243 2356 4289 content
2393 4244 2547 4290 over
2585 4243 2890 4290 d'sobere
2924 4236 3273 4288 beloninge

944 4346 1091 4394 huns
1127 4342 1312 4390 wechs
1348 4333 1717 4386 vertrocken
1754 4329 1938 4377 sijn,
1975 4328 2307 4374 blijvende
2343 4327 2491 4373 maer
2527 4325 2749 4372 enigen
2785 4322 2933 4369 hier
2969 4318 3117 4366 ende
3153 4313 3301 4362 daer

940 4415 1297 4471 lantwaert
1335 4413 1455 4459 in,
1493 4411 1653 4458 Omme
1691 4408 1771 4454 de
1809 4407 2324 4453 prinsipaelste
2363 4408 2719 4459 passagien
2759 4408 2957 4457 beset
2994 4402 3154 4452 ende
3193 4397 3312 4445 ons

942 4496 1179 4548 buijten
1212 4492 1447 4541 toevoer
1481 4491 1581 4537 ten
1614 4487 1950 4536 meerendeel
1984 4487 2051 4532 te
2084 4487 2320 4535 houden,
2352 4490 2453 4537 dat
2487 4492 2622 4539 oock
2654 4488 3024 4541 Eijntelijck
3056 4482 3259 4533 geses„

939 4578 1130 4627 seert
1166 4576 1281 4623 Is,
1317 4573 1395 4621 't
1432 4569 1584 4617 gene
1621 4568 1697 4614 nu
1734 4564 2075 4612 gedurende
2113 4565 2642 4613 d'belegeringh,
2679 4565 2831 4611 ende
2868 4552 3249 4609 besettingh

919 1545 1160 1596 gasoen
1198 1543 1358 1590 van.
1397 1542 1438 1587 .
1476 1540 1517 1586 .
1556 1539 1596 1585 .
1635 1539 1677 1585 .
1714 1541 1755 1587 .
1793 1538 1834 1584 .
1873 1538 1914 1585 .
1952 1541 1993 1587 .
2032 1543 2072 1588 .
2110 1543 2151 1589 .
2190 1544 2232 1591 .
2269 1548 2310 1594 .
2348 1550 2393 1598 .
2427 1558 2470 1606 .
2506 1563 2547 1609 f
2586 1563 3104 1613 135031//19//1

920 1636 1218 1689 d'vrede.
1254 1635 1292 1681 .
1329 1636 1366 1681 .
1401 1635 1440 1681 .
1476 1634 1514 1680 .
1550 1633 1588 1679 .
1624 1632 1662 1678 .
1698 1630 1736 1676 .
1773 1628 1810 1673 .
1846 1628 1883 1675 .
1920 1630 1958 1676 .
1994 1632 2033 1679 .
2068 1636 2106 1682 .
2142 1637 2181 1682 .
2216 1640 2255 1687 .
2288 1642 2328 1689 .
2364 1643 2402 1689 .
2438 1646 2476 1691 .
2512 1646 2549 1692 .
2585 1644 2624 1691 „
2658 1644 3104 1693 433176„12„13

1724 634 1965 696 Ed„le
2007 653 2489 709 Erntfeste,
2537 664 2920 710 Manhafte
2966 665 3116 719 wel

1693 756 1903 806 wijse,
1936 762 2352 814 voorsienige,
2387 769 2526 817 ende
2560 772 2699 818 seer
2733 772 3045 818 discreten
3080 772 3184 818 h„r

2804 4641 2883 4688 In
2920 4630 3278 4685 diversche
