3410 4985
513 427 857 481 zeyserwer
894 430 970 479 ao
1007 435 1235 487 1646/.

2501 450 2577 496 In
2615 444 3034 496 nangasackij
3069 446 3153 506 /.

1123 653 1304 704 vanden
1331 660 1540 712 nieuwen
1569 668 1809 718 Conminck
1836 675 1928 725 van
1955 682 2223 737 portugael
2252 690 2460 740 'tsamen
2489 693 2610 742 sijn
2638 698 2966 746 overgecomen
2994 701 3054 746 ow
3084 701 3203 747 alle

1125 771 1482 829 vijantelijcke
1508 785 1647 834 acten
1672 791 1783 839 voor
1809 795 1894 845 den
1917 802 2030 852 tijt
2054 809 2138 858 van
2164 815 2219 861 10
2245 816 2383 867 Iaren
2410 823 2466 870 te
2491 825 2766 875 surcheren,
2792 830 2874 875 men
2899 827 3068 875 Insich
3093 831 3177 880 ten

1126 889 1388 941 geleijden
1418 894 1624 947 Coninck
1650 904 1740 953 van
1767 910 2031 969 portugael
2058 925 2148 974 van
2175 931 2236 977 d'
2262 934 2379 983 eene
2408 938 2526 985 ende
2554 941 2701 989 onsen
2729 945 2875 992 staad
2904 947 2992 995 van
3021 951 3226 1002 d'ander

1112 1007 1254 1055 sijde
1280 1008 1365 1057 den
1392 1013 1589 1063 Coninck
1615 1019 1701 1068 van
1726 1025 1951 1082 Spangien
1976 1039 2034 1086 te
2060 1042 2367 1101 bevorlogen,
2393 1057 2451 1104 om
2477 1061 2589 1109 alzo
2616 1064 2756 1112 onsen
2783 1067 2923 1117 langh
2950 1072 3177 1128 duukigen

1123 1116 1400 1171 oorlvoch,
1429 1127 1615 1180 tegens
1644 1136 1891 1193 geweeten
1919 1150 2136 1207 Commick
2164 1164 2258 1211 van
2287 1168 2533 1223 spangien
2563 1179 2625 1225 te
2655 1181 3024 1231 facileteren,
3054 1187 3182 1233 maer

1121 1237 1375 1287 geensinds
1403 1243 1516 1292 uijt
1543 1247 1715 1299 liefde
1740 1256 1856 1307 ofte
1881 1264 2277 1330 vrtregentheijt
2303 1286 2389 1335 tot
2416 1291 2472 1337 de
2501 1292 2782 1344 portugesen
2810 1298 2867 1344 en
2894 1297 3236 1348 Castiliaeren

1122 1357 1591 1413 voornamentlijck
1621 1369 1684 1415 om
1715 1371 1809 1419 dat
1839 1374 1904 1424 de
1932 1381 2245 1441 portugesen
2276 1397 2401 1443 ende
2432 1398 2838 1455 Castilliaenen
2868 1411 2962 1457 van
2993 1411 3087 1456 een
3118 1410 3213 1457 Re„

1124 1475 1278 1522 gelie
1306 1479 1429 1527 ende
1458 1483 1581 1533 pans
1610 1489 1795 1540 gesint
1822 1497 1976 1547 sijn,
2005 1503 2037 1548 /
2066 1505 2250 1555 waerom
2278 1511 2372 1561 wij
2400 1517 2493 1565 ooc
2522 1521 2584 1567 in
2613 1523 2705 1569 ons
2735 1524 2918 1572 gemoet
2947 1527 3192 1579 vijanden

1134 1587 1246 1636 sijn
1273 1591 1385 1637 ende
1411 1593 1606 1647 brijven
1632 1603 1800 1654 sullen
1826 1610 1938 1658 niet
1964 1614 2298 1672 tegenstaende
2323 1628 2684 1688 voorverhaelde
2710 1644 2905 1695 accoort
2932 1651 2987 1698 is
3015 1653 3238 1708 tusschen

1125 1711 1338 1758 beijden
1367 1712 1519 1761 sijts
1548 1715 1822 1772 subjecten
1850 1728 1973 1780 inde
2000 1736 2153 1791 verre
2182 1747 2485 1803 affgelegen
2514 1759 2756 1811 gewesten
2786 1766 3120 1822 vijandschap

1127 1824 1335 1874 geresen
1363 1830 1483 1878 ende
1510 1835 1865 1892 hostiliteijt
1892 1849 2188 1909 gepleescht
2216 1866 2422 1916 'twelck
2451 1871 2541 1920 als
2569 1877 2629 1924 nu
2657 1880 2776 1929 door
2804 1885 2953 1935 ordre
2981 1890 3129 1939 vande

1127 1944 1272 1993 hooge
1301 1948 1619 2002 overicheijt
1647 1958 1734 2006 aen
1762 1962 1936 2012 d'eene
1963 1968 2080 2019 cand
2107 1975 2426 2035 bijgeleijt,
2453 1991 2541 2039 aen
2568 1996 2771 2047 d'ander
2799 2002 2916 2051 cant
2943 2008 3145 2057 wederom

1114 2061 1170 2106 op
1197 2061 1338 2109 nieuw
1364 2065 1476 2114 uijt
1503 2070 1754 2124 geborsten
1780 2079 1865 2129 is,
1892 2085 1950 2132 om
1975 2089 2061 2138 dan
2086 2094 2198 2142 onse
2226 2097 2532 2154 Rondicheijt
2559 2110 2672 2158 ende
2698 2114 3115 2176 oprechtichelijt

1102 2179 1163 2227 in
1192 2179 1372 2230 handel
1398 2187 1520 2237 ende
1546 2195 1725 2248 wandel
1752 2205 1813 2251 te
1841 2207 2138 2263 bethoonen,
2166 2219 2345 2271 hebben
2372 2228 2433 2275 't
2460 2231 2609 2280 geene
2638 2236 2786 2286 boven
2814 2241 3110 2296 aengerockt

1104 2303 1268 2351 ind:t
1300 2307 1366 2352 te
1397 2309 1595 2363 kennen
1625 2320 1692 2366 te
1723 2321 1889 2378 geven
1919 2335 2018 2383 get
2049 2339 2278 2387 gedacht

1095 2445 1198 2493 nae
1231 2449 1300 2494 de
1331 2450 1569 2503 middach
1601 2459 2006 2521 bootschappen
2039 2476 2140 2523 ons
2174 2478 2242 2523 de
2274 2478 2511 2530 tolcken
2544 2483 2612 2529 't
2646 2483 3052 2544 Bovenstaande
3083 2501 3186 2549 ge„

1103 2556 1360 2607 schrijft
1390 2564 1488 2614 den
1517 2571 1838 2625 Gouverneur
1868 2582 2254 2643 Compassdonne
2282 2599 2572 2653 verthoont
2602 2609 2731 2658 ende
2762 2613 2955 2662 sonder
2985 2616 3226 2665 misnoee

1107 2668 1315 2718 gelesen
1344 2674 1523 2723 hadde,
1551 2679 1672 2729 doch
1699 2686 1968 2746 ongeraden
1995 2702 2116 2753 ende
2143 2710 2471 2769 ondienstich
2499 2726 2737 2778 gevonden
2766 2733 2827 2780 te
2854 2737 3033 2784 zeggen
3062 2739 3153 2788 den

1106 2780 1408 2833 portigesen
1437 2789 1619 2841 trefis
1648 2798 1740 2847 met
1768 2804 1859 2853 den
1889 2809 2251 2873 Nederlantsen
2279 2829 2432 2883 staad
2460 2839 2702 2896 gemaact,
2730 2851 2882 2897 noijt
2910 2850 3184 2899 teenemael

1094 2897 1215 2945 ende
1243 2901 1481 2952 eenlijck
1508 2909 1746 2963 tusschen
1773 2919 1834 2965 de
1861 2921 2129 2979 subjecten
2156 2936 2482 2999 vijantschap
2509 2956 2717 3005 gelijck
2745 2961 2893 3010 Boven
2921 2965 3099 3014 gemeld
3128 2968 3217 3015 ge„

1087 3009 1237 3060 resen
1266 3015 1387 3065 was,
1414 3020 1536 3067 maer
1565 3023 1775 3075 noodich
1803 3032 1984 3088 sijnde
2012 3044 2074 3092 te
2101 3049 2372 3107 spreecken
2399 3064 2610 3119 gelijck
2638 3075 2997 3129 dusaengaande
3026 3085 3117 3132 den
3145 3088 3207 3134 E:

1081 3133 1314 3183 elserack
1341 3137 1458 3188 voor
1485 3144 1630 3195 desen
1657 3151 2002 3211 duijdelijcke
2029 3167 2144 3217 ende
2172 3173 2288 3222 Rond
2315 3178 2574 3231 verclaert
2602 3186 2775 3235 hadde,
2803 3190 2861 3237 om
2889 3192 3233 3241 Iegenwoord:e

1072 3248 1166 3294 met
1196 3250 1573 3311 'tvoorgaande
1603 3267 1667 3314 de
1696 3270 1854 3322 hooge
1884 3278 2229 3336 overicheijt
2258 3293 2448 3341 bekent
2477 3297 2698 3347 gemaect
2727 3304 2790 3352 te
2821 3307 3142 3370 quadreren,

1078 3368 1227 3416 sulcx
1256 3372 1287 3418 t
1315 3375 1465 3425 boven
1493 3382 1822 3442 aengeroerde
1850 3398 2118 3455 geschrift
2146 3411 2237 3459 bij
2265 3416 2385 3465 sijn
2414 3420 2533 3468 Ed:t
2562 3420 2712 3468 selfs
2740 3423 3099 3479 geresminelkt

1086 3483 1315 3536 sijnde,
1346 3491 1674 3549 'tvoegende
1704 3506 1803 3554 ons
1834 3510 1900 3556 In
1931 3513 2258 3576 substantie
2288 3533 2646 3591 toegesonden
2677 3545 2847 3592 veest

1065 3636 1209 3684 voor
1244 3639 1426 3692 vijff
1460 3649 1640 3698 Jaren
1676 3653 1749 3702 is
1784 3657 1893 3703 den
1927 3658 2181 3713 keijser
2215 3669 2326 3721 van
2358 3679 2538 3736 Japan
2574 3691 2648 3739 te
2682 3695 2899 3745 kennen
2934 3700 3188 3747 gegeven

1073 3754 1171 3800 dat
1203 3755 1301 3802 den
1333 3757 1726 3815 Neverlantsen
1756 3771 1921 3824 staad
1952 3780 2052 3831 met
2081 3788 2181 3837 den
2212 3794 2409 3849 Commis
2439 3806 2539 3856 van
2570 3812 2864 3863 Portugael
2895 3818 3091 3865 tresus

1073 3870 1201 3918 oste
1229 3873 1449 3925 Bessand
1478 3881 1605 3933 voor
1633 3890 1728 3939 den
1758 3895 1884 3945 tijt
1913 3902 2008 3950 van
2038 3907 2131 3953 10:
2163 3908 2320 3961 Jaren
2349 3918 2538 3969 hebben
2566 3926 2818 3980 gemaect,
2846 3937 2910 3983 om
2940 3938 3035 3984 dat
3064 3941 3158 3987 den

1075 3983 1285 4032 Commink
1313 3989 1403 4038 van
1431 3994 1699 4053 portugael
1727 4009 1847 4062 sijn
1875 4018 2144 4073 amssadeur
2171 4030 2232 4076 in
2260 4032 2470 4085 hoeland
2497 4042 2735 4098 gesonden
2764 4054 2884 4101 ende
2912 4057 3240 4108 assistentie

1068 4113 1302 4163 versocht
1329 4118 1508 4172 hadde,
1533 4129 1593 4175 de
1621 4130 1767 4180 hooge
1795 4136 2118 4191 overicheijt
2143 4146 2349 4194 gehoord
2378 4149 2612 4199 hebbende
2640 4154 2933 4210 soodanigen
2960 4165 3194 4212 versoert

2551 4361 2832 4413 hebben
2878 4364 3114 4418 den/.
