3642 4883
888 607 1240 658 october
1289 605 1391 652 Ao
1440 600 1642 657 1645

1324 832 1402 882 wij
1427 831 1503 877 soo
1528 829 1856 876 mienuichinael
1881 827 2109 874 lngnorant
2133 825 2235 871 sijn
2260 825 2462 871 geweest,
2485 823 2563 871 dat
2588 823 2638 868 al
2663 821 2739 867 Est
2764 819 2842 866 wij
2865 821 2916 867 In
2939 817 3042 867 dese
3066 811 3319 861 quartieren

1321 948 1397 998 Ul:
1419 946 1445 992 e
1466 936 1685 989 vrolentie
1708 935 1806 981 niet
1829 930 1974 980 connen
1998 927 2264 974 resisteren,
2285 924 2480 973 nochtans
2504 920 2745 969 vertrouwen
2767 919 2865 964 onse
2887 915 3082 964 meesters
3105 914 3154 959 in
3177 911 3275 959 tyts
3297 908 3372 954 een

1323 1050 1493 1100 plaetse
1515 1037 1905 1094 Convenientelijck
1928 1033 2050 1081 hunne
2074 1033 2244 1078 schaede
2267 1031 2317 1077 te
2341 1028 2585 1076 repareren,

1318 1222 1426 1276 uE.
1457 1196 1844 1263 Concludeert
1878 1192 2019 1240 ende
2049 1188 2229 1236 seght
2263 1184 2369 1232 dat
2403 1178 2578 1228 mynen
2612 1169 2928 1222 becheesen
2961 1163 3172 1212 handel

1321 1325 1395 1375 met
1416 1322 1489 1369 die
1511 1317 1677 1366 valsche
1698 1312 1888 1361 schelmen
1911 1310 1959 1356 In
1981 1306 2076 1354 tyte
2099 1303 2335 1351 dichselven
2357 1300 2499 1347 sullen
2522 1294 2734 1344 openbaren
2756 1288 2875 1338 aende
2898 1283 3063 1333 geheele
3086 1280 3298 1328 weereldt,

1310 1445 1383 1495 ick
1404 1441 1476 1488 wil
1497 1435 1592 1485 uE:.
1614 1431 1709 1480 niet
1730 1429 1824 1475 in's
1848 1425 2034 1474 quaetste
2056 1420 2220 1469 duijden
2242 1417 2290 1464 ik
2312 1416 2383 1462 doe
2405 1413 2523 1460 niets
2545 1411 2616 1457 dan
2638 1409 2686 1455 't
2707 1407 2802 1453 gene
2824 1405 2895 1452 dat
2918 1402 3035 1449 recht
3056 1391 3386 1446 endebllickels,

1318 1556 1412 1609 ende
1434 1555 1480 1601 't
1500 1551 1592 1599 gene
1613 1548 1682 1595 Ick
1703 1546 1794 1592 niet
1816 1542 1952 1590 vreese
1973 1539 2019 1586 te
2041 1534 2222 1584 eijgenen
2243 1532 2402 1579 daertoe
2424 1530 2627 1577 geurgeert
2647 1524 2807 1574 sijnde,
2828 1521 2942 1568 edoch
2962 1517 3054 1564 mach
3075 1514 3144 1562 uE:
3165 1507 3347 1558 gelieven

1322 1669 1553 1723 Indachtich
1573 1665 1622 1713 te
1644 1661 1760 1709 sijn,
1782 1658 1852 1705 dat
1873 1654 1944 1702 ten
1964 1647 2081 1697 tijde
2104 1647 2173 1692 die
2196 1646 2540 1692 valscheschelmen
2562 1644 2609 1690 in
2631 1635 2885 1689 palliacaita
2907 1631 3069 1679 Waeren,
3090 1628 3161 1676 soo
3183 1621 3344 1672 waerent

1318 1781 1523 1837 eerlijcke
1543 1776 1724 1825 luijden,
1745 1773 1836 1820 ofte
1857 1768 1992 1817 anders
2014 1765 2127 1812 soude
2148 1761 2327 1811 ghij(die
2349 1759 2417 1805 mij
2439 1758 2506 1804 dus
2528 1753 2730 1802 tacxeert)
2751 1751 2842 1797 niet
2862 1748 2931 1795 met
2952 1743 3021 1792 hun
3041 1733 3310 1787 exploicteren
3332 1733 3358 1780 —

1320 1901 1418 1952 ende
1439 1893 1586 1945 bieden
1607 1884 1825 1937 soodanige
1848 1881 1993 1929 groote
2015 1876 2160 1925 sommen
2184 1875 2256 1920 qus
2280 1873 2400 1920 vande
2423 1870 2519 1917 Cust
2542 1869 2591 1915 te
2615 1864 2783 1914 rijden,
2806 1862 2854 1908 d'
2878 1851 3238 1907 particulaeriten
3260 1848 3339 1895 ten

1321 2011 1399 2062 van
1423 2008 1522 2055 dese
1545 1999 1819 2053 aenbiedinge
1842 1996 1942 2043 ende
1967 1994 2189 2041 Compacten
2213 1992 2288 2038 met
2312 1991 2387 2037 uE.
2410 1984 2708 2035 predecesseur
2731 1981 2781 2028 Is
2806 1979 2880 2026 mij
2904 1974 3103 2023 genough,
3126 1967 3275 2018 bekent

1314 2125 1417 2177 ende
1440 2118 1567 2169 kandt
1589 2114 1692 2162 doen
1716 2109 1916 2158 blijcken
1941 2104 2266 2154 openbaerlijck
2290 2103 2366 2149 soo
2390 2103 2466 2149 den
2489 2099 2616 2148 noodt
2639 2096 2716 2144 van
2740 2095 2841 2140 onse
2865 2093 2916 2139 H.
2938 2088 3016 2138 len
3040 2081 3241 2132 Meesters

1306 2243 1444 2293 sulcx
1467 2235 1742 2286 vereijscht
1767 2232 1824 2280 Jn
1849 2223 2096 2275 welcquers
2121 2218 2286 2268 dienst
2313 2214 2531 2264 seckben,
2557 2211 2640 2258 was
2666 2205 2885 2255 geteeck.
2910 2204 2939 2250 t
2966 2201 3130 2248 Thomas
3155 2194 3267 2245 Ysie

1123 2410 1186 2462 An
1211 2399 1301 2452 3:e
1322 2389 1386 2439 d.
1411 2384 1443 2431 o
1468 2376 1701 2427 schalden
1729 2375 1816 2421 aen
1844 2372 1931 2420 den
1959 2366 2248 2416 Engelschen
2276 2362 2478 2410 Presied
2505 2364 2537 2412 t
2563 2369 2650 2415 M:r
2678 2363 2881 2413 Thomas:
2905 2354 3024 2405 Vsie
3052 2347 3138 2396 tot

1321 2501 1535 2552 andtwoort
1558 2499 1630 2545 van
1652 2497 1701 2543 't
1723 2494 1819 2542 hier
1842 2493 1937 2539 voor
1961 2492 2032 2538 g's
2054 2484 2292 2536 tucereerde
2313 2482 2410 2528 sijn
2434 2481 2481 2526 E:
2504 2473 2694 2525 briefken
2716 2470 3002 2517 'tnaevolgen,
3025 2463 3286 2514 namentlijck

1281 2704 1371 2759 ul.
1397 2686 1599 2745 Missive
1624 2689 1682 2736 sn
1710 2687 1824 2737 dato
1852 2687 1967 2733 21:'
1995 2683 2252 2732 september
2279 2681 2422 2727 ouden
2450 2680 2479 2726 t
2507 2678 2622 2725 sijl
2648 2670 2821 2723 weredt
2848 2668 2935 2715 mij
2961 2666 3020 2712 op
3048 2661 3276 2711 gisteren

1323 2816 1373 2862 p.
1397 2815 1422 2861 r
1442 2809 1520 2859 ul.
1542 2807 1568 2853 r
1592 2804 1690 2851 pion
1713 2802 1788 2848 wel
1811 2796 2105 2846 overhandight
2129 2794 2325 2841 dienende
2349 2793 2423 2839 ten
2446 2785 2716 2838 principaele
2739 2781 2814 2829 tot
2837 2774 3057 2825 andtwoort
3080 2769 3228 2819 vanden
3252 2763 3400 2813 mijnen

1321 2917 1422 2964 dato
1444 2913 1497 2960 29
1519 2906 1747 2957 derselver
1772 2903 1923 2951 maendt
1947 2899 2123 2947 nieuwen
2148 2899 2249 2944 stil
2274 2896 2450 2944 waerbij
2473 2894 2575 2942 uE:r
2599 2892 2726 2938 verre
2749 2883 2976 2936 gesoghte,
3000 2880 3102 2927 ende
3126 2877 3227 2924 niet
3252 2877 3329 2923 ter

1320 3026 1508 3076 materie
1534 3019 1748 3069 dienende
1774 3014 2041 3064 Allegatien
2067 3013 2148 3058 tot
2174 3011 2388 3058 umbragie
2414 3010 2495 3055 van
2521 3007 2602 3054 ons
2628 2998 2922 3052 rechtmatich
2947 2993 3135 3042 gedaene
3160 2985 3349 3037 protest

1314 3142 1424 3190 uijt
1450 3139 1505 3186 de
1532 3134 1884 3182 deuchdelijcke
1911 3126 2182 3179 aengewesen
2208 3122 2372 3170 actien
2397 3119 2453 3166 op
2480 3117 2588 3164 onse
2615 3112 2778 3162 Heeren
2804 3104 3022 3156 meesters
3047 3091 3293 3148 goederen,

1314 3269 1418 3319 door
1443 3264 1522 3313 den
1547 3256 1757 3308 Valschen
1782 3248 2095 3301 Contramineur
2120 3247 2226 3293 ende
2250 3241 2486 3291 booswicht
2511 3235 2694 3285 maleija
2720 3234 2773 3280 en
2797 3228 2929 3278 sijne
2953 3217 3215 3272 Creaturen,
3240 3211 3326 3261 met

1315 3393 1545 3446 toestaen
1571 3385 1746 3437 vanden
1773 3379 1974 3429 Coninck
2003 3375 2147 3424 eerst
2174 3373 2233 3420 In
2259 3367 2462 3417 verrest
2490 3362 2748 3412 gehouden,
2773 3348 3092 3407 naderhandt,
3116 3337 3321 3392 roovers
3348 3338 3386 3387 —

1314 3517 1442 3567 wijse
1466 3509 1671 3561 naersigh
1695 3504 1900 3553 genomen,
1923 3500 2027 3549 naer
2051 3492 2358 3543 madrespataem
2381 3485 2638 3537 vervoerdt,
2662 3482 2714 3529 en
2738 3479 2816 3526 aen
2840 3476 2918 3523 uEE
2942 3465 3197 3520 Compagniae
3221 3460 3325 3510 ald.
3346 3456 3378 3502 r

1294 3632 1546 3682 vercocht,
1574 3630 1770 3677 gesien,
1795 3626 1854 3674 en
1880 3609 2412 3670 welgecomprehendeert
2440 3603 2636 3654 hebben,
2661 3599 2748 3647 tot
2773 3588 2999 3642 welckers
3024 3569 3389 3631 Wederlegginge

1319 3749 1375 3799 d'
1402 3746 1535 3794 reden
1560 3740 1669 3789 ende
1694 3735 1882 3784 actuele
1908 3733 2015 3780 daet
2040 3728 2175 3778 selfs
2201 3721 2442 3772 spreeckt,
2467 3716 2628 3765 sonder
2653 3712 2735 3760 dat
2759 3704 2948 3756 daertoe
2973 3690 3295 3748 Wijtloopiger

1308 3868 1490 3927 materie
1513 3862 1617 3912 ende
1640 3851 1922 3905 aenwijsinge
1945 3847 2023 3895 als
2048 3845 2099 3891 't
2123 3840 2278 3890 alrede
2301 3839 2379 3884 uE.
2404 3832 2735 3884 aengeschreven
2759 3825 2913 3876 nodigh
2938 3821 3066 3870 soude
3088 3815 3192 3864 sijn
3217 3811 3374 3860 vedoch

1314 3994 1441 4043 omme
1470 3989 1536 4038 nu
1566 3970 2228 4033 doorstilswijgentheijt
2258 3966 2385 4014 geen
2414 3947 2888 4010 verduijsteringe
2917 3942 2983 3991 in
3012 3927 3203 3985 saecke

1315 4117 1403 4170 ten
1429 4105 1737 4160 principaele
1764 4104 1820 4149 te
1847 4090 2239 4148 veroorsoecken,
2264 4085 2378 4133 maer
2403 4081 2489 4128 met
2516 4077 2600 4125 een
2627 4072 2768 4121 woort
2791 4066 2851 4116 d'
2877 4054 3074 4109 heheele
3100 4043 3297 4098 Weehelt

1318 4234 1415 4284 van
1444 4228 1571 4278 onse
1601 4220 1791 4272 Heeren
1821 4209 2074 4264 meesters
2103 4197 2324 4252 billick
2355 4193 2544 4241 recht,
2573 4190 2701 4238 ende
2731 4182 2827 4235 UE.
2855 4158 3265 4224 ongefondeerde
3294 4155 3329 4202 —

2723 4275 3163 4340 contravtersien
3190 4271 3226 4320 —
