3567 4801
2780 567 2957 617 865

938 739 1418 817 Maendach
1477 767 1718 815 adij
1777 766 1899 812 16
1954 765 2259 813 april
2318 769 2498 815 a:o
2557 768 2859 821 1646„

843 1063 1103 1116 feuijt
1145 1062 1360 1109 schip
1401 1060 1488 1106 de
1526 1058 1831 1106 Erbelet
1873 1056 2218 1105 hebbende
2258 1060 2689 1109 mueelingen
2729 1060 2902 1110 tijt

904 1183 1075 1231 naer
1117 1182 1202 1228 d'
1241 1181 1710 1228 vereijschte
1753 1183 2050 1231 cleeden
2091 1183 2219 1230 tot
2260 1180 2601 1230 vervolgh
2642 1182 2897 1229 vanden

825 1308 1293 1357 Malacxschen
1334 1307 1420 1354 en
1462 1301 1802 1351 verderen
1844 1300 2099 1347 handel
2141 1297 2311 1345 daer
2352 1295 2566 1342 onder
2607 1292 3038 1342 sorterende

882 1432 1138 1486 alhier
1180 1430 1307 1477 ter
1348 1429 1602 1476 rheede
1643 1424 2066 1475 gesadeert,
2107 1419 2572 1471 eijndelijck
2613 1419 2869 1469 packen

878 1570 1014 1621 Bij
1057 1563 1194 1613 den
1237 1552 1554 1607 anderen
1597 1541 2048 1594 versameldt
2092 1541 2274 1588 ende
2316 1542 2454 1589 ons
2498 1544 2679 1593 door
2713 1546 2858 1594 den

891 1694 1470 1764 opvercoopman
1517 1691 1662 1737 d„r
1709 1680 2097 1737 hendrick
2144 1672 2290 1722 van
2333 1669 2578 1716 gendt
2626 1660 2869 1714 onder

878 1852 1198 1901 anderen
1243 1832 1882 1900 gerapporteert,
1927 1825 2111 1876 ende
2155 1817 2385 1868 vaste
2430 1813 2659 1863 hoope
2703 1808 2978 1856 gegevn

869 1989 1206 2048 sijnde,
1251 1986 1396 2033 dat
1444 1982 1587 2030 men
1634 1978 1825 2026 jnde
1871 1970 2349 2021 malacxsche
2395 1962 2873 2014 quartieren

887 2128 978 2177 jn
1020 2118 1291 2170 trocke
1334 2112 1469 2162 van
1513 2109 1827 2156 cleeden
1868 2106 2052 2154 niet
2095 2102 2364 2152 alleen
2408 2094 2633 2146 thin,
2676 2090 2856 2138 maer

870 2242 1437 2314 jnsonderheijt
1480 2239 1698 2287 goede
1738 2233 2219 2285 quantiteijt
2256 2229 2479 2280 goudt
2522 2229 2653 2278 dat
2696 2225 3002 2272 omtrent

878 2410 965 2458 15
1007 2406 1137 2455 r„a
1176 2398 1265 2448 d'
1305 2393 1438 2443 H„r
1479 2379 1782 2437 swaerte
1824 2369 2127 2422 incoops
2169 2367 2385 2417 cost,
2427 2368 2601 2417 ende
2643 2356 2903 2410 alhier

876 2538 1238 2591 ontrendt
1282 2535 1372 2581 20
1408 2530 1507 2580 pr
1551 2528 1687 2580 C„o
1730 2523 2046 2578 advance
2089 2511 2495 2568 rendeert,
2538 2498 2992 2555 mitsgaders

863 2669 1355 2736 eliphanten
1403 2663 1551 2713 die
1597 2652 1896 2707 alhier
1944 2648 2043 2695 in
2091 2643 2338 2692 goede
2385 2638 2731 2687 demande
2780 2639 2982 2691 sijn

866 2838 1009 2889 tot
1055 2827 1435 2881 cevijlen
1477 2823 1764 2874 prijse
1805 2815 1953 2867 kan
1998 2801 2331 2857 becomen
2377 2796 2709 2843 draeght
2753 2789 2898 2843 den

761 2970 1267 3043 Gouverneur
1317 2968 1469 3015 den
1517 2960 1771 3012 raedt
1821 2956 2023 3004 voor
2070 2946 2275 3000 ende
2322 2934 2578 2991 geeft
2624 2923 2829 2980 haer
2876 2914 2931 2964 —

864 3119 958 3167 E:
1002 3114 1096 3161 jn
1138 3101 1607 3158 bedencken,
1649 3089 2071 3145 aengesien
2116 3085 2210 3133 om
2256 3079 2396 3129 dat
2440 3067 2814 3123 minerael

854 3252 1129 3306 alhier
1173 3246 1310 3294 ten
1354 3239 1718 3291 hoogsten
1763 3230 2126 3284 verlegen
2171 3220 2489 3273 vallen,
2530 3210 2716 3262 ende
2759 3202 2942 3252 haer

856 3403 991 3458 Ed:
1033 3394 1251 3444 alles
1291 3388 1425 3438 dat
1468 3372 1860 3432 mogelijck
1902 3367 2034 3415 tot
2076 3357 2556 3411 versorginge
2598 3356 2729 3402 van
2773 3357 2947 3405 dien

825 3528 1405 3596 Contribueren
1452 3517 1789 3571 coffmen
1834 3511 1933 3561 om
1980 3508 2125 3555 die
2160 3494 2800 3552 consideratien

856 3662 1343 3724 tcargasoen
1391 3658 1538 3707 met
1586 3645 2024 3702 diversche
2070 3623 2657 3689 sorteringhen
2677 3620 2947 3667 boven

846 3810 998 3862 den
1041 3802 1346 3856 eijsch
1378 3794 1545 3846 met
1591 3794 1693 3841 en
1731 3779 2141 3837 behooren
2189 3762 2937 3822 t'aughmenteeren

863 3942 1053 3995 ende
1099 3927 1428 3985 conform
1473 3916 1662 3970 onse
1708 3910 2037 3959 jonghst
2083 3901 2413 3955 genomen
2458 3890 2883 3944 resolutie

842 4077 1163 4143 Gemelte
1207 4067 1523 4121 fluijdt
1564 4058 1792 4109 schip
1834 4051 2197 4103 vermidts
2242 4049 2332 4096 nu
2375 4043 2557 4092 geen
2600 4037 2920 4086 cleeden

843 4217 1026 4266 voor
1071 4212 1431 4262 mallacca
1474 4198 1881 4257 dienstich
1925 4194 2016 4242 om
2060 4188 2331 4238 langer
2375 4187 2466 4234 op
2509 4181 2601 4228 t'
2645 4168 2916 4225 houden

835 4368 987 4421 dan
1037 4363 1489 4414 overlangh
1536 4351 1740 4406 saem
1787 4343 1890 4393 in
1938 4338 2041 4387 te
2089 4327 2341 4378 comen
2391 4326 2642 4373 staen
2692 4328 2903 4378 over

2186 4513 2941 4574 masulijpatam
