3567 4801
2743 483 2931 533 872

838 695 1010 747 Bij
1066 695 1354 746 desen
1411 695 1755 743 d'novo
1811 689 2386 740 aengenomen
2444 688 2673 736 ende
2725 679 2850 732 de

891 813 1408 871 qualiteijt
1459 811 1615 858 van
1666 795 2287 856 ondercoopman
2337 792 2493 838 met
2544 787 2703 836 een

887 925 1435 992 tractemendt
1481 924 1633 971 van
1677 911 2328 968 vierendertich
2377 897 2724 955 guldens
2771 891 2923 941 ter

895 1055 1196 1117 maendt
1222 1039 1844 1097 toegevought,
1882 1035 2144 1083 midts
2184 1027 2393 1080 daer
2442 1018 2643 1071 voor
2691 1004 2992 1062 gehoud

865 1199 1144 1259 Blijft
1190 1198 1284 1244 d'
1325 1187 1423 1243 E.
1467 1178 1749 1230 comp=e
1795 1170 1982 1223 noch
2024 1158 2261 1213 vijff
2306 1147 2540 1201 naest
2585 1126 2959 1190 volgende

883 1323 1205 1395 jaeren
1256 1313 1363 1363 jn
1412 1300 1681 1356 jndia
1725 1294 1839 1343 te
1891 1287 2263 1338 dienen,
2315 1256 2845 1328 innegaende

2310 1364 2374 1410 Twe

904 1454 1253 1512 tnieuwe
1301 1433 1750 1497 verbandt,
1780 1422 1998 1476 ende
2047 1393 2745 1466 d'verbeteringe
2792 1381 2944 1435 van

1007 1573 1271 1634 Gagie
1321 1565 1480 1614 den
1532 1560 1690 1608 19e
1738 1550 1952 1603 meij
1995 1549 2109 1595 ao
2161 1545 2372 1595 1646
2418 1531 2581 1588 als
2629 1516 3001 1572 wanneer

888 1690 1201 1757 sijnen
1253 1688 1460 1735 tijt
1508 1663 2080 1731 g'expireert
2131 1656 2338 1706 was—

835 1927 1398 1987 Hexcueius
1460 1921 1960 1973 indeborn
2022 1918 2209 1965 van
2271 1913 2710 1964 dronten
2763 1908 2899 1959 In

891 2034 1317 2093 noorwegen
1363 2031 1504 2078 jnt
1550 2027 1786 2076 landt
1830 2019 2161 2072 gecomen
2208 2018 2349 2063 met
2396 2014 2631 2062 schip
2677 1999 2960 2057 herder

880 2156 1103 2216 wijck
1145 2147 1325 2199 voor
1368 2135 1812 2191 adsistendt
1853 2132 1944 2181 ao
1988 2126 2165 2175 1641
2206 2120 2343 2170 een
2386 2106 2785 2163 geruijmen

916 2271 1105 2330 tijt
1148 2260 1290 2313 jnt
1335 2244 1707 2303 Comptoir
1751 2230 2078 2287 masulij
2122 2218 2356 2273 patam
2401 2202 2680 2261 sijnen
2724 2188 3005 2245 dienst

871 2366 1430 2456 waergenomen,
1474 2356 1661 2409 ende
1706 2347 1893 2399 sijn
1937 2334 2263 2389 meerder
2305 2319 2494 2377 goet
2536 2300 3003 2363 contentemt

877 2510 978 2566 en
1021 2478 1401 2551 genougen
1446 2470 1590 2521 van
1634 2458 1826 2513 sijn
1870 2448 2062 2500 doen
2108 2434 2440 2490 gegeven
2485 2412 2912 2475 hebbende,

876 2618 1105 2678 werdt
1148 2609 1286 2661 der
1328 2593 1602 2651 halven
1646 2586 1738 2635 op
1779 2570 1963 2628 sijn
2006 2561 2370 2614 vertoogh
2413 2554 2506 2605 en
2547 2536 2867 2597 bequaem
2911 2536 3003 2584 ht

862 2763 997 2821 Bij
1033 2734 1261 2801 desen
1303 2717 1572 2776 d'novo
1614 2686 2105 2759 aengenomen,
2148 2679 2327 2729 ende
2369 2669 2505 2720 een
2548 2662 3038 2713 trachtement

878 2864 1023 2918 van
1070 2843 1405 2907 dertich
1450 2829 1788 2886 guldens
1833 2819 1979 2872 ter
2025 2806 2315 2862 maendt
2358 2787 2936 2848 toegevought,

883 2973 1074 3027 mits
1120 2966 1311 3017 daer
1357 2958 1548 3009 voor
1593 2931 1975 3002 gehouden
2021 2919 2307 2974 Blijft
2353 2917 2450 2967 d'
2493 2913 2592 2968 E.
2634 2895 2923 2950 Comp=e

877 3097 1080 3152 noch
1128 3081 1478 3140 vijff:e
1505 3040 2174 3123 naestvolgende
2222 3023 2523 3083 jaeren
2572 3014 2672 3063 jn
2715 2997 2971 3055 jndia

854 3232 968 3282 te
1023 3205 1363 3272 weeten
1418 3201 1476 3249 2
1531 3158 2267 3242 naestvolgende
2322 3138 2664 3200 jaeren
2717 3119 2945 3176 inde

873 3332 1224 3403 voorige
1272 3313 1769 3375 qualiteijt
1811 3306 1967 3357 van
2007 3284 2561 3350 adlistendt,
2610 3274 2809 3328 ende
2857 3264 2958 3316 de

842 3465 1373 3543 resterende
1423 3449 1692 3508 drije
1740 3429 2063 3492 Jaeren
2115 3421 2328 3469 voor
2380 3386 3019 3463 ondercoopman

893 3608 984 3655 te
1025 3589 1345 3652 dienen,
1387 3574 1615 3631 midts
1657 3566 1796 3617 van
1837 3554 2021 3607 dato
2065 3545 2292 3597 deses
2330 3541 2382 3588 t
2426 3524 3014 3586 ondercoopmans

855 3723 1341 3796 randtsoen
1394 3694 1827 3765 genieten
1876 3676 2096 3734 sall
2134 3650 2688 3719 innegaende
2736 3639 2850 3695 de

885 3844 1673 3921 verbeeteringhe
1728 3834 1899 3886 van
1948 3805 2235 3872 Gagie
2288 3785 2516 3846 ende
2570 3765 2967 3828 tnieuwe

876 4001 1327 4073 verbandt
1381 3992 1551 4043 den
1606 3977 1831 4034 11en
1884 3965 2166 4016 junij
2215 3952 2334 4008 Ao
2387 3926 2614 3992 1646
2668 3906 2838 3964 als

872 4158 1265 4240 wanneer
1315 4135 1655 4200 sijnen
1708 4121 1932 4176 tijt
1988 4083 2658 4167 g'expireerdt
2712 4071 2882 4123 was
