3553 4712
1322 1085 1466 1137 Ende
1499 1080 1572 1129 op
1607 1077 1713 1124 dat
1748 1073 1890 1122 alle
1923 1069 2031 1116 met
2066 1069 2243 1114 Goede
2277 1068 2419 1114 onde
2453 1067 2631 1114 toege
2666 1068 2773 1115 sal
2806 1070 2880 1116 d'
2913 1073 3021 1121 H:r
3054 1077 3232 1124 Comm.
3266 1080 3303 1126 s

1394 1261 1494 1309 Van
1524 1251 1723 1304 Vlieth
1755 1241 2117 1295 voorgenoemt
2149 1238 2281 1285 in't
2313 1233 2478 1281 geene
2510 1233 2576 1279 op
2608 1232 2675 1278 de
2707 1232 2874 1281 reyse
2903 1238 3069 1284 soude
3101 1240 3265 1286 mogen

1410 1429 1747 1477 voorvallen,
1775 1426 1869 1476 tot
1898 1424 2022 1471 zijn
2052 1421 2389 1471 assistentie
2419 1417 2542 1465 ende
2572 1417 2695 1464 rade
2725 1415 3062 1463 gebruijcken
3092 1413 3307 1461 blijven

1395 1590 1554 1640 selfs
1586 1581 1903 1635 continueel
1934 1580 2156 1627 presis)
2188 1582 2284 1629 als
2315 1584 2378 1630 te
2410 1585 2573 1637 weten

1313 1806 1394 1856 1.
1431 1801 1548 1851 Den
1586 1793 1975 1849 Commandeur
2012 1789 2324 1840 Jerenias
2361 1789 2480 1836 Van
2515 1793 2751 1848 Vliet.

1306 1992 1384 2042 2.
1419 1986 1532 2034 Den
1568 1983 1643 2030 E.
1674 1975 1975 2030 Reijnier
2012 1974 2198 2021 Van't
2233 1974 2346 2020 Zum
2382 1972 2494 2019 die
2531 1972 2642 2018 met
2678 1972 2754 2018 't
2789 1971 2976 2019 schip
3012 1970 3274 2020 haarlem

1638 2139 1700 2186 te
1730 2134 1918 2184 volgen
1948 2131 2105 2178 staat
2135 2132 2259 2179 ende
2289 2130 2632 2177 onderwijlen
2662 2129 2726 2175 in
2756 2129 2850 2175 zyn
2880 2128 3130 2179 absentie
3159 2133 3258 2180 Jan

1626 2288 1921 2339 Harmansz
1955 2286 2252 2333 Schipper
2289 2287 2363 2333 op
2399 2286 2474 2332 de
2508 2285 2846 2335 Provincie

1326 2483 1416 2530 3.
1458 2469 1818 2525 Bastiaan
1862 2464 2176 2515 Bardoel
2217 2462 2532 2515 Schippr
2577 2470 2668 2517 op
2706 2466 3071 2518 Malacca.

1333 2656 1405 2705 4.
1438 2654 1715 2704 Cornelis
1749 2652 1923 2700 Jansz
1955 2648 2061 2697 van
2093 2644 2269 2692 Hoorn
2303 2644 2477 2693 schip
2510 2648 2580 2694 e.
2611 2646 2685 2693 op
2717 2647 3064 2697 Zeelandia.

1329 2841 1402 2891 5.
1432 2830 1542 2886 Jan
1575 2825 1822 2873 Ryjckze
1856 2814 2069 2870 Schipp
2101 2816 2173 2862 r.
2207 2816 2279 2863 op
2312 2818 2383 2864 de
2417 2818 2663 2874 Salmand
2698 2828 2733 2874 r
2768 2829 2874 2874 bij
2909 2828 3119 2874 siecte
3152 2821 3297 2873 ofte

1672 2979 2021 3036 aflijpisz.
2055 2977 2229 3023 Jacob
2262 2972 2508 3021 Jacobsz
2539 2976 2854 3028 Struijck.

1346 3193 1425 3246 6.
1455 3176 1722 3232 Hendric
1758 3170 2021 3222 Sivertz
2058 3167 2357 3215 spanhems
2395 3167 2658 3214 schippr
2693 3171 2769 3216 op
2804 3161 3219 3215 Leembaarden

1355 3352 1446 3415 7.
1484 3343 1610 3395 Den
1648 3332 2099 3387 Opercoopman
2139 3329 2387 3377 Daniel
2427 3330 2509 3376 de
2549 3326 2836 3374 Bueguoy
2876 3324 2959 3371 op
2999 3323 3205 3370 Breda

1343 3516 1426 3568 8.
1461 3504 1585 3557 Jan
1623 3494 1982 3547 Roeloffsz
2022 3494 2340 3540 schipper
2375 3493 2461 3541 op
2499 3496 2698 3542 Breda

2000 3784 2316 3835 Schepen
2360 3785 2452 3835 N.
2494 3777 2811 3827 Haarlem
2854 3772 3036 3821 ende
3080 3774 3305 3820 Delft

1470 3799 1608 3848 Inde
1640 3794 1778 3842 also
1812 3791 1883 3838 de

864 4001 1100 4055 'twelcke
1127 3996 1246 4046 noch
1272 3983 1507 4040 dagelijx
1535 3981 1595 4028 te
1623 3977 1827 4025 gemoete
1856 3975 2003 4023 sien:
2028 3969 2119 4018 met
2145 3964 2206 4012 d'
2235 3961 2410 4007 andere
2438 3961 2586 4008 zeven
2612 3964 2730 4010 niet
2759 3960 2934 4010 gereer
2962 3957 3137 4006 connen
3166 3955 3342 4002 vallen

1440 4154 1585 4209 maar
1617 4146 1761 4196 noch
1795 4140 2010 4190 eenige
2043 4140 2220 4188 dagen
2255 4140 2397 4187 werc
2432 4141 2680 4187 hebben,
2715 4134 3034 4187 alswanner
3068 4132 3317 4181 deselve

1962 527 2098 577 Cavin
2124 528 2313 575 millime
2340 528 2448 574 door
2475 526 2529 572 de
2556 526 2637 571 Er.
2663 523 2907 572 directeur
2933 524 3075 572 Arent

3108 4277 3205 4331 so
