3642 4828
1045 495 1265 543 april
1305 489 1483 540 1646

1363 667 1816 726 Connerechittij
1847 666 2137 714 vigileert
2169 667 2266 713 met
2297 667 2427 713 alle
2459 665 2844 713 practicabele
2877 666 3005 711 geld
3037 666 3330 714 tmiddelen

1360 787 1440 839 tot
1464 781 1618 830 eenige
1642 776 1999 825 aensienelijcke
2024 774 2303 820 bedieningen
2328 773 2405 819 Int
2431 770 2685 818 sentersche
2710 767 2786 815 hof
2811 766 2862 811 te
2888 764 3142 811 geraecken,
3166 763 3244 809 dan
3268 762 3488 811 gemercke

1356 886 1705 942 kastohineijck
1731 886 1812 931 tot
1838 887 1919 933 hem
1944 886 2052 932 niet
2078 884 2266 931 genegen
2291 883 2373 929 so,
2397 881 2479 927 sal
2506 880 2613 926 naer
2638 878 2746 924 alle
2771 875 2826 921 't
2853 871 3120 920 apparentie
3146 869 3334 918 daertoe

1352 993 1498 1042 niets
1527 988 1818 1038 optineren,
1845 987 1905 1032 te
1933 985 2137 1031 meerdes
2166 985 2371 1033 Conincx
2398 985 2631 1034 Gesanten
2658 978 2748 1029 hem
2776 977 2834 1023 de
2862 973 3038 1022 sanden
3066 970 3241 1016 Neijck
3268 969 3357 1016 als

1348 1101 1580 1153 gevaengen
1606 1101 1708 1146 naer
1733 1101 1784 1146 d'
1810 1099 1938 1146 mays.
1962 1099 1990 1145 t
2012 1099 2219 1147 tesenden
2243 1099 2448 1145 Versoght
2471 1090 2677 1144 hhebben,
2701 1086 2779 1134 die
2804 1083 2932 1130 sulcx
2957 1080 3187 1128 weijgerse
3212 1078 3393 1125 seggen,

1360 1207 1441 1254 het
1467 1204 1575 1252 geen
1601 1200 1735 1248 reden
1761 1198 1842 1244 was
1868 1198 1949 1244 men
1974 1198 2055 1244 een
2082 1198 2162 1244 man
2189 1198 2269 1244 die
2296 1197 2376 1243 tot
2401 1187 2776 1241 verseeckeringe
2803 1184 2937 1232 sijns
2963 1183 3124 1230 lijffe
3149 1181 3204 1227 op
3230 1172 3392 1226 geloof

1358 1309 1499 1362 quam,
1526 1306 1665 1354 soude
1693 1302 2025 1351 overleveren,
2052 1300 2164 1346 doch
2191 1300 2247 1346 om
2274 1300 2358 1347 des
2384 1294 2579 1347 Conincx
2605 1293 2689 1339 als
2716 1291 2800 1339 die
2827 1290 2911 1336 van
2934 1286 3077 1334 madre
3103 1284 3215 1330 hare
3242 1280 3464 1328 begeerte

1334 1430 1414 1483 soo
1436 1424 1539 1473 veel
1562 1413 1815 1468 mogelijcke
1839 1411 1890 1458 te
1916 1409 2067 1456 gemoet
2092 1409 2142 1454 te
2166 1407 2318 1453 comen,
2343 1405 2469 1452 heeft
2493 1402 2670 1450 bevolen
2695 1400 2796 1447 alle
2820 1399 2947 1444 sijne
2972 1395 3224 1444 besittinge
3247 1393 3352 1441 ende

1345 1534 1558 1587 Incomen
1589 1532 1650 1579 af
1679 1528 1741 1576 te
1770 1512 1924 1572 nemen

1332 1716 1436 1768 Jnt
1470 1703 1742 1761 sluijten
1774 1695 1944 1746 deser
1978 1694 2114 1740 quam
2148 1693 2487 1740 uijtvelour
2520 1686 2792 1737 advijsen
2826 1682 3029 1731 hoedat
3062 1681 3131 1726 o'
3165 1680 3470 1726 Vissapure

1298 1826 1362 1879 't
1388 1819 1539 1869 macht
1564 1813 1716 1864 onder
1743 1808 2099 1857 musstafschan
2127 1807 2217 1852 tot
2245 1806 2276 1851 3
2304 1805 2659 1852 hollandtsche
2689 1800 2866 1850 mijlen
2894 1794 3131 1844 ontrendt
3160 1789 3368 1839 gemelte

1368 1929 1534 1979 velour
1560 1922 1809 1973 genadert,
1835 1919 1946 1966 ende
1972 1916 2220 1965 gelegeert
2248 1916 2357 1962 was,
2384 1913 2550 1962 sijnde
2576 1911 2660 1958 met
2686 1909 2769 1956 12l
2797 1906 2989 1954 paerden
3016 1904 3072 1950 op
3098 1902 3154 1948 d'
3181 1899 3377 1947 plaetse

1342 2032 1757 2095 wiernisipouron,
1783 2027 1895 2075 ende
1921 2025 2005 2071 des
2032 2022 2226 2069 Conincx
2253 2021 2391 2067 macht
2416 2016 2612 2066 terugge
2638 2013 2722 2060 tot
2749 2008 2942 2057 onderd'
2969 2001 3218 2052 sterckten
3245 2000 3328 2046 des

1360 2138 1621 2195 Casteels,
1649 2128 1939 2182 geweecken,
1967 2124 2228 2172 Comendel'
2256 2124 2430 2170 mooren
2459 2122 2690 2170 dagelicx
2718 2118 2806 2166 met
2834 2117 2892 2162 4
2919 2116 2950 2162 5
2977 2113 3008 2159 a
3035 2111 3094 2157 6.
3122 2110 3152 2156 l
3179 2106 3383 2154 paerden

1343 2242 1720 2294 schermitseren,
1746 2239 1961 2287 waeromme
1988 2238 2096 2284 oocq
2123 2238 2230 2284 alle
2257 2239 2365 2285 Coop
2391 2238 2445 2284 en
2472 2234 2876 2284 Ambachtsluijden
2900 2228 3118 2279 gevlught
3143 2222 3279 2272 sijn,
3304 2220 3361 2267 en

1349 2359 1459 2408 liet
1486 2355 1596 2403 sich
1621 2347 1814 2399 aensien
1839 2345 1922 2391 het
1949 2342 2031 2389 tot
2058 2342 2140 2389 een
2168 2344 2277 2390 hart
2304 2344 2495 2390 geveght
2521 2342 2604 2389 sal
2631 2336 2931 2387 uijtbersten
2956 2332 3013 2380 't
3038 2329 3177 2375 welcq
3201 2322 3286 2373 ons

1349 2462 1464 2512 naer
1491 2458 1634 2505 desen
1661 2455 1719 2503 te
1746 2449 1974 2499 vernemen
2001 2443 2145 2492 staet

1314 2604 1799 2663 kistapaneijck
1836 2600 2023 2649 heeft
2059 2597 2172 2643 aen
2208 2590 2433 2641 maijs.
2468 2585 2507 2632 s
2543 2584 2656 2630 tot
2693 2576 3066 2630 bewaeringe
3101 2567 3328 2619 sijner

1352 2717 1566 2766 vrouwent
1592 2712 1699 2761 ende
1726 2708 1939 2756 kinderen
1964 2704 2126 2753 (doord
2151 2698 2313 2749 Vreese
2339 2699 2420 2745 der
2446 2693 2820 2743 golcondaetsche
2846 2691 3007 2737 mooren
3032 2686 3114 2735 )d'
3140 2680 3274 2731 stadt

1340 2818 1628 2877 pallncatta
1654 2809 1885 2863 versoght
1913 2806 1999 2853 die
2026 2802 2085 2850 d'
2111 2797 2285 2846 maijs.
2309 2796 2398 2845 Hem
2427 2796 2484 2841 in
2513 2795 2570 2841 't
2597 2791 2827 2840 Gouverno
2854 2787 2998 2835 heeft
3025 2777 3227 2832 gegeven

1331 2965 1630 3022 Tammersa
1662 2955 1928 3010 broeder
1964 2951 2077 2999 van
2114 2940 2487 2995 Nareijnepa
2524 2934 2898 2985 adviseert,
2933 2927 3121 2980 Hoed'
3157 2922 3347 2972 mays.

1350 3072 1437 3121 tot
1465 3064 1719 3115 reparatie
1748 3061 1889 3109 vande
1917 3057 2115 3106 geleden
2144 3051 2342 3102 schaede
2369 3050 2455 3098 bij
2482 3048 2681 3096 Chinama
2708 3045 2879 3093 gehadt
2906 3043 2992 3090 aen
3020 3038 3305 3088 Hollanders

1349 3167 1546 3220 d'helft
1574 3158 1827 3212 derstadts
1854 3152 2051 3202 Incomen
2078 3150 2220 3196 heeft
2247 3147 2557 3195 toegestaen,
2583 3142 2697 3191 ende
2724 3139 2865 3186 boven
2892 3136 3005 3183 dien
3032 3134 3258 3180 volcomen
3286 3131 3454 3179 Couwer

1343 3267 1429 3317 van
1456 3264 1512 3311 't
1537 3259 1649 3308 gene
1676 3252 1897 3303 vertoght
1924 3248 2090 3296 hadden
2117 3244 2228 3293 omme
2255 3242 2366 3288 voor
2393 3240 2559 3287 altijt
2585 3238 2641 3284 te
2668 3231 2835 3283 dueren

1292 3842 1446 3894 lust
1483 3823 1752 3885 afschan
1787 3815 2020 3865 sijnde
2057 3810 2173 3860 met
2210 3805 2288 3853 d'
2322 3797 2594 3849 gansche
2631 3786 3092 3840 Crijgesmacht
3129 3779 3400 3830 omtrent

1315 3948 1480 4005 velour
1503 3933 1774 3991 verschenen
1799 3925 1935 3977 heeft
1959 3919 2042 3968 des
2068 3914 2257 3963 Conincx
2283 3911 2418 3959 macht
2444 3906 2767 3955 schermutsels
2793 3902 2928 3950 wijse
2954 3886 3251 3946 besighticht

1336 4041 1450 4097 ende
1475 4036 1559 4085 den
1584 4028 1777 4080 tweeden
1803 4024 1913 4073 dagh
1939 4020 2049 4068 seer
2076 4015 2241 4064 hedigh
2266 4012 2322 4059 op
2348 4010 2404 4057 d'
2430 4004 2732 4053 Carnatische
2758 3997 3086 4051 aengevallen,
3111 3993 3168 4041 d'
3193 3983 3358 4037 Welcke

1338 4140 1458 4197 alle
1484 4133 1602 4183 Inde
1628 4124 1804 4176 Vlught
1831 4120 1948 4167 naer
1976 4120 2034 4165 't
2063 4117 2265 4165 Casteel
2293 4109 2554 4162 geraeckte
2582 4104 2814 4152 behalven
2842 4095 3190 4149 damelewencke
3217 4083 3454 4139 tapeneij

2077 3425 2351 3479 Voeght
2396 3415 2807 3469 translaet
2853 3411 2990 3460 van
3035 3403 3356 3455 naerder

2094 3529 2260 3589 Novos
2291 3525 2390 3572 uyt
2420 3518 2618 3569 velour
2650 3512 2912 3562 Becomen,
2944 3503 3303 3556 namentlijck

3000 4239 3167 4286 diet
