3567 4883
1192 731 1332 783 Dat
1376 741 1470 788 op
1514 745 1653 792 5„e
1699 743 1929 790 deser
1973 741 2114 788 met
2159 742 2344 791 3000
2390 744 2713 791 pagoden
2759 743 2943 789 2002
2989 742 3128 788 r„a
3172 740 3313 787 van

1254 869 1522 922 achten
1566 866 1656 912 in
1698 862 1967 910 specie
2010 858 2189 905 5400
2234 858 2412 906 ths„
2454 848 2767 904 jappans
2812 836 3390 894 lchuijtsilver

1266 1016 1474 1065 4800
1524 1010 1629 1059 lb
1680 1004 2045 1052 rompen,
2095 1008 2303 1054 1479
2353 1005 2458 1052 lb
2503 991 2872 1049 javanse
2921 968 3287 1034 campher

1249 1155 1376 1203 239
1417 1152 1545 1200 1/8
1586 1145 1671 1195 lb
1710 1135 2220 1188 quicksilver,
2261 1137 2430 1185 ende
2472 1137 2641 1185 5860
2681 1133 2767 1182 lb
2808 1123 3233 1178 gebroocken

1292 1270 1760 1330 Geschudt,
1810 1269 1967 1316 tot
2020 1266 2384 1314 progres
2425 1260 2748 1311 vanden
2799 1252 3114 1304 handel
3162 1256 3268 1305 in

1248 1398 1747 1451 tansjouwer
1796 1400 1995 1446 naer
2045 1399 2592 1446 trimelevaes
2641 1396 2841 1443 ende
2889 1392 3239 1443 carcall

1263 1524 1726 1590 vertrocken
1771 1523 1910 1569 js)
1955 1523 2049 1570 do
2094 1523 2372 1571 retoer
2417 1522 2602 1569 medt
2645 1515 2879 1566 goede
2924 1503 3247 1559 partije

1258 1658 1516 1707 slaven
1558 1658 1730 1704 ende
1771 1653 2072 1704 cleeden
2115 1650 2542 1698 alswachten
2584 1649 2800 1698 sall,
2841 1642 3398 1692 tvoorschreven

1255 1796 1395 1846 van
1440 1786 1627 1839 sijn
1674 1786 1767 1832 E:
1813 1784 2000 1831 medt
2047 1784 2280 1830 goede
2325 1780 2746 1830 voordacht
2792 1764 3269 1825 overleijdt

1253 1929 1466 1980 ende
1518 1916 2205 1971 insonderheijt
2254 1907 2996 1963 Geconsidireert
3048 1901 3366 1952 sijnde

1234 2075 1372 2125 hoe
1417 2066 1691 2117 nodigh
1735 2062 1873 2110 den
1915 2053 2328 2106 salpeeter
2374 2053 2511 2099 tot
2555 2047 2875 2098 sijdigh
2920 2044 3332 2092 Ballasten

1249 2207 1385 2258 der
1428 2200 1696 2253 retour
1740 2191 2097 2244 scheepen
2135 2192 2365 2238 voort
2408 2195 2675 2241 patria
2718 2190 3031 2241 dienen,
3076 2187 3254 2233 ende
3298 2187 3432 2233 ton

1245 2334 1422 2386 dese
1465 2327 1684 2376 jaere
1726 2325 1903 2372 door
1946 2321 2165 2369 godes
2208 2317 2647 2366 toelatingh
2691 2317 2823 2364 aen
2866 2313 3042 2362 geen
3084 2307 3392 2359 scheeps

1225 2473 1482 2525 ruijm
1532 2469 1635 2516 te
1685 2458 2196 2513 gebreecken
2245 2452 2502 2502 sall,
2553 2449 2656 2496 is
2706 2444 2859 2492 een
2906 2435 3319 2489 stemmigh

1236 2605 1496 2662 Goedt
1548 2592 2016 2651 gevonden,
2067 2587 2276 2636 ende
2327 2581 3003 2632 g'arresteert,
3055 2580 3212 2626 dat
3261 2578 3420 2627 men

1238 2724 1943 2789 meergenoemde
2001 2717 2412 2769 fluijdt
2470 2708 2999 2763 heemstede
3057 2695 3353 2750 niedt

1241 2867 1538 2920 langer
1577 2857 1736 2910 als
1782 2851 1933 2901 tot
1982 2845 2231 2895 ult„o
2277 2839 2527 2892 deser
2576 2833 2774 2882 ofte
2823 2827 3022 2877 indt
3071 2812 3368 2868 eerste

1246 2996 1406 3046 van
1458 2988 1723 3040 meije
1775 2981 2251 3035 ophouden,
2303 2977 2515 3027 ende
2567 2974 2727 3021 als
2779 2971 2938 3019 dan
2985 2958 3311 3015 sonder

1236 3135 1520 3184 langer
1567 3128 1945 3180 tardance
1990 3122 2181 3174 tsij
2227 3121 2370 3169 off
2416 3115 2747 3168 'tjacht
2792 3107 3361 3159 grijpskercke

1242 3280 1929 3342 middelerwijle
1980 3275 2560 3327 paresseerdt
2613 3269 2824 3320 ofte
2875 3263 3139 3313 niedt
3190 3258 3357 3307 van

1199 3430 1424 3488 hier
1478 3421 1977 3472 adructure
2029 3418 2254 3467 naer
2307 3410 2697 3464 Batavia
2752 3405 3362 3456 despecheren

1231 3568 1476 3620 sall,
1520 3571 1719 3621 medt
1767 3566 2011 3614 ordre
2059 3560 2255 3610 ende
2301 3542 2936 3604 recommandatie
2985 3539 3131 3586 aen
3179 3536 3277 3583 de

1247 3694 1917 3764 opperhooffden
1968 3691 2072 3738 d'
2122 3685 2380 3733 reijs
2429 3679 2586 3729 soo
2637 3677 2793 3724 dra
2842 3668 3310 3721 mogelijck

1248 3842 1362 3889 te
1416 3827 1926 3886 spoedigen

1136 3993 1363 4058 Aldus
1405 3982 1676 4036 gedaen
1720 3972 2303 4027 geresolveert,
2346 3966 2526 4015 ende
2568 3951 3153 4010 g'arresteerdt
3195 3942 3332 3994 int

1199 4105 1560 4163 Casteel
1610 4092 1969 4148 Geldria
2019 4087 2123 4136 op
2172 4082 2275 4129 d'
2322 4073 2531 4125 Cust
2578 4063 3148 4118 choromandel

2422 4208 2629 4262 was
2694 4180 3248 4251 geteecqt

1213 4228 1496 4281 datum
1550 4225 1665 4270 ut
1718 4207 2002 4267 supra

2207 4543 2915 4616 Lauwerens
2990 4528 3307 4586 Pitt

2141 4363 2648 4424 Arneld
2721 4346 3325 4407 Heussen
