3567 4801
2675 558 2857 614 834

760 755 1181 853 Mallacca
1231 743 1390 794 Tod
1441 734 1652 788 uijt
1703 723 2124 778 voeringe
2176 722 2334 770 van
2383 721 2596 771 uEd:
2648 717 2963 767 ordre,

843 888 1080 948 wegen
1126 882 1220 931 'd
1265 870 1687 925 aenhaelen
1732 862 2015 913 vandes
2060 854 2388 904 Coninck
2435 851 2575 899 van
2620 835 2908 895 quedas

834 1016 1095 1077 schip,
1136 1009 1310 1059 ende
1352 992 1742 1052 ingeladen
1783 983 2173 1035 goederen,
2216 982 2346 1028 ter
2389 972 2777 1026 oorsaecke
2817 965 2908 1016 d'

819 1141 1198 1215 presente
1243 1121 1759 1183 constitutie
1805 1119 1993 1166 ende
2038 1102 2648 1164 gelegentheijt
2691 1094 2884 1148 sich

831 1280 994 1335 daer
1031 1272 1152 1322 toe
1190 1263 1431 1316 alhier
1469 1255 1591 1307 soo
1627 1242 1948 1296 daenich,
1987 1240 2108 1287 als
2147 1242 2266 1288 wel
2305 1234 2705 1287 vereijscht
2744 1226 2943 1276 werd,

844 1406 1053 1455 niet
1105 1405 1210 1450 en
1261 1402 1470 1449 sall
1519 1380 2147 1447 presenteren,
2196 1376 2303 1426 pr
2353 1367 2824 1419 amsterdam

830 1543 1194 1606 aengesz.
1240 1537 1557 1588 hebben,
1601 1532 1964 1583 gelieven
2008 1530 2190 1577 uEd:
2233 1521 2416 1576 Bijt
2455 1492 2913 1565 jngesloten

845 1702 1070 1755 Copie
1112 1692 1520 1747 Brieffken
1564 1690 1699 1738 aen
1741 1679 1923 1731 zijn
1968 1675 2058 1724 E.
2100 1667 2327 1718 onder
2370 1657 2686 1711 anderen
2718 1642 2820 1701 t'

789 1838 1244 1909 Beooghen,
1292 1830 1543 1881 welck
1591 1822 1991 1874 verhoope
2023 1814 2240 1866 ued„
2288 1804 2488 1857 well
2537 1784 2938 1848 gevallen

844 1973 1183 2036 sall
1266 1974 1350 2021 —

637 2208 702 2261 T
755 2163 1708 2250 gerecommandeerde
1767 2154 1945 2209 Bij
2003 2147 2241 2197 Ued:
2291 2104 2891 2189 instructie

847 2308 1077 2361 aende
1120 2301 1215 2350 Hr
1259 2291 1444 2344 Joan
1488 2271 2041 2334 maetsuijcker
2083 2265 2225 2315 tot
2267 2232 2823 2309 Bevorderingh

850 2412 1228 2474 eenmael
1280 2403 1443 2456 van
1495 2401 1604 2447 d'
1656 2379 2143 2444 overlangh
2195 2360 2792 2422 voorgenomen

812 2534 1316 2598 Besendingh
1364 2520 1567 2575 naer
1617 2514 1718 2562 d'
1767 2504 2221 2556 maldives,
2272 2494 2524 2550 hebbe
2571 2480 2776 2536 well

840 2649 1658 2726 geremarcqueerdt,
1708 2641 1912 2693 ende
1962 2634 2065 2684 jn
2115 2616 2523 2678 achtinge
2573 2608 2986 2661 genomen,

848 2773 1420 2848 dienvoegende
1465 2767 1610 2816 ons
1656 2762 1800 2812 dan
1848 2757 2039 2808 oock
2086 2749 2229 2801 ter
2276 2726 2704 2791 Bequaemer
2751 2720 2990 2771 sijt,

846 2919 1095 2978 allsoo
1134 2911 1217 2960 nu
1256 2903 1420 2952 (god
1460 2890 1870 2947 d'voorsten
1909 2882 2074 2934 geen
2113 2875 2360 2925 verder
2400 2863 2933 2919 verachteringh

838 3057 932 3109 te
975 3040 1292 3098 duchten
1335 3031 1472 3083 is,
1516 3021 1697 3073 daer
1741 3015 1877 3064 van
1920 3009 2058 3059 tot
2102 3005 2283 3053 uEd„
2327 2983 2916 3049 consentemende

845 3171 1171 3236 dienen
1220 3150 1600 3212 sullen,
1654 3144 1816 3193 soo
1869 3129 2300 3188 vernemen
2352 3117 2569 3172 mede
2620 3107 2783 3159 Bij

837 3313 931 3362 't
969 3291 1348 3355 extracht
1392 3282 1580 3334 uijt
1626 3261 1997 3324 geseijde
2040 3239 2554 3303 instruitie,
2599 3236 2786 3286 uedr
2830 3229 2972 3279 den

800 3439 1132 3512 handell
1179 3436 1273 3484 op
1317 3400 1835 3479 tjtucourijn
1881 3392 2164 3448 hebben
2207 3367 2585 3434 gelieven
2630 3363 2819 3412 voor
2863 3351 2965 3408 te

841 3563 1268 3629 stellen,
1318 3549 1534 3608 ende
1584 3542 1693 3589 jn
1744 3517 2333 3586 opmerckinge
2363 3512 2490 3563 te
2540 3499 2863 3556 geven,

846 3701 1078 3767 desen
1121 3669 1582 3744 aengaende,
1626 3664 1720 3714 en
1763 3656 1903 3707 van
1948 3650 2179 3701 tgene
2224 3642 2362 3693 Bij
2407 3621 2958 3685 d'engelschen

806 3863 901 3919 ao
941 3834 1261 3903 parrado
1303 3808 1803 3875 derrewaerts
1848 3791 2255 3852 verricht,
2299 3791 2527 3839 hebbe
2571 3785 2754 3833 uEd„
2797 3790 2933 3837 Bij

856 3985 1092 4045 mijne
1138 3969 1418 4026 vorige
1463 3945 1884 4011 advijsen,
1929 3940 2117 3988 voor
2162 3931 2304 3983 soo
2347 3922 2536 3974 veel
2582 3917 2723 3965 mij
2769 3917 2909 3964 als

853 4125 1056 4183 doen
1103 4105 1455 4167 Bewust,
1505 4087 2007 4149 cundtschap
2055 4062 2406 4128 gedaen,
2455 4059 2607 4107 tot
2656 4046 3007 4103 verdere

846 4277 1404 4339 enquesten,
1455 4261 1682 4317 ende
1725 4232 2293 4307 progressen
2346 4210 2738 4275 ijveren

2348 4443 2850 4518 Daegelux
