3451 4937
541 374 610 427 E

852 274 1009 326 Juny
1047 275 1164 321 ao.
1201 278 1356 327 1646

935 403 1027 451 ady
1056 407 1177 456 19:e
1207 410 1298 456 d:o
1328 409 1450 455 vuyl
1480 410 1845 461 regenachtigh
1873 418 2057 469 weder,
2085 426 2147 472 is
2176 429 2268 478 een
2297 435 2509 490 matroos
2538 445 2632 497 van
2659 454 2751 502 den
2781 458 2904 508 heer
2932 465 3211 527 overleden

1079 539 1179 586 Jan
1212 538 1579 585 Fredericksz
1612 541 1712 586 van
1745 541 1913 591 hulst
1944 548 2213 604 genaempt
2245 561 2347 610 die
2377 567 2813 625 aendovertijde
2844 582 2946 630 bij
2977 587 3045 635 't
3077 591 3253 648 schip

1105 666 1209 711 ter
1243 665 1451 711 aerden
1483 665 1762 715 gebracht
1796 671 2008 727 wierdt

957 793 1072 838 adij
1101 792 1216 838 20:e
1244 791 1331 837 d:o
1360 792 1476 839 nogh
1503 794 1677 842 gelijk
1705 798 1880 848 eenige
1906 805 2051 855 dagen
2078 811 2226 862 vuijl
2251 820 2599 877 regenachtigh
2625 834 2771 882 weder
2798 839 2885 887 dat
2913 842 3258 902 almerckelijk

1109 914 1574 963 affiwbateringe
1606 919 1840 968 begonde
1871 924 1939 972 te
1970 928 2236 987 couseren

905 1051 975 1097 Op
1007 1046 1147 1094 dato
1179 1044 1667 1099 quamongadinghs
1700 1055 2013 1109 schrijver
2046 1066 2117 1114 op
2150 1071 2255 1120 S:r
2288 1076 2705 1136 Broeckhorsts
2737 1092 3119 1154 ontbiedinge
3152 1110 3281 1160 ter

1080 1181 1257 1228 Logie
1290 1182 1750 1234 wienvraechden
1782 1191 1890 1239 off
1922 1197 2029 1244 des
2063 1200 2346 1253 Coninghs
2378 1210 2554 1260 sijde
2588 1216 2765 1266 haest
2799 1221 3150 1271 ingesamelt

1099 1313 1245 1362 soude
1273 1314 1447 1362 wesen,
1474 1318 1734 1365 denselven
1762 1319 1994 1372 antwoord
2021 1329 2080 1376 en
2107 1332 2223 1381 nogh
2251 1337 2367 1385 niet
2394 1341 2569 1391 altoos
2596 1347 2654 1394 in
2682 1349 2712 1394 s
2740 1349 2942 1399 maij=ts
2969 1355 3260 1408 packhuijse

1098 1448 1324 1498 gekomen
1356 1448 1453 1497 was
1484 1453 1581 1500 tot
1612 1455 1996 1507 'twelckesigh
2026 1463 2443 1525 d'apparentien
2473 1481 3113 1539 oocqgaertoverschenen
3143 1487 3211 1535 te

1056 1579 1364 1629 verthonen,
1393 1585 1701 1635 tenaemsien
1730 1591 1884 1639 desen
1913 1594 2037 1644 Jare
2066 1599 2128 1645 't
2158 1600 2282 1648 oost
2311 1604 2466 1653 meest
2494 1610 2740 1664 bedorven
2770 1619 2863 1665 end
2892 1621 3015 1672 veel
3045 1628 3230 1680 wormen

1095 1713 1389 1763 gestorven
1420 1719 1583 1768 sijn,
1615 1722 1810 1769 echter
1842 1725 2102 1778 gelasten
2134 1734 2233 1780 hem
2263 1737 2460 1786 sijnen
2490 1743 2622 1792 h=re
2652 1748 2978 1806 aentemanen
3009 1761 3205 1810 binnen

1101 1848 1158 1895 14
1187 1850 1331 1896 dagen
1359 1851 1502 1898 wijde
1531 1853 1674 1901 sijde
1702 1856 1903 1908 dienden
1931 1864 1990 1910 te
2017 1867 2190 1918 hebben
2217 1874 2361 1925 alsoo
2389 1881 2447 1927 't
2475 1882 2620 1935 Schip
2646 1891 2734 1939 ten
2761 1895 3106 1953 principaelen
3133 1909 3249 1957 daer

1076 1982 1406 2030 omgekomen)
1438 1985 1737 2033 tegendien
1768 1990 1934 2040 tij't
1966 1996 2199 2050 moesten
2229 2007 2561 2069 vertrecken
2592 2026 2758 2079 laten
2789 2034 2924 2086 want
2954 2043 3055 2092 bij
3086 2048 3187 2096 ge

1074 2115 1266 2161 breke
1298 2115 1522 2164 vandien
1554 2120 1619 2167 de
1649 2123 1844 2173 Comp:e
1873 2130 1938 2176 te
1969 2132 2194 2185 grooten
2225 2141 2481 2195 Interest
2513 2150 2579 2195 te
2608 2152 2771 2203 lyden
2799 2159 2962 2210 staen
2992 2167 3152 2214 soude

1036 2253 1178 2308 Jtem
1211 2249 1348 2297 onse
1382 2247 1587 2295 heeren
1619 2251 2029 2308 schrmipeleur
2061 2265 2233 2315 maken
2265 2271 2403 2323 sijn
2435 2280 2641 2330 maij=t
2673 2286 3015 2345 intoekomen
3048 2301 3219 2349 weder

1083 2384 1214 2430 gelt
1244 2386 1309 2431 op
1341 2386 1663 2432 leverantie
1695 2387 1793 2435 van
1824 2391 1986 2440 sijde
2017 2396 2082 2442 te
2113 2397 2279 2452 geven

859 2520 966 2569 Soo
1000 2519 1318 2566 vraechdem
1352 2521 1598 2569 hemmede
1634 2524 1739 2569 off
1774 2523 1880 2569 den
1915 2523 2092 2573 onder
2125 2530 2373 2583 Coopman
2407 2540 2513 2589 S:a
2547 2545 2795 2594 heycoop
2828 2551 3228 2614 sijneringen

1093 2654 1181 2701 met
1210 2656 1388 2704 sonden
1413 2656 1829 2704 gerestitueert:
1857 2658 2153 2705 mitsgaders
2181 2662 2240 2708 de
2269 2664 2505 2716 geledene
2534 2672 2740 2720 schade,
2769 2676 2917 2726 smaet
2945 2682 3005 2729 en
3033 2685 3210 2733 smerte

1077 2788 1472 2835 gecompenseert
1501 2790 1623 2835 ende
1653 2790 1774 2836 goed
1802 2788 1986 2835 gedaen
2016 2791 2229 2840 werden,
2258 2796 2381 2847 waer
2408 2804 2470 2851 op
2499 2806 2562 2854 te
2590 2811 2894 2863 nantwoorde
2923 2819 3076 2869 diend
3104 2825 3168 2875 en

1037 2932 1145 2981 den
1179 2930 1423 2980 Coningh
1455 2930 1526 2978 de
1560 2928 1838 2976 Chinesen
1873 2928 2151 2977 daeromme
2186 2932 2707 2991 aengesprokenhad
2741 2946 2880 2992 ende
2915 2946 3162 2993 deselve

1017 3069 1332 3117 verclaert
1367 3069 1578 3115 vand:o
1612 3070 1822 3115 mingen
1857 3070 1996 3116 niet
2031 3071 2101 3116 te
2136 3071 2312 3120 weten
2345 3075 2627 3123 hebbende
2660 3081 2766 3129 hun
2799 3084 3046 3133 wijders
3079 3089 3186 3138 wel

1073 3203 1435 3253 Expresselijk
1465 3205 1676 3251 gelast,
1706 3205 1767 3251 de
1797 3203 2160 3250 nederlanders
2189 3205 2311 3253 geen
2339 3210 2582 3258 overlast
2611 3213 2733 3259 meer
2762 3214 2823 3259 te
2852 3214 3004 3263 doen,
3033 3218 3187 3269 alsoo

1069 3330 1418 3379 haerbuijten
1448 3333 1514 3379 in
1545 3335 1640 3381 zee
1672 3335 1800 3383 voor
1831 3338 2053 3387 deselve
2084 3339 2212 3387 miet
2243 3339 2530 3390 bevrieden
2561 3346 2784 3393 conden,
2815 3349 3007 3402 sonder
3036 3359 3165 3412 daer

1050 3462 1258 3508 eenigh
1292 3463 1706 3511 anderverhael
1738 3468 1843 3515 van
1876 3471 2083 3520 trecht
2117 3475 2256 3524 over
2288 3481 2358 3528 t'
2392 3484 2840 3538 administreren
2873 3494 2978 3542 dat
3011 3498 3117 3547 een

1074 3597 1497 3647 beclaechelijk
1529 3603 1562 3648 e
1594 3603 1855 3649 sakesij,
1887 3602 2213 3649 tenaensien
2245 3604 2343 3651 wij
2375 3607 2442 3654 't
2472 3611 2668 3660 minste
2699 3615 2799 3663 mis
2830 3619 3026 3668 doende
3057 3624 3155 3671 men

1073 3728 1169 3777 ons
1201 3728 1294 3774 met
1325 3729 1450 3775 alle
1481 3730 1668 3777 kigeur
1699 3732 1856 3779 soect
1886 3734 1949 3779 te
1980 3733 2169 3783 villen
2198 3739 2324 3786 ende
2354 3742 2574 3793 branden
2602 3748 2791 3794 gelijk
2822 3749 2949 3797 anno
2977 3754 3196 3806 passado

1034 3863 1168 3912 nogh
1200 3864 1431 3912 Jonghst
1464 3867 1597 3913 ende
1629 3868 1728 3914 vor
1761 3869 1927 3916 desen
1959 3871 2091 3919 meer
2123 3875 2390 3929 gebleken
2419 3887 2519 3934 sij
2552 3886 2816 3937 hebbende
2848 3892 2915 3939 in
2947 3894 3178 3946 sulcken

2787 4030 3136 4083 gevalle
