3553 4917
2809 276 2962 325 665

1483 343 2150 407 Transpoort
2214 348 2282 394 ƒ
2347 347 2948 403 46775:-:-

622 560 797 612 2000
837 556 924 606 Cb
964 547 1566 603 buffelthoorens
1603 560 1691 606 ƒƒ
1733 550 1989 604 12:15:
2030 541 2329 599 thond:t
2371 541 2460 595 C.
2496 553 2541 600 .
2581 540 2754 597 255:
2796 537 2882 584 —:
2923 530 2968 580 —

559 655 765 711 6000
816 654 868 699 p
916 647 1382 698 koehuyden
1431 655 1486 704 a
1535 662 1586 708 ƒ
1637 657 1946 707 87:15.
1996 654 2049 701 t
2097 653 2410 714 hondt:
2429 671 2509 716 „
2531 666 2970 718 5265:-:-

647 753 745 804 400
776 748 968 797 Cattij
998 744 1256 792 agerhoud
1286 749 1447 801 goede
1478 757 1669 804 bariga
1701 759 1829 806 ende
1860 761 1989 808 geen
2020 761 2244 807 Cabessa
2275 760 2309 806 a
2339 763 2374 811 ƒ
2402 768 2467 814 3.
2497 766 2627 812 114„
2658 766 2818 812 1237:
2849 764 2978 811 10:-

483 859 756 918 20000.
799 849 1073 902 Cattij
1117 848 1345 896 swart
1389 853 1571 903 bacq
1614 858 1662 904 a
1706 858 1797 904 38
1841 857 1933 903 gl
1973 858 2024 904 t
2063 855 2386 905 hondert
2430 859 2476 905 „
2520 858 2748 903 7600:
2792 859 2884 908 —:
2924 869 2976 916 —

572 950 732 1004 3000
771 944 1011 994 Cattij
1049 940 1409 989 eliphants
1448 944 1768 993 'thanden
1804 947 1847 994 a
1887 946 1928 991 ƒ
1965 941 2047 988 75
2086 940 2370 997 thondt.
2399 955 2444 1003 „
2483 955 2643 1002 2250
2682 954 2723 1000 :
2760 954 2802 1001 -
2841 956 2884 1002 :
2921 959 2961 1005 -

1962 1112 2099 1165 Pr
2160 1110 2232 1156 ƒ
2293 1098 2954 1160 63382:10:-

484 1271 587 1319 Dit
619 1269 792 1315 alles
826 1270 929 1318 bij
962 1274 1237 1328 provisie
1270 1284 1509 1338 gesteld
1543 1293 1682 1343 ende
1714 1298 2090 1348 meestendeel
2125 1303 2467 1353 gereeckent
2500 1308 2605 1356 nae
2637 1312 2741 1358 den
2774 1314 2946 1365 prijs

887 1372 992 1418 der
1026 1371 1271 1417 jonghst
1305 1372 1620 1424 herwaerts
1654 1379 1725 1426 is
1759 1383 2038 1432 gecomene
2072 1387 2597 1440 Coopmanschappen
2630 1397 2805 1444 hebbe
2839 1400 2944 1445 tot

892 1451 1319 1501 vergrootinghe
1351 1453 1451 1500 van
1482 1457 1549 1503 't
1581 1459 1875 1511 cargasoen
1908 1466 2008 1514 van
2039 1470 2335 1524 derwaarts
2366 1479 2498 1529 daar
2530 1485 2629 1531 bij
2661 1486 2928 1541 gevoecht

920 1540 1049 1592 3000
1080 1539 1270 1585 Cattij
1301 1540 1585 1591 eliphants
1616 1546 1838 1598 tanden,
1868 1554 1964 1602 die
1994 1558 2153 1607 naast
2183 1562 2406 1613 eeniege
2435 1569 2626 1617 jaaren
2656 1573 2941 1627 redelijks

892 1627 1060 1680 coops
1092 1626 1159 1671 te
1192 1626 1458 1673 becoomen
1489 1630 1621 1678 sijn
1654 1633 1918 1684 geweest,
1951 1639 2084 1687 doch
2116 1642 2414 1696 moogelijk
2447 1652 2845 1701 ongetwyffeld
2874 1654 2943 1703 uk

887 1715 993 1763 wel
1027 1711 1239 1759 bekent
1274 1711 1415 1760 niet
1449 1715 1660 1766 anders
1694 1722 1800 1769 als
1834 1724 1940 1771 ter
1974 1727 2221 1776 sluijck
2255 1733 2641 1786 uijtgevoert
2675 1742 2887 1790 werden

889 1800 1023 1849 ende
1056 1799 1188 1845 voor
1220 1799 1451 1847 eeniege
1484 1802 1684 1854 paaren
1714 1809 1815 1855 bij
1847 1811 1947 1858 ons
1978 1815 2179 1867 sonder
2209 1824 2506 1871 verijckel
2539 1826 2639 1873 bij
2671 1829 2804 1877 nach
2836 1834 2914 1887 in

876 1889 908 1934 s
939 1888 1163 1934 comp:es
1195 1888 1450 1938 bercquen
1481 1892 1769 1943 scheepten
1800 1899 1865 1945 en
1895 1902 2150 1954 geschiet
2181 1909 2374 1959 sonder
2405 1915 2500 1960 des
2532 1915 2597 1961 is
2627 1917 2757 1966 daar
2787 1922 2898 1970 aan

891 1971 1173 2018 weijnisch
1203 1973 1453 2023 proffijt
1484 1976 1798 2029 tebehaalen
1827 1985 1922 2034 die
1952 1989 2016 2035 te
2046 1991 2265 2037 zendene
2296 1993 2483 2042 dienen
2514 1997 2609 2046 van
2639 2002 2702 2048 3:
2733 2004 2795 2050 4:
2826 2005 2958 2057 ende

886 2054 956 2107 5:
989 2063 1091 2109 int
1125 2064 1296 2111 picol
1329 2067 1398 2112 te
1431 2067 1671 2116 weesen,
1704 2071 1842 2118 also
1874 2075 1943 2121 de
1976 2077 2181 2124 groote
2214 2077 2420 2125 aldaar
2453 2080 2590 2126 vrij
2623 2082 2828 2131 hooger
2859 2080 2931 2131 te

784 2158 961 2210 gelde
994 2155 1206 2203 loopen
1241 2155 1383 2201 ende
1416 2156 1558 2202 hier
1592 2157 1874 2205 weijnich
1908 2160 2296 2212 verscheeld,
2330 2169 2401 2215 de
2435 2167 2928 2220 geleegentheijt

882 2243 1235 2293 toelaatende
1267 2243 1364 2289 can
1396 2244 1493 2290 ten
1524 2246 1719 2292 prijse
1747 2247 1975 2294 voorsze
2006 2248 2136 2297 niet
2166 2253 2424 2305 schaaden
2455 2261 2521 2309 50
2552 2265 2648 2312 p:l
2680 2267 2941 2313 gesonden

872 2331 1070 2377 werde,
1102 2330 1268 2378 alsoo
1300 2334 1497 2382 deesen
1530 2336 1695 2384 jaare
1728 2339 1793 2384 by
1826 2339 1893 2386 de
1925 2342 2125 2390 comp:e
2155 2347 2255 2396 30:
2287 2351 2386 2397 p:e
2418 2353 2518 2400 tot
2550 2356 2617 2403 55
2647 2358 2682 2404 p
2714 2352 2980 2402 vercocht

870 2423 965 2472 is,
995 2421 1119 2468 ende
1150 2421 1335 2467 beeter
1366 2421 1675 2469 gerendeert
1705 2424 1892 2472 zouden
1921 2428 2107 2478 hebben
2137 2433 2232 2481 ten
2261 2438 2354 2484 sij
2384 2438 2601 2485 grooter
2631 2439 2972 2487 quantiteijt

869 2508 942 2556 by
977 2505 1049 2552 de
1084 2503 1369 2550 chinesen
1404 2503 1795 2551 aengebracht
1830 2507 2079 2557 waare/.

345 2740 461 2794 Tot
492 2708 798 2779 vervolgh
834 2703 949 2751 van
985 2701 1100 2749 den
1135 2701 1363 2749 handel
1401 2703 1629 2753 aldaer
1665 2707 1819 2755 ende
1853 2712 2344 2769 jnsonderheijt
2373 2719 2456 2769 de
2494 2719 2947 2767 bevorderinge

888 2779 1092 2835 vanden
1125 2789 1465 2838 Japanscher
1498 2794 1634 2839 eijs
1666 2794 1871 2847 senden
1904 2802 1974 2852 30
2005 2808 2040 2854 @
2072 2808 2311 2855 taijlen
2343 2800 2582 2853 schuijt
2614 2800 2820 2847 silver

797 2873 1045 2935 gelijck
1080 2871 1253 2917 zulxs
1287 2871 1392 2918 bij
1425 2873 1565 2923 haar
1599 2877 1774 2928 Ed=en
1807 2884 1913 2935 ons
1946 2892 2432 2943 aengeschreeven
2466 2897 2605 2948 ende
2638 2899 2917 2947 Geordon„

880 2961 1181 3010 neert
1240 2957 1506 3007 wert

346 3193 462 3251 Den
497 3172 764 3233 aensien
802 3172 879 3218 't
916 3170 1146 3228 Cooper
1181 3185 1334 3231 uijt
1371 3183 1448 3229 te
1484 3183 1713 3231 voeren
1751 3183 2132 3231 toegestaen
2169 3182 2323 3231 ende
2359 3189 2437 3237 in
2472 3195 2626 3246 Siam
2663 3201 2891 3250 groote

851 3268 1114 3318 vraagen
1150 3267 1300 3313 voor
1337 3268 1560 3315 eenige
1597 3270 1822 3319 jaaren
1858 3275 2007 3321 daar
2044 3277 2119 3322 na
2156 3278 2418 3329 geweest
2453 3286 2566 3333 is,
2602 3289 2789 3336 compt
2825 3291 2900 3337 vl

847 3358 941 3404 toe
972 3355 1224 3402 ongeveer
1255 3354 1538 3402 'tachtich
1569 3356 1760 3406 picol,
1789 3363 1854 3409 in
1884 3366 2135 3415 plaaten,
2167 3370 2356 3420 willen
2387 3376 2702 3427 vertrouwen
2732 3383 2921 3434 aldaar

845 3445 1146 3497 aengenaem
1177 3444 1311 3492 ende
1345 3446 1445 3493 met
1475 3448 1643 3496 groot
1676 3452 1941 3503 proffijt
1973 3458 2240 3505 vercocht
2272 3461 2372 3508 zal
2404 3464 2637 3516 werden,
2669 3471 2803 3520 doch
2830 3468 2935 3516 bij

836 3540 1041 3595 aldien
1074 3538 1142 3584 't
1174 3535 1479 3582 contrarie
1511 3536 1715 3585 bevind
1747 3541 1849 3590 dat
1881 3546 2017 3593 niet
2050 3548 2321 3596 geloove,
2352 3553 2454 3600 can
2487 3555 2557 3602 uE
2588 3559 2658 3607 't
2688 3564 2857 3614 selve

858 3633 940 3680 na
979 3630 1301 3678 battavia
1339 3626 1704 3676 versenden

324 3963 463 4014 Wat
504 3910 827 4004 wijders
870 3906 1010 3952 UL.
1051 3898 1288 3953 eysch
1330 3890 1471 3946 van
1497 3898 1929 3949 herwaerts
1974 3905 2343 3955 belangst
2389 3910 2712 3959 voldoen
2757 3914 2850 3962 na

883 3991 1255 4042 vermoogen
1295 3992 1502 4040 sulxs
1543 3994 1750 4041 alles
1790 3997 2161 4045 verneempt
2202 3994 2326 4044 bij
2363 3991 2655 4043 neffens
2695 3999 2865 4054 gaen

2372 4552 2764 4609 facture

2335 4565 2360 4611 3
