3567 4801
2723 568 2888 623 843

905 669 1249 720 Sondagh
1297 672 1496 719 adij
1543 672 1791 719 28„en
1839 668 2135 717 octobr
2182 670 2381 718 Anno
2430 674 2628 722 1645

802 860 1061 914 Tjacht
1103 858 1190 904 de
1232 857 1663 904 Waterhoudt
1705 860 1791 905 op
1834 858 2006 905 4„en
2049 857 2264 903 deser
2306 857 2436 907 van
2478 863 2779 910 Batavia

885 982 1048 1035 over
1087 977 1209 1025 st.
1249 973 1412 1021 Crus
1450 971 1532 1019 d'
1572 967 1774 1015 Gaele
1812 962 1976 1012 ende
2015 961 2381 1008 Carcoell,
2419 962 2542 1009 met
2582 962 2704 1009 400
2743 962 2947 1010 parra

853 1111 1012 1163 Rijs
1047 1099 1208 1152 ende
1247 1094 1367 1143 46.
1403 1080 1643 1137 packen
1679 1067 2038 1124 diversche
2075 1057 2511 1112 sorteringhe
2551 1056 2670 1102 van
2709 1047 3026 1100 cleeden,

878 1218 1061 1274 voor
1098 1199 1424 1257 Carcall
1466 1196 1561 1244 jn
1606 1183 1972 1240 genomen.
2016 1174 2292 1226 alhier
2335 1167 2474 1217 ter
2519 1156 2794 1212 rheede

985 1328 1513 1396 Geparresseert
1552 1319 1877 1373 geseijde
1917 1307 2200 1363 cleeden
2239 1298 2484 1351 alhier
2522 1278 3012 1345 besichticht,

824 1477 1061 1539 weder
1106 1457 1628 1520 affgepackt,
1673 1445 1863 1500 ende
1908 1439 2099 1490 naer
2142 1425 2477 1482 gedaene
2524 1407 2950 1470 visitatie

875 1591 1398 1661 jegenwoordigh
1436 1580 1677 1632 alhier
1715 1581 1836 1629 339
1874 1567 2115 1624 packen
2153 1554 2515 1610 diversche
2554 1547 2993 1601 sorteringhe

877 1725 998 1775 van
1035 1712 1316 1766 Cleeden
1355 1711 1555 1756 44643
1595 1708 1715 1757 lb.
1752 1692 2273 1753 geratfineerde
2311 1687 2631 1736 Salpeter
2671 1688 2791 1733 90n
2830 1686 2950 1732 dla

885 1846 1131 1914 Jndigo
1168 1835 1372 1890 16199
1411 1831 1494 1880 lb
1532 1823 1896 1874 Boscruijt
1936 1819 2098 1867 3900
2137 1811 2259 1862 stx
2298 1796 2782 1855 rochevellen,
2821 1793 2986 1841 ende

880 1985 924 2034 6
957 1970 1082 2026 stx
1118 1959 1359 2016 slaven
1399 1956 1480 2004 en
1517 1942 1917 1999 slavinnen,
1957 1941 2077 1987 bij
2116 1935 2236 1985 den
2275 1928 2555 1979 anderen
2593 1921 2675 1972 in
2714 1908 3033 1962 voorraet

861 2080 1356 2149 Bevindende,
1399 2081 1581 2130 ende
1625 2077 1805 2129 voor
1846 2060 2299 2120 aengetogen
2341 2052 2568 2104 jacht
2611 2043 2748 2095 van
2789 2033 2972 2086 hier

851 2225 1286 2299 adrouture
1331 2214 1526 2269 naer
1573 2200 1909 2256 Batavia
1957 2191 2293 2243 volgens
2340 2181 2724 2236 project,
2770 2172 2964 2226 ende

833 2375 1015 2430 voor
1060 2364 1287 2419 desen
1332 2353 1514 2408 dien
1557 2337 1967 2396 aengaende
2011 2328 2375 2385 gehouden
2419 2321 3013 2374 Communicatie,

840 2490 1430 2567 Gedestineert
1478 2480 1821 2533 sijnde,
1867 2473 2211 2524 draeght
2258 2468 2407 2517 den
2454 2457 2947 2512 gouverneur

863 2632 1006 2685 den
1051 2624 1242 2675 raet
1287 2617 1478 2668 voor
1522 2609 1714 2661 ende
1756 2600 1996 2654 geeft
2042 2596 2232 2647 haer
2278 2588 2374 2639 E:
2418 2576 2515 2628 jn
2562 2571 2986 2621 bedencken

873 2759 1013 2806 off
1058 2752 1292 2804 mende
1337 2743 1524 2795 voor
1570 2728 2222 2788 gementioneerde
2267 2718 3011 2778 Coopmanschappen,

857 2889 1027 2942 soo
1082 2884 1250 2932 dra
1296 2865 1806 2925 nogelijck
1861 2858 2085 2909 niet
2140 2851 2252 2900 en
2304 2834 2752 2893 behooren
2807 2827 2923 2878 Te

865 3006 1514 3074 jmbarckqueren,
1558 2999 1745 3050 ende
1790 2995 1884 3042 d'
1930 2977 2440 3039 overicheijt
2485 2971 2625 3020 van
2670 2967 2857 3015 meer

929 3154 1283 3233 Gemelte
1322 3130 1580 3196 jacht
1629 3122 1829 3173 daer
1877 3118 2028 3166 met
2076 3115 2277 3163 haer
2325 3094 2823 3158 affscheijt
2870 3090 2973 3138 te

859 3288 1146 3348 geven,
1189 3283 1240 3331 t
1287 3256 1855 3326 voorschreven
1901 3245 2043 3298 van
2090 3238 2280 3290 Sijn
2326 3237 2422 3284 E:
2468 3234 2611 3280 met
2650 3221 2895 3279 goede

842 3444 1244 3515 voordacht
1277 3425 1685 3488 overleijt
1727 3415 1906 3467 ende
1949 3389 2568 3458 geconsidireert
2612 3385 2922 3432 sijnde,

842 3595 940 3647 is
986 3583 1129 3636 een
1176 3567 1556 3626 stemmigh
1599 3549 1839 3610 goedt
1886 3539 2266 3593 gevonden
2312 3540 2408 3587 en
2455 3534 3026 3586 g'arresteert

874 3706 968 3759 't
1012 3687 1780 3747 voorgeproponeerde
1824 3686 1915 3731 in
1956 3682 2141 3731 dier
2185 3670 2458 3728 vougen
2502 3660 2955 3711 Voortganck

878 3815 980 3864 te
1029 3811 1282 3860 laten
1331 3811 1633 3858 nemen,
1682 3806 1834 3855 met
1883 3802 2136 3851 ordre
2184 3797 2287 3846 en
2334 3779 2992 3840 recommandatie

853 3945 992 4000 aen
1036 3934 1351 3988 gemelte
1393 3920 1889 3979 overicheijt
1933 3914 2068 3963 soo
2113 3911 2382 3958 'tweer
2426 3902 2877 3955 enighsints

853 4061 1208 4115 toelaet
1256 4052 1410 4105 ter
1460 4045 1765 4096 rheede
1814 4040 1967 4088 soo
2017 4035 2270 4084 lange
2320 4031 2422 4079 te
2472 4030 2980 4079 verblijven

836 4204 995 4254 Tot
1046 4198 1207 4248 dat
1256 4187 1472 4241 omme
1522 4179 1630 4228 te
1676 4170 2213 4220 vertrecken
2263 4174 2528 4223 nader
2579 4170 2847 4220 ordre

791 4340 1097 4405 Becomen
1138 4336 1270 4383 dat
1312 4329 1443 4379 ten
1484 4312 1832 4371 jnsichte
1874 4309 2006 4356 off
2048 4308 2135 4355 't
2175 4289 2568 4352 verwachte
2611 4284 2829 4332 schip
2869 4286 3016 4334 Van

817 4479 1160 4532 Batavia
1207 4450 1840 4522 middelerwijle
1888 4439 2132 4494 quame
2178 4432 2278 4482 te
2325 4418 2860 4477 parresseren
