3642 4828
745 511 812 557 1.

1028 609 1500 671 Februarij
1548 602 1758 651 1645

1182 850 1248 899 Ao
1277 841 1343 893 1.
1370 834 1437 883 do
1468 830 1596 878 vecs
1626 827 1723 873 net
1754 819 2073 872 alherterte
2104 818 2136 863 d
2167 817 2232 863 de
2260 817 2358 864 him
2390 817 2485 863 pan
2517 816 2676 863 Conel
2707 814 2803 861 van
2833 811 2994 859 Comre
3025 810 3376 856 tebehoorend

1344 920 1527 974 Rampe
1562 912 1855 965 Inhebben

1360 1032 1419 1080 35
1445 1022 1617 1075 lasten
1642 1014 1818 1065 Nillij

1381 1119 1419 1168 8
1447 1107 1648 1160 lasten
1679 1097 1813 1151 rijs

1366 1210 1439 1266 14
1469 1200 1572 1252 do.
1603 1196 1770 1243 graen

1369 1298 1420 1344 31
1442 1293 1496 1342 d.
1518 1288 1572 1337 o.
1593 1274 1849 1331 s'Jengelij

1387 1389 1419 1435 2
1445 1383 1544 1435 do.
1568 1366 1728 1423 Nueij
1755 1360 1859 1410 ene

1401 1482 1470 1530 2½
1500 1465 1814 1527 bhaerlacq

1331 1611 1390 1660 d.
1417 1613 1447 1659 o
1476 1603 1735 1658 Verschynd
1763 1603 1936 1650 alhier
1964 1600 2051 1647 ter
2079 1594 2224 1644 rhede
2252 1595 2338 1642 Van
2367 1596 2627 1644 Caletoure
2653 1596 2741 1644 een
2769 1592 2943 1640 thonij
2971 1584 3260 1637 toecomende

1335 1699 1533 1754 Bengae
1563 1696 1729 1743 synde
1761 1693 1992 1741 beladen
2024 1691 2125 1738 met

1336 1811 1433 1865 170
1461 1802 1555 1852 str
1584 1793 1741 1846 tapis
1768 1785 1899 1835 ende

1335 1909 1438 1964 516
1470 1902 1600 1953 str.
1631 1894 1828 1945 Mocris

1172 2056 1231 2107 An
1253 2047 1312 2098 16
1334 2039 1392 2089 d.
1417 2038 1446 2083 o
1472 2031 1798 2082 Verschijndt,
1824 2035 1987 2084 alhier
2013 2038 2095 2084 ter
2122 2038 2257 2084 rhede
2283 2037 2338 2083 d'
2365 2037 2582 2084 schalrup
2608 2037 2744 2083 Cleen
2771 2034 2961 2083 pipelij
2987 2031 3150 2079 alhier
3176 2029 3262 2078 ter

1372 2122 1519 2172 rhede
1547 2126 1636 2171 van
1664 2127 1696 2174 S
1721 2131 1753 2177 t
1778 2128 1926 2178 Thome
1955 2126 2042 2173 met
2071 2125 2130 2170 d'
2158 2123 2538 2170 geprocureerde
2566 2122 2771 2171 Cleden—

1182 2277 1214 2323 A
1235 2269 1303 2324 d.
1328 2265 1362 2311 o
1391 2259 1573 2309 become
1603 2258 1694 2304 een
1724 2258 1815 2303 ole
1845 2258 1966 2303 uijt
1995 2257 2177 2303 relour
2206 2255 2630 2303 mentianeerende
2657 2255 2750 2302 van
2780 2254 3083 2301 diveersche
3111 2250 3264 2299 Novos
3293 2249 3324 2295 —

1330 2360 1446 2410 als
1483 2349 1716 2404 volght

1269 2508 1453 2590 Must
1494 2485 1803 2546 afschan
1847 2482 2112 2530 siende
2156 2482 2245 2528 d'
2289 2477 2511 2527 mais.
2554 2474 2599 2520 t
2643 2467 2996 2518 tareerse
3040 2467 3173 2513 van
3216 2465 3350 2512 hem

1337 2584 1397 2632 te
1427 2583 1661 2629 gemoeten
1690 2585 1808 2630 omme
1836 2586 2070 2635 tvolgens
2099 2588 2421 2634 toesegginge
2450 2589 2509 2635 t'
2538 2589 2685 2636 samen
2712 2589 2948 2636 spraeckt
2977 2589 3182 2636 houden,
3210 2591 3298 2642 Is:
3328 2597 3359 2643 —

1339 2693 1448 2747 seer
1475 2692 1712 2738 verstoort
1737 2692 1947 2738 geworden
1973 2693 2026 2738 en
2052 2693 2158 2739 omme
2183 2695 2262 2741 ter
2288 2697 2472 2743 plaetse
2498 2698 2604 2744 daer
2629 2699 2682 2744 nu
2707 2699 2839 2745 leijt
2863 2697 2918 2744 In
2943 2696 2996 2742 te
3022 2696 3180 2742 vallen
3205 2692 3312 2741 was.

1323 2801 1488 2850 quaedt
1514 2800 1570 2845 om
1596 2799 1707 2845 doen
1734 2797 1845 2843 door
1871 2798 1926 2844 d'
1954 2797 2174 2844 dickheyt
2201 2798 2284 2843 des
2310 2799 2448 2845 bosch
2475 2800 2585 2848 dies
2612 2804 2914 2851 resolveerde
2940 2800 3189 2851 aendesuyd
3214 2792 3329 2843 side

1311 2907 1426 2961 door
1454 2904 1511 2952 't
1538 2903 1679 2948 landt
1707 2902 1792 2948 van
1820 2899 2129 2947 kagadahaija
2156 2897 2270 2943 door
2298 2897 2636 2944 Weynichbosch
2663 2900 2777 2946 door
2803 2903 2860 2948 te
2888 2902 3142 2950 breecken,
3169 2896 3366 2944 gelijck

1311 3011 1418 3062 oocq
1441 3007 1495 3054 op
1520 3006 1779 3052 gebroocken
1804 3005 1856 3051 Is
1881 3004 1959 3050 met
1984 3003 2037 3049 10
2063 3003 2089 3048 l
2114 3004 2295 3050 paerden
2319 3002 2372 3049 en
2398 3001 2450 3047 30
2476 3001 2502 3046 l
2527 3001 2579 3047 te
2605 3002 2735 3048 voedt
2759 3003 2967 3049 sendende
2991 3001 3121 3047 sahij
3147 3001 3225 3047 sij
3250 3003 3276 3048 —

1306 3114 1367 3161 en
1395 3109 1663 3157 ambarchan
1693 3108 1782 3154 met
1811 3108 1842 3154 4
1869 3108 2108 3155 Oxaerden
2137 3109 2197 3154 en
2225 3108 2345 3154 2000
2374 3107 2583 3155 Coelijs
2612 3110 2671 3155 om
2701 3109 2879 3155 door't
2908 3106 3057 3153 Bosch
3085 3103 3176 3150 ben
3205 3103 3326 3149 Wegh

1307 3225 1363 3273 te
1389 3218 1607 3269 maecken,
1632 3217 1742 3263 dese
1768 3215 1905 3262 novos
1932 3213 2095 3260 hebben
2121 3214 2176 3260 d'
2202 3212 2420 3259 Neijcken
2446 3212 2528 3257 van
2555 3211 2718 3257 Masoer
2744 3203 3070 3255 siagederaija
3095 3200 3205 3246 ende
3231 3192 3396 3245 andere

1291 3331 1347 3377 d'
1373 3326 1513 3376 Mais.
1540 3324 1569 3370 t
1596 3319 1930 3369 g'adviseert,
1956 3317 2152 3365 daerbij
2179 3314 2401 3361 Vongende
2429 3314 2513 3359 soo
2539 3309 2874 3358 Voorschreven
2900 3306 3040 3354 macht
3068 3301 3262 3350 Iubracq

1298 3434 1356 3481 d'
1384 3428 1527 3479 Crone
1554 3423 1952 3472 perijckelliex,
1981 3422 2123 3469 edoch
2149 3418 2236 3467 nit
2265 3418 2379 3465 vast
2406 3419 2464 3465 te
2492 3419 2805 3465 demedicren,
2832 3416 2919 3464 soo
2945 3413 3003 3460 d'
3032 3404 3202 3458 mags:t
3230 3402 3344 3448 daer

1293 3535 1428 3582 dicht
1454 3531 1535 3579 bij
1561 3528 1749 3575 teverde
1775 3530 1909 3576 wilde
1936 3530 2070 3576 Comen
2096 3529 2177 3575 sij
2203 3527 2365 3574 souden
2391 3527 2445 3573 d'
2470 3526 2632 3571 mooren
2657 3525 2712 3571 't
2738 3521 2873 3569 Hooft
2898 3518 3086 3565 bieder,
3112 3511 3329 3563 waerjnne

1290 3646 1348 3694 d'
1372 3636 1544 3691 Maijs.
1571 3637 1600 3682 t
1625 3629 1965 3680 toestemmende
1992 3631 2077 3679 was
2104 3633 2217 3679 sijn
2244 3632 2385 3678 leher
2413 3632 2610 3678 plaetse
2638 3633 2695 3680 In
2721 3628 3088 3679 slagideraijes
3113 3624 3341 3672 gouverno

1288 3739 1570 3795 getrocken,
1598 3737 1766 3784 alwaer
1793 3737 1878 3783 van
1905 3737 2018 3782 yder
2045 3737 2299 3784 ontfangen
2325 3740 2382 3787 Is
2409 3740 2718 3788 „schryvende
2745 3738 2801 3784 d'
2829 3736 3025 3783 Coninck
3053 3736 3109 3781 op
3137 3734 3194 3780 't
3221 3731 3362 3780 selve

1273 3844 1531 3902 Instandt
1562 3843 1724 3889 aende
1756 3841 2014 3888 neijcken
2045 3841 2111 3887 by
2142 3842 2367 3888 moesten
2399 3841 2817 3889 tegenwoordigh
2850 3842 2978 3888 niet
3010 3839 3204 3887 tegens
3235 3838 3336 3886 hem

1290 3947 1620 4002 attenteren,
1649 3947 1771 3994 maer
1800 3949 1890 3996 hem
1920 3950 2130 3996 t'hulpe
2157 3948 2339 3996 comen,
2369 3949 2489 3996 ofte
2518 3950 2789 3997 Cammatica
2818 3949 2968 3996 soude
2998 3948 3239 3995 verloren
3267 3945 3388 3995 gaen

1288 4058 1583 4105 aengaende
1614 4058 1779 4106 haere
1810 4058 2040 4111 questie
2073 4066 2172 4113 met
2202 4067 2302 4113 hem
2334 4066 2498 4112 soude
2530 4065 2662 4113 haer
2694 4067 2956 4114 daernaer
2989 4069 3088 4115 ten
3118 4070 3316 4119 vollen

1183 1610 1322 1666 AG
