3560 4937
1414 800 1587 849 Dagh
1629 792 1971 845 Register
2012 794 2268 844 wegens
2310 799 2396 846 't
2437 803 2905 851 gepasseerde

1564 1016 1759 1066 ancker
1790 1021 1856 1067 en
1888 1022 2050 1073 nader
2080 1028 2340 1078 uijtkoms
2371 1031 2436 1077 te
2468 1031 2825 1087 gemoetsien,
2855 1044 2921 1091 t'
2952 1047 3082 1094 geen
3114 1049 3244 1095 ohte
3275 1050 3373 1103 doo

1579 1167 1771 1214 swack
1808 1168 1925 1215 bij
1964 1170 2156 1219 quamp
2194 1174 2310 1221 dat
2348 1176 2425 1222 al
2464 1177 2733 1226 eermend
2771 1182 3080 1231 gedachte
3117 1188 3274 1237 weer

1825 1252 2050 1298 stiedt

1566 1307 1877 1361 stuckendt,
1908 1315 1970 1361 de
2001 1314 2282 1362 Jonckjens
2312 1318 2374 1364 en
2405 1317 2686 1364 Chiampans
2716 1319 2810 1364 die
2841 1317 2934 1364 bij
2964 1315 3027 1361 d'
3058 1314 3152 1359 Ed.
3182 1313 3214 1359 e
3245 1312 3308 1358 H.
3334 1310 3372 1358 r

1518 1444 1863 1497 Gouverneur
1896 1452 2103 1500 metter
2136 1455 2307 1504 haest
2341 1459 2444 1505 ons
2478 1458 2547 1505 te
2581 1458 2718 1505 hulp
2750 1451 3266 1505 affgeprestwaren
3299 1455 3339 1502 —

1586 1574 1760 1629 dorss
1793 1585 1932 1632 nogh
1965 1586 2035 1633 en
2069 1588 2208 1634 cond
2242 1590 2381 1640 niet
2413 1595 2518 1643 een
2552 1598 2656 1645 van
2690 1600 3001 1648 aenboordt
3035 1604 3173 1650 nogh
3207 1605 3317 1655 ons

1542 1723 1636 1769 bij
1665 1725 1850 1774 comen,
1880 1730 1973 1778 zoo
2003 1733 2095 1781 des
2125 1737 2340 1786 gelijcs
2371 1741 2463 1787 den
2493 1740 2617 1786 boot
2646 1742 2800 1792 vant'
2830 1747 3014 1794 fluijt
3045 1749 3200 1796 schip
3229 1752 3321 1798 den

1529 1874 1668 1925 zaem
1701 1882 1839 1928 (dat
1873 1884 2148 1940 weijnich
2182 1895 2321 1942 int'
2354 1898 2595 1948 inlopen
2629 1902 2836 1950 achter
2869 1904 2973 1949 ons
3007 1904 3214 1951 sijnde

1534 2029 1663 2079 noch
1693 2035 1790 2081 wel
1820 2037 1884 2084 en
1915 2040 2297 2093 geluckelijck
2327 2050 2454 2097 weer
2485 2050 2549 2096 t'
2581 2050 2676 2095 Zee
2707 2050 2771 2096 en
2803 2050 2866 2095 te
2897 2050 3025 2097 rugh
3056 2050 3247 2097 keerde
3278 2053 3313 2100 /

1541 2183 1704 2230 opden
1735 2183 1867 2230 hals
1899 2185 1965 2232 en
1997 2188 2128 2235 niet
2159 2191 2357 2241 anders
2387 2198 2583 2246 sonder
2615 2199 2680 2245 te
2713 2196 2908 2244 connen
2941 2196 3234 2245 aenboordt

1489 2310 1698 2369 comen,
1733 2324 1803 2369 de
1837 2325 1943 2375 wal
1973 2329 2219 2377 kreegh,
2253 2332 2462 2382 eghter
2495 2338 2670 2387 waren
2703 2341 2775 2387 al
2808 2344 3017 2391 eenige
3049 2346 3363 2395 Chiampans

1540 2476 1607 2526 t'
1637 2478 1860 2527 onderse
1890 2483 2048 2532 boven
2080 2487 2365 2537 geworpen,
2396 2493 2460 2539 en
2491 2495 2618 2543 twee
2649 2499 2934 2550 persoonen
2965 2504 3029 2549 en
3060 2504 3380 2561 Nederlandt

1534 2621 1726 2674 nevens
1757 2629 1853 2675 een
1884 2631 2106 2681 Chinees
2138 2636 2519 2687 verdroncken,
2551 2642 2647 2688 een
2678 2640 2837 2689 wirip
2868 2641 2965 2687 die
2995 2642 3091 2691 ter
3122 2647 3315 2697 Nauwer

1505 2769 1657 2822 Nloot
1687 2778 1748 2824 en
1777 2779 1898 2825 daer
1928 2780 2019 2825 bij
2049 2780 2171 2828 noch
2200 2784 2291 2830 een
2321 2785 2472 2831 twede
2502 2787 2683 2835 ancker
2713 2789 3045 2837 uijtkregen,
3075 2792 3229 2845 waren
3255 2802 3292 2852 —

1529 2916 1668 2964 niet
1700 2921 1974 2969 maghtigh
2008 2924 2179 2971 doort
2212 2926 2383 2977 hardt
2418 2932 2657 2988 storten
2690 2943 2760 2989 en
2793 2946 3032 2995 oranden
3065 2947 3169 2993 des
3202 2947 3343 2994 zees

1526 3074 1587 3120 de
1615 3077 1765 3126 wijle
1793 3080 1943 3127 ijder
1973 3081 2123 3127 stoot
2151 3082 2212 3128 de
2241 3082 2391 3128 leste
2421 3082 2481 3127 te
2510 3083 2661 3132 wesen
2689 3088 2898 3136 scheen,
2927 3087 3017 3133 het
3046 3082 3196 3133 Jaght
3225 3075 3316 3126 wat

1530 3209 1593 3257 op
1623 3211 1747 3256 diep
1778 3211 1932 3261 water
1963 3216 2056 3261 off
2086 3216 2180 3263 wel
2210 3219 2304 3265 eer
2333 3221 2488 3274 vant'
2518 3230 2704 3277 verder
2735 3232 2797 3277 op
2827 3230 3075 3277 schocken
3104 3225 3198 3274 des
3227 3222 3355 3269 wals

1425 3338 1492 3387 te
1524 3343 1655 3389 weer
1687 3343 1884 3394 houden
1916 3347 2080 3395 sulcs
2113 3350 2212 3396 dat
2244 3351 2474 3401 savonts
2505 3357 2931 3412 gelijckelijck
2963 3363 3226 3408 sooijder
3258 3363 3293 3409 —

1498 3479 1758 3534 vertrouw
1789 3490 2016 3538 alvoren
2048 3493 2405 3542 genoughsaem
2436 3499 2662 3545 geleert
2694 3498 2824 3545 had,
2855 3496 2953 3542 ons
2985 3495 3082 3540 met
3114 3495 3213 3543 den
3243 3500 3279 3547 —

1481 3616 1721 3672 gebeden
1753 3629 1856 3676 tot
1889 3631 2026 3678 Godt
2059 3633 2333 3686 begaren,
2359 3639 2467 3688 die
2501 3639 2603 3684 ons
2636 3635 2773 3683 oock
2805 3632 3011 3679 t'weer
3045 3633 3148 3680 ter
3181 3632 3388 3681 gewunc

1502 3754 1686 3808 stondt
1716 3763 1809 3809 soo
1838 3765 2052 3814 handigh
2083 3769 2357 3817 verleende
2387 3771 2449 3816 en
2479 3771 2632 3818 sulcs
2662 3773 2969 3830 bewaerden,
2998 3784 3090 3831 dat
3120 3785 3304 3836 smorg.
3333 3792 3370 3839 s

1507 3882 1724 3936 buijten
1755 3891 1878 3937 alle
1908 3888 2095 3937 opinie
2124 3889 2187 3937 s'
2214 3889 2374 3937 Jaght
2401 3895 2496 3943 met
2525 3899 2710 3948 Horten
2741 3903 2803 3948 en
2832 3902 3050 3949 stooten
3080 3901 3279 3949 doort'

1502 4020 1818 4069 wellandt
1856 4024 2172 4074 gegroeft
2210 4027 2290 4073 de
2328 4027 2447 4079 wal
2487 4034 2605 4080 soo
2644 4035 2960 4082 genadert
2999 4036 3117 4082 was
3154 4034 3197 4082 —

1505 4133 1574 4184 t'
1604 4141 1769 4193 volck
1801 4149 1900 4194 tot
1933 4149 2031 4195 hun
2064 4149 2264 4197 middel
2294 4154 2459 4202 onder
2491 4156 2557 4201 t'
2590 4156 2853 4203 galligen
2885 4156 3051 4203 staen
3083 4155 3149 4201 en
3181 4157 3314 4205 weer

2887 4286 3279 4339 naerlandt

641 304 669 350 1

689 277 891 339 Julio
929 272 1050 319 ao.
1090 271 1257 318 1646

2002 573 2181 622 pie

1919 445 2367 502 Jonckem

2926 453 3125 501 164
