3703 4773
1267 618 1340 664 dat
1363 618 1412 664 ue
1434 619 1531 666 veel
1554 622 1747 674 moeijten
1768 630 1817 676 en
1840 631 2031 679 tastidie
2054 634 2199 684 gehadt
2221 640 2342 689 heeft
2364 645 2461 692 voor
2483 649 2579 695 ende
2602 651 2721 698 aleer
2745 653 2794 698 d'
2817 654 2888 700 100
2912 655 3056 703 lasten
3078 658 3176 707 rijs
3198 663 3295 712 voor
3316 669 3413 717 gale
3435 672 3462 719 —

1365 706 1415 753 In
1439 705 1513 751 soo
1538 706 1686 754 corten
1709 710 1809 758 tijt
1832 714 1931 760 hebt
1954 714 2104 763 connen
2127 719 2374 774 versamelen
2396 730 2471 778 can
2495 733 2569 780 wel
2593 736 2668 781 aen
2691 737 2840 784 nemen,
2863 740 3159 793 diergelijcke
3182 748 3478 803 ongeneuchten

1376 787 1619 834 ontmoeten
1645 788 1728 833 ons
1753 789 1861 837 hier
1888 792 1996 840 meer
2022 796 2104 844 als
2130 799 2374 857 aengenaem
2399 813 2534 863 zijn,

1220 922 1276 970 d'
1300 916 1543 965 Insichten
1569 917 1676 964 waer
1702 920 1756 966 om
1782 921 1836 967 ne
1863 922 2023 970 Bergen
2049 926 2129 972 met
2156 927 2530 983 vrachtgoederen
2556 939 2744 989 geladen
2770 945 2823 991 en
2850 946 2931 992 een
2957 948 3091 996 moors
3117 952 3358 1004 scheepjen
3384 958 3464 1005 tot

1361 1004 1684 1055 overvoeringe
1710 1005 1843 1052 vande
1869 1007 1950 1054 100
1976 1009 2137 1056 laeten
2162 1012 2270 1058 rijs
2295 1014 2404 1063 voor
2428 1020 2536 1065 Gale
2561 1021 2748 1073 gehuirt
2774 1028 2909 1079 hebt,
2933 1034 3040 1080 zijn
3067 1035 3415 1087 considerabel,
3439 1043 3493 1089 en

1363 1099 1495 1150 heeft
1519 1097 1573 1144 uE
1597 1092 1702 1141 daer
1728 1092 1806 1137 bij
1832 1092 1935 1137 noch
1961 1092 2040 1137 een
2065 1093 2170 1140 goet
2194 1096 2327 1145 stuck
2350 1101 2481 1150 gelts
2506 1106 2637 1156 aende
2661 1112 2870 1162 vrachten
2895 1118 3130 1170 gewonnen,
3154 1126 3180 1171 E
3206 1126 3310 1173 doch
3335 1128 3416 1177 dat
3439 1132 3492 1180 uE

1369 1189 1507 1243 soude
1532 1181 1937 1233 geconstringeert
1964 1180 2126 1226 werden
2152 1181 2261 1228 onse
2287 1183 2504 1236 scheepen
2529 1192 2611 1239 met
2636 1194 3015 1253 vrachtgoederen
3040 1209 3096 1256 te
3121 1212 3284 1262 moeten
3309 1219 3474 1273 laden,

1362 1271 1602 1330 endmoorse
1627 1266 1890 1314 vaertuijch
1916 1266 1995 1311 tot
2021 1264 2338 1312 overvoeringe
2363 1268 2443 1317 van
2468 1273 2575 1321 onse
2599 1278 2995 1334 nootwendicheden
3020 1290 3336 1344 genootsaeckt
3361 1300 3495 1347 soude

1357 1371 1459 1420 zijn
1481 1367 1534 1414 te
1557 1357 1759 1410 huijren,
1782 1353 1909 1401 waere
1933 1351 2010 1397 een
2034 1350 2160 1397 groot
2185 1353 2261 1399 end
2285 1355 2412 1403 meest
2435 1359 2837 1415 onverdragelijcke
2861 1370 3138 1425 servituijt,
3162 1380 3239 1428 dat
3262 1384 3338 1431 sij
3363 1386 3490 1434 liede

1356 1456 1460 1506 daer
1484 1451 1588 1500 voor
1612 1443 1818 1495 stellen,
1842 1441 1894 1487 En
1919 1439 2098 1486 seggen,
2123 1440 2176 1487 t'
2200 1443 2457 1492 Timmerhout
2481 1448 2558 1494 bij
2583 1450 2814 1502 d'struijs
2838 1458 3044 1508 herwaert
3068 1464 3274 1516 gecomen,
3298 1472 3377 1521 tot
3399 1478 3451 1523 op

1363 1543 1591 1596 bouwinge
1617 1538 1705 1587 van
1733 1536 1819 1583 een
1847 1532 2104 1580 fortresse
2133 1532 2191 1579 op
2218 1534 2476 1581 Pareecque
2504 1537 2761 1587 gebruijct
2788 1542 2933 1593 soude
2960 1549 3160 1600 werden,
3188 1556 3446 1607 oordeelen

1362 1637 1443 1683 wij
1466 1630 1576 1681 niet
1601 1626 1710 1674 meer
1736 1624 1817 1670 als
1843 1621 2031 1669 basaers
2058 1620 2299 1668 praetjens
2325 1623 2433 1669 zijn
2459 1625 2594 1672 alsoo
2619 1628 2674 1674 de
2700 1630 2860 1676 mooren
2887 1631 2968 1679 met
2994 1635 3103 1684 onse
3128 1640 3343 1691 scheepen
3368 1646 3450 1694 van

1355 1728 1466 1782 hier
1490 1715 1653 1771 Costij
1678 1709 1974 1759 aengelangt,
2001 1708 2189 1754 genouch
2216 1708 2458 1755 contrarie
2484 1711 2645 1761 gesien
2671 1716 2861 1769 hebben,
2886 1725 2940 1771 en
2966 1726 3049 1775 wij
3074 1731 3262 1783 'tselve
3288 1737 3369 1783 tot

1355 1812 1622 1870 opbouwinge
1647 1808 1728 1856 van
1753 1805 1835 1852 ons
1860 1801 2074 1850 desolaet
2100 1799 2421 1845 neergevallen
2446 1801 2580 1848 huijs
2606 1804 2846 1853 dagelijcx
2871 1808 3192 1866 gebruijcken,
3217 1821 3299 1870 ten
3324 1826 3488 1880 andren

1341 1917 1426 1969 soo
1449 1903 1615 1960 slecht
1639 1898 1751 1946 niet
1776 1891 1913 1942 zijn,
1939 1888 1994 1935 en
2021 1887 2103 1933 wel
2129 1886 2266 1932 weten
2292 1888 2374 1933 dat
2401 1888 2483 1935 wij
2509 1890 2592 1936 van
2618 1891 2756 1939 andre
2780 1895 2999 1949 plaetsen
3025 1905 3134 1955 hout
3160 1910 3216 1956 en
3242 1912 3489 1968 meteriaen

1348 1997 1542 2055 becomen
1567 1986 1759 2040 connen,
1784 1981 1868 2029 als
1894 1979 1976 2025 wij
2003 1977 2085 2024 van
2112 1975 2330 2022 meeninge
2357 1976 2494 2022 waren
2520 1977 2685 2025 eenige
2711 1981 3013 2037 vasticheijt
3037 1993 3094 2041 op
3119 1997 3364 2048 lareecque
3392 2002 3446 2048 te

1345 2085 1611 2144 begrijpen,
1634 2077 1743 2128 mede
1767 2073 1848 2121 den
1873 2069 1980 2117 rijs
2006 2067 2086 2114 van
2111 2063 2324 2112 souratta
2351 2063 2430 2108 (om
2456 2063 2616 2109 tselve
2641 2065 2696 2112 te
2721 2068 3012 2125 provideren)
3038 2081 3145 2130 niet
3170 2086 3383 2138 behoeven
3408 2093 3468 2141 te

1350 2185 1538 2244 haalen,
1562 2171 1774 2228 connende
1799 2167 1854 2215 op
1879 2163 2011 2211 andre
2036 2159 2248 2207 plaetsen
2274 2159 2379 2204 mede
2405 2159 2485 2205 wel
2511 2160 2722 2209 becomen,
2747 2165 2854 2214 ende
2879 2170 3065 2220 noodich
3089 2176 3195 2224 sijn
3221 2179 3353 2226 hout,
3378 2180 3487 2229 allo

1345 2289 1400 2335 en
1424 2281 1533 2332 rijs
1557 2271 1719 2324 (alsoo
1745 2267 1799 2315 t'
1824 2263 1906 2311 ons
1931 2258 2119 2307 aengeen
2145 2254 2360 2302 scheepen
2386 2254 2494 2300 noch
2519 2255 2654 2303 volcq
2679 2259 2947 2312 manqueert)
2973 2268 3054 2315 van
3080 2271 3241 2319 batt=a
3266 2273 3481 2320 herwaert

1348 2373 1554 2432 brengen,
1577 2367 1655 2416 soo
1678 2362 1756 2410 dat
1780 2358 1858 2406 wij
1881 2355 1959 2402 dit
1983 2350 2086 2399 (als
2110 2348 2263 2395 vooren
2288 2348 2491 2395 geseght)
2517 2349 2619 2395 niet
2643 2351 2796 2398 anders
2821 2353 2898 2400 als
2922 2355 3024 2401 voor
3049 2357 3253 2406 krivool,
3277 2362 3329 2409 en
3353 2365 3484 2416 basae

1343 2459 1586 2519 praetjens
1610 2446 1826 2502 aennemen
1852 2441 2040 2491 connen,
2066 2440 2146 2486 dat
2172 2438 2254 2484 wij
2280 2439 2334 2485 t'
2359 2439 2547 2485 Eijlant
2573 2439 2654 2485 met
2680 2440 2708 2485 6
2733 2441 2787 2486 an
2813 2441 3135 2493 nederlanders
3160 2448 3295 2498 neven
3320 2453 3408 2502 een

1346 2551 1497 2607 prince
1520 2543 1671 2594 vlagge
1693 2536 1819 2586 beset
1843 2530 1993 2580 houden
2017 2526 2216 2575 geschiet
2241 2526 2315 2571 ten
2339 2524 2538 2570 respecte
2563 2524 2713 2570 vanden
2737 2526 2937 2576 persaen,
2960 2533 3011 2579 om
3035 2535 3111 2581 dat
3134 2537 3208 2584 den
3233 2539 3468 2589 portugees

1345 2642 1472 2694 (wien
1494 2636 1548 2685 d'
1570 2628 1698 2679 selve
1722 2620 1925 2672 dreijght
1949 2618 2000 2664 en
2024 2616 2100 2662 wel
2125 2612 2327 2660 opentljk
2351 2611 2453 2657 uijt
2478 2611 2604 2658 durst
2629 2612 2781 2660 seggen
2805 2616 3008 2668 Incorten
3031 2624 3158 2673 haren
3182 2629 3460 2680 weermeester

1346 2732 1427 2781 van
1451 2721 1611 2776 Orimis
1635 2711 1769 2765 wesen
1794 2705 1901 2755 sal,
1926 2702 2033 2749 daer
2058 2700 2165 2747 geen
2190 2696 2455 2744 rendevons,
2481 2697 2588 2744 ofte
2613 2700 2772 2748 gem=te
2798 2704 2983 2753 Eijlant
3009 2708 3115 2756 voor
3141 2712 3247 2759 haer
3273 2715 3355 2760 met
3378 2718 3405 2764 —

1349 2812 1533 2868 Innemen
1556 2799 1741 2855 sullen,
1764 2793 1845 2842 dat
1869 2788 2027 2837 gelove
2052 2786 2158 2833 naer
2183 2783 2288 2830 uijt
2313 2782 2418 2828 haer
2444 2780 2575 2826 hebbe
2601 2781 2759 2830 connen
2783 2786 3019 2839 vernemen,
3044 2795 3201 2844 zijnde
3226 2800 3464 2852 tverleden

1347 2897 1551 2953 saijsoen
1574 2890 1703 2940 Inden
1726 2882 1880 2933 heeten
1904 2877 2007 2926 tijt
2030 2874 2133 2921 hier
2158 2873 2184 2919 4
2208 2872 2235 2918 a
2260 2870 2286 2916 5
2310 2871 2463 2916 maelen
2487 2869 2565 2915 met
2589 2870 2743 2918 eenige
2766 2874 2996 2926 fergatten
3020 2881 3224 2932 geweest)
3248 2888 3400 2936 alware
3426 2891 3462 2936 —

1332 2984 1538 3040 geschiet
1561 2978 1640 3027 bij
1664 2970 1819 3022 aldien
1844 2967 1922 3014 met
1945 2965 1999 3012 d'
2023 2957 2280 3009 besettinge
2305 2956 2409 3002 niet
2433 2957 2716 3008 voorgecomen
2741 2963 2844 3010 was,
2869 2966 3023 3015 zijnde
3048 2970 3102 3019 d:
3124 2976 3331 3026 Eijlandt
3355 2981 3458 3028 voor

1339 3076 1451 3127 haer
1476 3067 1589 3120 seer
1614 3058 1865 3110 dienstich
1890 3053 1975 3102 bij
2002 3051 2086 3097 soo
2112 3049 2252 3096 verde
2278 3048 2528 3096 voornemen
2555 3051 2695 3099 ormus
2721 3055 2776 3101 te
2804 3056 3053 3105 besetten,
3080 3057 3109 3104 —

1326 3205 1408 3254 wij
1431 3197 1593 3247 sullen
1620 3197 1673 3242 uE
1699 3195 1887 3242 missive
1913 3196 1994 3241 als
2020 3197 2207 3243 factura
2233 3198 2314 3244 aen
2340 3199 2393 3245 de
2420 3200 2501 3245 H=r
2526 3201 2794 3249 Gouverneur
2820 3205 2927 3251 Joan
2953 3206 3167 3252 Thijssen
3193 3207 3462 3254 gecarteert

1344 3293 1423 3342 p=r
1447 3287 1601 3337 bergen
1627 3285 1729 3332 niet
1754 3282 2010 3330 versuijmen
2036 3282 2164 3328 voort
2189 3284 2240 3329 te
2266 3284 2420 3330 senden
2444 3286 2496 3332 de
2521 3288 2701 3335 factura
2725 3291 2855 3339 hebbe
2878 3296 3007 3344 reede
3032 3300 3109 3346 bij
3134 3301 3339 3348 Schiedam
3364 3298 3468 3345 ende

1352 3373 1605 3430 amsterdam
1630 3368 1743 3417 voor
1771 3366 2132 3414 uijtgesonden,
2159 3369 2216 3414 op
2242 3369 2327 3415 dat
2353 3370 2521 3418 daerop
2547 3374 2688 3423 staet
2714 3379 2799 3427 can
2825 3383 3048 3433 maecken,

1325 3499 1412 3547 Bij
1438 3493 1611 3544 aldien
1639 3492 1952 3539 verseeckert
1981 3493 2095 3539 ware
2123 3495 2323 3543 geweest
2350 3497 2494 3543 zijne
2521 3499 2665 3547 maj=t
2692 3502 2807 3550 geen
2835 3505 3034 3552 gesante
3062 3506 3177 3551 (als
3205 3506 3290 3552 ons
3319 3504 3462 3552 nader

1332 3588 1496 3636 „handt
1523 3584 1716 3632 aengesz
1742 3581 1907 3628 heeft)
1934 3580 2045 3626 naer
2071 3582 2237 3628 batt=a
2262 3584 2401 3631 hadde
2427 3587 2593 3636 willen
2618 3593 2784 3641 senden
2810 3597 2921 3644 maer
2947 3599 3030 3645 met
3056 3600 3139 3646 een
3166 3601 3331 3648 brieff
3357 3603 3442 3651 aen

1344 3684 1456 3734 hare
1484 3681 1623 3729 Ed=te
1650 3677 1818 3726 wilden
1846 3675 2069 3721 affsien,
2096 3673 2236 3719 soude
2263 3674 2319 3720 uE
2347 3675 2570 3725 reijnsb:
2597 3681 2681 3727 Com
2708 3682 2794 3730 met
2820 3686 3210 3744 vrachtgoederen
3237 3700 3460 3748 volladen

1342 3772 1645 3829 herrewaerts
1671 3770 1727 3816 te
1753 3768 1919 3815 comen,
1946 3768 2028 3813 die
2056 3768 2166 3813 daer
2193 3768 2303 3814 meer
2330 3770 2412 3816 als
2439 3771 2494 3817 Jn
2522 3772 2659 3819 conde
2686 3775 2825 3823 nemen
2850 3779 3181 3838 overgebleven
3207 3795 3345 3842 sijn,
3371 3798 3463 3848 wel

1334 3870 1626 3924 toegesonden
1650 3865 1838 3915 hebben,
1864 3865 1971 3911 doch
1995 3864 2130 3911 heeft
2154 3864 2315 3910 tselve
2341 3865 2475 3912 (hier
2500 3867 2634 3916 voren
2659 3872 2872 3923 gesecht)
2897 3878 3216 3936 wederhouden,

1138 4017 1172 4066 I
1197 4009 1257 4058 Is
1279 3992 1481 4049 vreempt
1509 3992 1594 4037 dat
1623 3991 1708 4037 den
1736 3991 2075 4041 ondercoopman
2104 3996 2246 4043 vande
2273 3999 2416 4047 rente
2443 4003 2557 4050 niet
2585 4005 2728 4054 gelet
2754 4010 2897 4059 heeft
2924 4015 3010 4062 Int
3037 4018 3293 4068 ontfangen
3320 4022 3462 4069 vande

1341 4081 1590 4137 contanten
1616 4079 1727 4126 uijt
1754 4079 2084 4132 valckenburch
2109 4088 2219 4133 ofte
2246 4088 2302 4135 d'
2328 4091 2547 4141 sackgens
2575 4096 2876 4148 behoorlijck
2903 4103 3014 4150 ende
3039 4106 3286 4159 geraseert
3313 4114 3467 4166 waren

3143 4227 3412 4276 tcompt
