3519 5189
951 473 1034 522 en
1074 473 1313 523 tegens
1352 474 1434 522 d'
1472 479 1553 525 E:
1592 481 1791 531 Comp.
1831 484 1872 529 e
1911 485 2150 535 sterck
2190 490 2471 543 maelken
2509 499 2789 552 souden,
2828 508 3029 560 welcq
3067 517 3228 571 oock

947 610 1134 658 nader
1170 610 1691 664 geconsidereert
1725 622 2059 672 hebbende,
2096 626 2282 674 waren
2318 631 2393 677 al
2428 633 2726 687 bevorens
2762 642 3099 701 maeslants

947 733 1310 782 Arrivement
1347 736 1456 782 van
1492 735 1820 785 resolutie
1856 741 2147 791 gewerden
2181 747 2330 798 geen
2364 755 2547 805 nieuw
2581 761 2873 816 Contract
2909 771 3020 822 met
3054 778 3280 840 gem=te

954 876 1224 936 Vrunden
1261 875 1339 921 in
1377 875 1454 921 st
1488 870 1682 922 Thome
1721 870 1798 916 te
1835 872 2143 927 maecken,
2177 881 2333 929 maer
2370 884 2676 936 eenelijk
2713 891 2792 939 t'
2828 896 2983 949 noch
3019 904 3289 952 weynige

947 1001 1322 1060 resterende
1359 998 1508 1045 inne
1545 998 1620 1043 te
1656 999 1991 1047 vorderen,
2028 1002 2177 1049 ende
2214 1003 2698 1058 middelerwijle
2734 1014 3219 1077 t'onderstaen,

946 1130 1053 1179 off
1087 1130 1194 1178 met
1228 1129 1440 1176 eenige
1473 1130 1757 1177 Inlants.
1792 1131 2145 1181 Coopluyden
2179 1137 2321 1183 daer
2355 1139 2603 1186 ontrent
2637 1142 2779 1189 Iets
2813 1146 3274 1211 proffitabeld.
3306 1170 3341 1215 r

945 1255 1016 1301 te
1051 1255 1400 1303 verrichten
1435 1258 1610 1305 soude
1644 1258 1784 1304 sin,
1819 1258 1959 1304 omme
1993 1260 2099 1306 ons
2133 1262 2273 1311 door
2307 1266 2658 1319 soodanigen
2691 1276 2833 1324 wegh
2865 1281 2973 1331 ten
3005 1289 3277 1344 rechten

942 1370 1143 1418 vander
1175 1373 1507 1423 portugesen
1540 1378 1805 1424 gedoente
1838 1378 1906 1426 t'
1937 1383 2302 1444 Informeren,
2335 1400 2467 1447 ende
2501 1402 2568 1448 by
2600 1404 2767 1455 nader
2798 1411 3199 1472 gelegentheyt

933 1498 1166 1555 vandaer
1198 1497 1428 1543 eenighe
1460 1497 1756 1547 schilders
1788 1503 2116 1556 haervaerts
2147 1513 2214 1563 te
2245 1519 2508 1576 trecken,
2540 1529 2640 1575 tot
2671 1531 2803 1579 dien
2835 1535 3001 1587 eynde
3030 1545 3131 1594 dan
3161 1551 3261 1600 den

926 1627 1398 1676 Ondercoopman
1437 1631 1637 1681 Arent
1672 1640 1792 1686 van
1830 1642 1949 1690 Tol
1987 1646 2145 1694 voor
2184 1650 2461 1703 geseyde
2498 1660 2774 1713 Maeslan
2811 1670 2892 1718 ts
2930 1674 3011 1723 ps
3045 1676 3365 1732 Arrivent

934 1742 1076 1790 naer
1110 1742 1182 1789 s.
1215 1744 1253 1790 r
1287 1746 1464 1794 thome
1498 1750 1887 1806 affgesonden
1920 1762 2167 1816 hadden,
2202 1771 2485 1824 Invougen
2516 1780 2625 1830 ons
2658 1786 2802 1840 daer
2834 1797 2976 1845 Jnne
3010 1801 3258 1857 volgens

937 1879 976 1925 u
1012 1877 1125 1926 Ed:
1162 1878 1501 1928 Jntentie,
1537 1885 1687 1933 ende
1722 1888 2212 1938 recommandatie
2248 1894 2363 1944 ten
2398 1902 2624 1955 besten
2660 1912 2849 1964 vand'
2884 1921 2961 1968 E.
2996 1924 3222 1976 Comp=e

939 2010 1243 2060 Gedragen
1280 2008 1545 2054 sullen,
1582 2008 1696 2055 dat
1734 2010 1886 2058 uEE:
1923 2013 2038 2060 ons
2074 2016 2378 2069 gelieven
2415 2026 2531 2076 toe
2564 2033 2642 2080 te
2679 2036 3057 2094 vertrouwen

940 2153 982 2201 u
1019 2150 1137 2199 Ed:
1173 2146 1486 2194 seriense
1523 2147 1757 2193 ordre,
1794 2147 1951 2194 omme
1989 2149 2146 2196 geen
2182 2153 2532 2209 portuges.
2570 2165 2726 2214 noch
2763 2169 2997 2223 mooren
3035 2175 3191 2227 meer

936 2273 1082 2324 Over
1117 2271 1190 2318 te
1225 2272 1476 2319 voeren,
1511 2271 1620 2318 sal
1655 2273 1800 2320 naer
1835 2276 2015 2323 desen
2050 2278 2266 2328 vrompt
2301 2283 2733 2346 achtervolcht
2766 2303 3018 2357 werden.

870 2530 993 2579 Bij
1031 2534 1114 2580 't
1154 2536 1642 2590 overgesonden
1682 2545 2089 2597 translaet,
2129 2550 2293 2598 uijt
2332 2554 2374 2600 t
2414 2556 2781 2610 schryvens
2820 2567 2943 2618 van
2982 2574 3348 2629 Chumanna.

941 2652 1093 2702 aen,
1129 2659 1318 2709 uEd:,
1354 2662 1544 2709 hebbe
1580 2665 1694 2712 met
1731 2668 2222 2721 verwonderingh
2258 2678 2560 2736 desselfs
2596 2692 3049 2755 onbeschaemde

909 2784 1394 2836 Verdichtselen,
1428 2785 1568 2832 ende
1602 2787 1847 2838 valsche
1878 2794 2262 2849 aenclachten
2295 2805 2539 2859 gesien,
2573 2816 2713 2868 ende
2745 2825 3026 2882 Gelesen,
3057 2840 3198 2890 doch

928 2898 1106 2947 Alsoo
1141 2898 1179 2944 u
1212 2900 1320 2948 Ed:
1355 2901 1534 2947 vant'
1569 2903 1890 2955 Contrarie
1925 2911 1997 2957 in
2032 2913 2318 2964 waerheyt
2352 2920 2497 2970 voor
2530 2926 2674 2978 dato
2708 2934 2816 2983 ten
2851 2938 3137 2990 genougen

928 3025 1004 3073 g'
1040 3023 1410 3074 Jnformeert
1447 3023 1559 3070 syt
1595 3024 1893 3072 geweest,
1928 3028 2264 3079 Oversulcx
2299 3036 2375 3084 op
2409 3040 2671 3095 geseyde
2706 3053 3117 3123 aenclachten

935 3147 1179 3202 geenich
1213 3146 1283 3192 t'
1317 3147 1525 3194 minste
1559 3149 1803 3198 reguard
1836 3151 1974 3199 (als
2008 3151 2426 3213 rechtmatich,
2456 3169 2666 3217 hebben
2699 3172 2978 3228 gelieven
3011 3184 3082 3232 te
3113 3188 3324 3246 nemen,

908 3271 976 3318 t'
1008 3271 1277 3319 gevolch,
1310 3269 1445 3316 &nde
1477 3268 1880 3315 d'uijtcomste
1913 3270 2014 3318 van
2047 3273 2317 3322 saecken,
2348 3279 2417 3325 d'
2449 3282 2618 3334 Nader
2650 3291 2919 3347 waerheyt
2951 3303 3154 3361 aenden

779 3411 987 3470 :dach
1025 3399 1405 3452 gebracht,
1442 3402 1569 3449 den
1611 3401 1904 3448 Coninck
1944 3402 2029 3450 d'
2069 3406 2612 3464 Maliversatien
2653 3419 2779 3469 van
2817 3424 3154 3481 Chumanna

932 3532 1260 3582 verdoemt,
1296 3533 1370 3580 's
1405 3534 1623 3580 Comp=s
1659 3535 1841 3582 recht
1878 3533 2023 3582 ende
2059 3532 2170 3579 ons
2205 3536 2495 3587 gedoente
2532 3542 2823 3590 volcomen
2858 3546 3368 3611 gejustificeert

932 3659 1149 3713 heeft,
1184 3660 1362 3706 achte
1396 3660 1540 3706 niet
1575 3659 1789 3705 nodich
1824 3659 1931 3705 ons
1967 3659 2429 3713 dienaengaende
2464 3668 2680 3718 verder
2714 3674 2787 3720 te
2820 3676 3213 3730 verclaren,

926 3785 1092 3832 maer
1133 3785 1504 3832 Eereli.jk
1543 3784 1628 3831 t'
1658 3781 1917 3832 Effect
1951 3782 2038 3831 op
2079 3783 2203 3829 syn
2243 3782 2532 3833 mayj=ts
2573 3789 2820 3839 gedane
2860 3794 3190 3842 beloften

926 3910 1119 3961 (hier
1154 3907 1347 3955 voren
1383 3900 1800 3954 aengeroert)
1836 3897 1952 3944 met
1988 3890 2330 3941 discretie
2367 3890 2483 3940 aff
2519 3897 2595 3943 te
2632 3899 2936 3951 wachten,
2973 3907 3278 3960 blyvende

924 4028 1447 4085 middelerwyle
1489 4025 1577 4072 d'
1619 4019 1838 4071 helft
1881 4017 2012 4064 van
2054 4015 2143 4061 s'
2185 4016 2403 4064 Stats
2446 4019 2838 4066 incomsten
2882 4018 3194 4068 (vooraf

922 4150 1309 4211 getrocken,
1347 4147 1426 4194 's
1464 4142 1658 4193 Comp.
1696 4141 1735 4187 s
1773 4138 2046 4186 verdere
2084 4135 2627 4183 gerechticheden
2665 4137 2822 4185 Ende
2858 4142 3169 4196 vereerde

934 4284 1161 4333 Tollen,
1193 4281 1323 4329 daer
1356 4280 1518 4326 voren
1550 4280 1648 4325 tot
1680 4281 1843 4327 nader
1875 4281 2168 4328 vereyjsch
2199 4281 2297 4327 van
2329 4282 2524 4331 reecq:
2556 4280 3013 4332 gesquestreert;

2732 4643 3165 4705 sedert
