3560 4937
2019 1154 2218 1202 Compt
2258 1155 2337 1202 pr
2376 1147 2735 1199 Transport
2773 1146 2818 1195 ƒ

1177 1239 1411 1288 ditto.
1448 1243 1566 1292 Met
1602 1248 1681 1294 de
1718 1246 1874 1293 beer
1911 1246 2068 1300 uijt
2105 1251 2338 1303 Tonkin

2371 1240 3346 1308 „257492„4„10

1200 1378 1424 1426 ditto.
1460 1382 1572 1429 Met
1606 1383 1682 1430 't
1719 1383 1905 1429 Jacht
1941 1385 2015 1430 de
2052 1385 2275 1432 seeros
2311 1385 2423 1431 van
2459 1382 2719 1429 Batavia
2755 1383 2794 1430 -
2829 1386 2867 1433 „
2903 1378 3349 1433 122814„19„8.

1014 1515 1154 1564 Aden
1188 1512 1293 1558 13.
1328 1512 1505 1559 ditto
1536 1517 1642 1565 Met
1677 1517 1747 1563 de
1781 1515 1991 1562 fluijt
2026 1516 2096 1562 de
2130 1517 2375 1563 Meerman
2410 1517 2550 1565 uijt
2583 1519 2829 1566 Tayouan
2864 1521 2900 1567 „
2933 1520 3144 1570 98429„
3174 1513 3355 1562 16„4„

1505 1661 1638 1713 Met
1680 1658 1766 1705 de
1808 1646 2067 1701 leerob
2110 1645 2283 1693 uijt
2325 1636 2673 1693 Taijouan
2712 1640 2758 1688 -
2794 1644 2845 1692 „
2882 1650 3143 1698 23335„
3186 1649 3324 1697 8„4

2121 1897 2409 1951 Somma
2464 1894 2523 1939 .
2578 1892 2637 1939 ƒ
2693 1893 3321 1948 900684„2„13

1922 1919 2023 1967 N

1513 2184 1657 2231 voor
1694 2186 1838 2232 alle
1874 2187 2091 2233 welcke
2127 2180 2525 2232 cargasoenen
2558 2177 2633 2223 't
2669 2176 2959 2225 Comptoir
2994 2181 3285 2228 generael

1503 2318 1804 2367 behoorlijk
1834 2318 2194 2364 gecrediteert
2224 2315 2314 2363 is,
2342 2311 2554 2358 gelijck
2583 2310 2853 2357 specifice
2883 2312 2973 2357 bij
3003 2311 3063 2357 't
3092 2308 3303 2356 extract

1498 2444 1784 2496 soedanich
1815 2443 2196 2490 ingeschreven
2228 2442 2451 2488 naerder
2481 2440 2546 2486 te
2577 2438 2706 2484 sien
2736 2441 2802 2486 is
2831 2443 2865 2490 —

1385 2641 1491 2691 P„r
1524 2640 1597 2687 't
1631 2639 2016 2688 fluijtschip
2050 2637 2122 2684 de
2155 2633 2297 2682 Salm
2331 2631 2437 2677 28.
2471 2630 2717 2677 augusti
2752 2632 2928 2678 voren
2963 2633 3314 2682 aengeroert

1483 2767 1816 2823 verschijnt
1849 2765 2047 2812 alhier
2079 2762 2179 2809 den
2211 2759 2278 2806 8.
2310 2758 2607 2804 verstegen
2639 2758 2838 2804 mijnen
2871 2756 3202 2803 verlosser—

1491 2896 1637 2945 door
1673 2896 1926 2944 welcken
1958 2891 2071 2941 mij
2107 2889 2215 2936 ter
2250 2884 2396 2934 hand
2432 2884 2614 2932 comen
2649 2887 2794 2934 uEd.
2830 2884 2975 2932 seer
3011 2878 3337 2929 aengename

1495 3025 1737 3074 missive
1770 3023 1909 3070 ende
1942 3016 2047 3066 bij
2081 3013 2391 3062 gevoechde
2425 3012 2770 3059 pampieren,
2804 3014 2941 3060 daer
2974 3012 3114 3059 uijt
3147 3012 3323 3059 onder

1488 3163 1734 3213 anderen
1765 3157 2045 3210 vernamen
2079 3153 2218 3201 UEd.
2252 3151 2530 3198 verhopen
2564 3150 2634 3197 de
2668 3148 2910 3194 boecken
2945 3145 3119 3192 desen
3152 3143 3292 3191 Jare

1485 3305 1590 3354 met
1623 3302 1762 3349 geen
1795 3294 2004 3346 minder
2038 3287 2279 3338 advance
2313 3284 2417 3331 als
2451 3282 2521 3329 't
2554 3277 2865 3326 voorleden
2900 3277 3038 3322 Jaer
3072 3278 3349 3328 gesloten

1471 3435 1643 3481 mogen
1676 3429 1917 3479 werden,
1950 3425 2054 3473 dat
2088 3414 2396 3468 insgelijk
2429 3410 2533 3458 van
2567 3407 2774 3455 herten
2807 3407 3150 3457 wenschten,
3184 3412 3323 3464 maer

1466 3583 1665 3636 sullen
1695 3574 1894 3626 echter
1925 3565 2124 3618 tegens
2156 3556 2452 3609 sodanigen
2485 3555 2683 3601 goeden
2715 3555 2847 3600 hoop
2879 3553 2946 3600 op
2978 3547 3110 3597 veel
3142 3544 3208 3590 na
3241 3544 3274 3589 —

1467 3720 1540 3771 om
1575 3706 1956 3765 verscheijde
1990 3695 2303 3748 respecten
2336 3697 2406 3743 de
2440 3691 2718 3742 verleden
2752 3689 2960 3736 Jarige
2995 3689 3238 3735 winsten
3270 3687 3308 3734 —

1467 3855 1608 3906 niet
1641 3849 1817 3897 mogen
1847 3835 2236 3894 bereijcken,
2269 3830 2375 3879 ten
2409 3827 2654 3873 eersten
2689 3824 2934 3872 vermits
2968 3822 3038 3868 't
3073 3821 3250 3868 aenge

1451 3982 1699 4036 brachte
1730 3976 2048 4027 capitael,
2083 3973 2365 4022 ongeveer
2397 3979 2433 4024 ƒ
2468 3975 2713 4026 550000.
2746 3965 2958 4017 minder
2992 3960 3133 4009 comt
3167 3953 3238 4003 te

1453 4112 1706 4161 monteren
1737 4111 1864 4156 vele
1895 4106 2148 4155 goederen
2178 4102 2306 4150 uijt
2336 4103 2589 4154 Taijouan
2619 4107 2715 4154 als
2746 4098 3062 4151 suijckeren
3093 4098 3346 4144 kennippe

1447 4243 1704 4294 Lijwaten
1736 4248 1864 4294 ende
1896 4243 2056 4292 rouwe
2088 4239 2281 4288 sijde,
2312 4239 2633 4287 mitsgaders
2664 4240 2730 4287 de
2759 4242 3081 4289 parsiaense
3113 4242 3274 4291 sijde

2823 4388 3254 4438 monteren

762 265 947 323 Julio
983 262 1094 309 ao.
1130 258 1284 306 1646

1409 787 1590 836 Dagh
1634 783 1990 833 Register
2034 783 2301 836 wegens
2344 791 2435 838 't
2478 795 2974 851 gepasseerde

1965 566 2238 615 pie

1956 439 2404 493 Jonckem

2953 445 3219 496 1646
