3505 4869
2425 928 2642 977 1453

2421 1080 2611 1132 1049

2152 3397 2285 3453 W

812 1221 963 1276 Wij
1010 1218 1305 1265 Robert
1353 1215 1697 1264 Crammer
1742 1211 2235 1260 opperhooft
2284 1211 2431 1258 der
2480 1209 2678 1258 oude

793 1301 1046 1351 Engelsz
1082 1301 1334 1348 Comp=es
1370 1301 1622 1348 Negotie
1658 1302 1730 1347 in
1765 1302 2018 1350 Bassora
2054 1304 2198 1353 ende
2233 1309 2450 1355 Thomas
2485 1303 2667 1353 Cogan

796 1381 1154 1428 mitsgaders
1190 1382 1441 1429 william
1475 1384 1655 1430 weale
1690 1385 2013 1435 marchants
2048 1391 2156 1437 ten
2190 1392 2441 1438 dienste
2475 1392 2692 1440 voorss

805 1463 1098 1509 verclaren
1131 1464 1228 1510 ten
1261 1465 1553 1511 versoecke
1585 1466 1748 1513 vande
1780 1468 1944 1516 Coopl
1975 1473 2138 1521 dirck
2169 1476 2462 1523 Sarcerius
2494 1477 2625 1525 ende

800 1547 993 1598 gillis
1025 1549 1121 1595 van
1153 1549 1410 1594 Dulcquen
1441 1550 1763 1595 mitsgaders
1794 1550 1891 1596 den
1922 1551 2179 1605 schipper
2210 1560 2371 1609 dirck
2403 1565 2694 1617 Cornelisz

805 1643 937 1688 Haen
970 1642 1102 1688 ende
1133 1639 1530 1687 ondercoopman
1563 1640 1827 1687 Nicolaes
1859 1640 2058 1687 vander
2091 1642 2288 1689 Cappen
2321 1644 2420 1690 bij
2453 1642 2586 1689 onse

800 1729 969 1777 manne
1002 1727 1304 1773 waerheijt
1337 1727 1404 1773 in
1438 1728 1639 1775 plaets
1672 1730 1807 1776 ende
1840 1729 2008 1776 onder
2041 1729 2410 1776 presentatie
2444 1731 2544 1777 van
2577 1728 2679 1778 Ede

806 1817 926 1865 (des
956 1815 1075 1862 noot
1104 1812 1313 1861 zijnde)
1343 1811 1432 1857 hoe
1462 1811 1641 1858 waerl.
1670 1813 1849 1859 gesien
1878 1814 1998 1861 ende
2027 1816 2176 1862 inder
2206 1817 2325 1863 daet
2354 1816 2629 1864 bevonden,

809 1903 1005 1950 hebben
1036 1902 1135 1948 dat
1168 1902 1266 1947 gem
1297 1899 1691 1947 requiranten,
1722 1902 1788 1947 op
1820 1902 1886 1948 't
1918 1902 2244 1948 affbranden
2277 1902 2440 1948 van't
2473 1902 2636 1949 Jacht

807 1993 877 2042 d'
909 1989 1178 2037 schelvis
1211 1988 1312 2033 ter
1345 1987 1547 2033 rheede
1579 1987 1847 2033 gemelter
1881 1988 2049 2035 stede
2081 1990 2384 2036 soodanich
2416 1992 2517 2039 aen
2550 1995 2685 2044 aen¬

806 2080 1050 2128 gesicht,
1079 2078 1264 2125 handen
1295 2077 1417 2123 ende
1447 2076 1631 2122 anders
1661 2076 1967 2122 verbrandt,
1997 2077 2120 2123 daer
2150 2079 2243 2125 van
2271 2081 2516 2127 gebracht
2547 2082 2670 2129 sijn

795 2169 1094 2221 geworden,
1126 2168 1226 2214 dat
1259 2169 1358 2215 met
1392 2167 1623 2214 capabel
1655 2166 1756 2212 van
1788 2165 2020 2210 eenigen
2053 2165 2253 2212 dienst
2285 2168 2352 2213 in
2384 2169 2682 2216 soodanige

810 2255 1193 2304 gelegenth=t
1226 2254 1471 2301 noodich
1505 2255 1575 2300 te
1610 2253 1819 2300 connen
1853 2254 2202 2303 presteeren
2235 2258 2480 2304 geweest
2514 2259 2688 2305 zijn,

813 2350 1052 2399 'twelck
1085 2349 1223 2395 oock
1257 2349 1326 2394 al
1358 2346 1565 2392 eenige
1598 2344 1769 2390 dagen
1803 2343 2248 2390 gecontinueert
2281 2345 2487 2392 heeft,
2520 2348 2660 2398 doch

805 2438 1079 2493 niettemin
1108 2437 1169 2482 d'
1198 2438 1469 2484 stuijrlj.
1499 2439 1619 2484 ende
1648 2438 1980 2484 adsistenten
2009 2439 2279 2485 ongequest
2309 2438 2489 2484 zijnde
2519 2436 2609 2483 tot

808 2524 1204 2576 betrachtingh
1236 2526 1334 2571 des
1367 2526 1597 2572 meesten
1629 2524 1826 2571 Comp=s
1859 2524 2056 2571 dienst
2088 2526 2416 2573 gemandeert
2449 2528 2684 2576 hebben,

803 2639 901 2688 Tot
932 2631 1286 2682 verificatie
1318 2630 1415 2676 dan
1447 2629 1544 2675 van
1575 2629 1640 2674 't
1672 2629 1866 2675 geenne
1897 2631 2123 2677 voorss.
2154 2633 2316 2679 desen
2347 2635 2542 2685 onder¬

807 2722 1211 2770 presentatie
1247 2720 1358 2766 als
1393 2718 1577 2765 boven
1614 2717 1724 2762 met
1760 2715 1907 2762 onse
1942 2715 2383 2763 gewoonlijcke
2419 2718 2566 2764 hant

814 2809 1282 2857 teeckeningen
1320 2809 1827 2856 onderteeckent
1866 2808 2139 2855 hebben/

799 2938 985 2988 Inde
1031 2938 1263 2983 Stadt
1309 2935 1633 2984 Bassora
1680 2935 1913 2982 Desen
1957 2939 2190 2987 25en.
2231 2935 2610 2988 Januarij

806 3051 895 3099 Ao.
923 3049 1070 3096 1646.
1097 3053 1189 3104 Wee
1211 3063 1416 3118 affirme
1445 3069 1503 3115 to
1532 3069 1590 3114 ye
1619 3069 1764 3115 abone
1793 3068 1997 3114 wrytten
2026 3069 2084 3114 in
2112 3068 2258 3114 Dutch
2287 3069 2376 3115 soe
2403 3071 2550 3118 faras
2576 3072 2638 3119 it

1261 3134 1424 3182 agrees
1450 3131 1558 3178 with
1585 3130 1639 3176 ye
1666 3130 1802 3177 given
1827 3132 1936 3178 them
1962 3134 2017 3180 in
2042 3135 2232 3182 English

2097 3231 2334 3289 Robert
2373 3227 2655 3287 Crammer

2129 3331 2317 3380 Thomas
2347 3330 2505 3379 Cogan

2149 3437 2256 3485 Wm:
2291 3437 2467 3486 Weale

268 3413 560 3461 verclaren
592 3416 691 3462 wij
722 3418 1047 3467 ondergess.
1079 3422 1176 3467 ons
1209 3422 1307 3468 met
1338 3423 1436 3470 den
1468 3424 1664 3473 Inhout
1695 3429 1793 3475 van
1825 3430 1987 3483 boven

272 3490 498 3537 staende
530 3492 851 3544 attestatie
883 3499 948 3545 te
979 3501 1397 3552 confirmeeren,
1428 3508 1494 3554 't
1525 3510 1750 3560 selvige
1782 3515 2167 3564 waerachtich,

264 3561 328 3609 en
358 3565 452 3611 wij
483 3566 579 3613 die
608 3570 734 3616 hier
765 3572 922 3621 boven
952 3577 1078 3623 gen:
1108 3579 1391 3633 persoonen
1421 3589 1547 3638 (tot
1577 3593 1953 3643 betrachtinge
1983 3597 2085 3645 van

258 3637 499 3690 welgem:
532 3646 909 3706 Nederlantsz
941 3662 1353 3716 Oostindische
1385 3672 1625 3721 Comp=es
1659 3676 1898 3723 meesten
1932 3678 2171 3728 dienst,

256 3722 644 3774 gemandeert)
678 3731 749 3778 te
781 3733 959 3783 wesen
993 3739 1204 3789 Twelck
1238 3745 1415 3795 oock,
1448 3752 1554 3798 met
1588 3753 1730 3800 Eede
1764 3756 1834 3802 te
1869 3757 2223 3811 bevestigen

261 3805 322 3852 't
351 3808 502 3855 allen
531 3810 713 3856 tijden
741 3812 953 3863 bereijt
981 3819 1193 3868 blijven

259 3913 460 3961 aldus
493 3915 898 3963 gepasseert
937 3919 1058 3968 ter
1095 3924 1337 3974 steede
1375 3931 1535 3977 dage
1575 3932 1736 3980 en:e
1773 3937 1973 3984 Jaere
2012 3937 2132 3983 als
2172 3938 2436 3986 boven,

1427 4050 1771 4108 michiel
1818 4046 2066 4095 wilms

1413 4144 1681 4193 Gerrit
1724 4139 2126 4188 Waterman,

1423 4241 1775 4290 Johannes
1810 4245 2297 4294 Schaelkens,

1418 4295 1745 4345 leendert
1784 4299 2152 4349 Pietersen

1412 4368 1561 4415 Jan
1601 4383 2050 4441 Korstrsen

125 1028 252 1078 cere

1397 742 1565 798 eeren

0 2657 184 2709 sius
