3567 4883
1223 698 1458 748 welcken
1491 700 1759 747 vercoop,
1793 699 1927 745 niet
1960 697 2162 744 willen
2194 699 2531 749 dubiteeren
2563 705 2665 755 off
2696 709 2799 756 sal
2831 710 2898 755 v.
2932 710 3000 757 E.
3032 712 3133 759 d:o
3166 714 3303 762 naer
3334 719 3402 765 de

1286 776 1518 825 presente
1546 774 1864 821 constitutie
1892 775 1979 821 wel
2005 775 2240 829 gevallen
2265 786 2304 835 /

1228 906 1295 955 't
1325 912 1648 960 verrichten
1680 913 1776 958 der
1807 910 2066 958 Engelsch
2098 910 2358 961 vrunden,
2387 918 2452 964 is
2484 919 2581 966 van
2613 922 2807 971 cleene
2838 926 3097 973 Importo,
3128 927 3401 974 hebbende

1289 1001 1494 1047 'tsedert
1518 1001 1570 1046 't
1595 999 1799 1046 vertrecq
1823 997 1900 1043 van
1926 997 2002 1042 hun
2028 997 2155 1045 Jacht
2180 1001 2434 1051 d'advijso,
2460 1006 2562 1053 niet
2587 1009 2816 1056 Jnnerlijk
2841 1011 3096 1060 verlangen,
3121 1014 3223 1060 naer
3248 1014 3401 1061 eenich

1288 1090 1516 1143 ontseth,
1543 1088 1628 1135 soo
1656 1088 1741 1134 van
1768 1086 1966 1133 Europa,
1994 1086 2079 1132 als
2106 1087 2304 1137 Bantham
2331 1093 2837 1143 (Edochtevergeefts)
2865 1098 3175 1149 uijtgesien,
3202 1104 3407 1157 wijnich

1287 1179 1362 1227 int
1385 1171 1635 1223 negotieren
1657 1173 1732 1219 der
1757 1173 1955 1219 lijwaten
1979 1175 2202 1222 verricht,
2226 1176 2277 1222 't
2300 1177 2400 1223 geen
2424 1179 2573 1226 gedaen
2597 1181 2746 1228 hebben
2770 1184 2819 1229 is
2844 1184 2969 1231 meest
2992 1187 3091 1234 voor
3116 1189 3413 1242 particuliere

1293 1261 1498 1311 geweest
1527 1261 1644 1307 haer
1672 1263 1906 1309 Comptoir
1934 1265 1993 1311 in
2022 1267 2371 1315 wierwasserom
2400 1270 2575 1317 hebben
2604 1272 2721 1320 door
2750 1275 2954 1321 gebreck
2982 1277 3070 1322 van
3099 1277 3333 1326 requisit

1297 1349 1521 1398 Capitael,
1545 1348 1745 1394 gelicht,
1769 1348 1870 1394 ende
1894 1350 2069 1397 niemant
2093 1353 2242 1399 anders
2267 1353 2342 1400 als
2366 1355 2442 1401 een
2466 1356 2716 1406 assistent,
2740 1362 2815 1408 tot
2839 1364 3014 1411 opsicht
3038 1367 3163 1414 vande
3187 1369 3418 1422 huijsinge

1300 1435 1531 1482 derwaerts
1555 1430 1787 1481 gelaeten,
1812 1431 1889 1478 soo
1915 1433 1992 1479 dat
2017 1434 2069 1479 nu
2094 1435 2147 1482 t'
2171 1438 2376 1486 eenemael
2401 1441 2505 1487 stil
2529 1443 2709 1494 sitten,
2734 1450 2838 1497 ende
2862 1454 2940 1502 wat
2965 1458 3042 1504 sij
3067 1459 3145 1507 met
3169 1462 3222 1510 de
3246 1465 3401 1513 comste

1299 1518 1456 1564 vanden
1482 1519 1718 1565 president
1743 1520 1900 1566 Backer
1926 1521 2031 1566 (die
2057 1521 2241 1571 dagel:k
2266 1527 2370 1574 hier
2396 1529 2606 1578 verwacht
2631 1534 2764 1581 wert)
2788 1537 2946 1587 sullen
2971 1543 3287 1599 onderneemen,
3310 1556 3415 1605 wert

1288 1613 1340 1660 V.
1364 1612 1416 1658 E.
1440 1612 1492 1658 d.
1516 1613 1542 1658 o
1567 1613 1795 1658 naerdesen
1820 1614 1998 1660 perfect
2022 1616 2377 1668 aengecundicht,
2401 1623 2528 1672 geven
2552 1627 2681 1677 groot
2704 1632 2781 1678 op,
2805 1633 2933 1680 Edoch
2957 1635 3009 1681 op
3033 1637 3186 1683 ineren
3210 1638 3261 1683 't
3286 1638 3389 1687 maer

1286 1698 1378 1744 haer
1401 1698 1493 1744 oude
1516 1699 1747 1745 Costuijmen
1769 1700 1885 1746 sijn,
1908 1701 2001 1746 ende
2023 1702 2093 1747 soo
2115 1703 2208 1749 veel
2230 1705 2323 1752 niet
2345 1707 2577 1757 beschieten
2598 1713 2691 1760 sal,
2714 1715 2760 1760 't
2783 1715 2946 1764 gevolch
2967 1721 3037 1768 sal
3059 1723 3130 1772 den
3151 1728 3245 1775 tijt
3266 1731 3412 1785 leeren

1290 1781 1467 1830 meester
1491 1780 1719 1826 pinneston
1744 1781 2074 1833 Jegenwoordich
2098 1788 2377 1838 opperhoofft
2401 1793 2554 1842 alhier
2578 1798 2705 1846 staet
2729 1802 2883 1852 binnen
2905 1808 2935 1855 4
2956 1812 2982 1858 a
3006 1812 3059 1860 5:
3082 1816 3236 1867 dagen,
3259 1823 3311 1869 om
3335 1825 3412 1873 den

1284 1870 1415 1918 Agent
1441 1870 1597 1915 Eijven
1624 1870 1676 1916 in
1701 1871 2015 1921 madrespats:m
2040 1876 2092 1922 te
2118 1877 2379 1926 verlotsen,
2404 1881 2484 1928 met
2508 1884 2588 1931 hun
2613 1887 2745 1935 Jacht
2768 1892 2822 1939 op
2846 1896 2927 1945 5:e
2951 1902 3083 1953 deser
3107 1909 3187 1957 van
3211 1913 3352 1965 peguw

1292 1957 1516 2005 (hebbende
1541 1957 1715 2003 ontrent
1739 1959 1790 2006 1
1814 1961 1913 2007 Jaer
1938 1961 1989 2009 op
2012 1965 2062 2010 d'
2086 1966 2236 2015 reijse
2259 1970 2310 2015 't
2334 1971 2459 2018 soecq
2483 1974 2682 2022 gebracht
2706 1977 2756 2023 te
2780 1979 2905 2028 deser
2929 1984 3054 2034 reede
3077 1990 3376 2050 geparesseert

1280 2045 1392 2093 ende
1419 2045 1558 2092 eenen
1584 2046 1670 2092 M:r
1695 2048 1862 2094 Winter
1889 2049 2111 2097 geweesen
2138 2052 2277 2098 hooft
2304 2053 2360 2099 in
2387 2054 2747 2110 wierwasserom,
2774 2066 2859 2116 die
2885 2072 2941 2117 in
2967 2073 3163 2125 gemelte
3188 2081 3412 2135 pinneste

1270 2140 1467 2189 plaetsz
1494 2139 1634 2185 weder
1661 2141 1940 2189 succederen
1967 2145 2079 2191 sal,
2106 2146 2357 2194 derwaerts
2384 2149 2441 2195 te
2468 2151 2774 2209 vertrecken.
2801 2160 2858 2208 /.

1228 2347 1331 2394 Bij
1363 2344 1536 2392 desen
1571 2344 1742 2390 staet
1776 2345 1845 2391 u.
1879 2345 1948 2391 E.
1981 2347 2085 2394 d:e
2119 2350 2257 2398 mede
2290 2353 2394 2400 toe
2427 2356 2496 2402 te
2530 2358 2702 2409 comen
2735 2365 3044 2420 diversche
3078 2376 3388 2430 pampieren

1275 2437 1398 2485 ende
1427 2434 1641 2482 verdere
1670 2432 2006 2479 documenten,
2036 2434 2189 2484 vand,
2218 2440 2280 2486 E.
2309 2442 2401 2488 H:r
2431 2443 2675 2491 gouvern.
2705 2447 2736 2492 r
2765 2448 2949 2499 Arnold
2978 2455 3224 2511 Henssen,
3251 2467 3374 2515 ende

1273 2529 1361 2576 den
1389 2525 1650 2575 directeur
1677 2523 1823 2570 Arent
1851 2522 2113 2568 Barentsz,
2141 2523 2199 2570 in
2228 2525 2431 2575 Zuratte
2459 2531 2546 2576 aen
2574 2531 2634 2578 V.
2661 2535 2720 2581 E.
2748 2536 2807 2583 d.
2835 2538 3183 2594 gededuceert,
3210 2550 3391 2602 aenden

1270 2616 1486 2663 inhouden
1511 2612 1754 2660 derselver
1779 2612 1942 2658 sullen
1968 2614 2048 2660 ons
2075 2615 2155 2660 (om
2182 2615 2370 2660 rediten
2397 2615 2452 2661 te
2477 2617 2772 2670 excuseeren)
2799 2625 3094 2677 gedragende,
3120 2633 3364 2690 mitsgad:s

1260 2704 1380 2754 twee
1409 2708 1709 2756 pasporten,
1736 2710 1828 2757 van
1858 2710 2126 2756 Capiteijn
2155 2709 2276 2755 Hans
2305 2710 2485 2757 Jurgen
2514 2713 2783 2760 kerckman,
2812 2716 2902 2764 die
2931 2719 3051 2767 niet
3080 2722 3414 2786 geausentijt

1271 2812 1413 2859 sijn,
1440 2810 1525 2857 als
1553 2810 1862 2856 alleenelijk
1890 2811 1975 2857 den
2002 2813 2143 2859 eenen
2171 2814 2256 2860 met
2283 2815 2368 2861 een
2395 2816 2621 2864 simpelen
2648 2820 2790 2866 naem,
2817 2822 2930 2869 ende
2957 2825 3238 2873 onderstont
3267 2827 3407 2873 Uwbae

1267 2909 1354 2955 van
1383 2908 1645 2954 zijnbagh,
1673 2909 1760 2954 den
1789 2909 1992 2956 anderen
2021 2911 2342 2960 ongeteekent
2370 2916 2545 2964 Joff:r
2573 2920 2777 2969 anneken
2805 2925 2980 2971 seght,
3008 2926 3126 2972 geen
3153 2927 3329 2975 andere

1261 3005 1529 3053 pamipieren
1555 3004 1635 3051 bij
1661 3002 1742 3048 hem
1767 3003 1875 3050 naer
1900 3007 2008 3056 sijn
2032 3011 2299 3060 overlijden
2325 3013 2538 3060 gevonden
2565 3014 2618 3059 te
2644 3015 2831 3064 hebben.
2857 3020 2911 3066 /.

1112 3266 1348 3317 Mamet
1392 3259 1580 3309 sala
1627 3255 1861 3304 Moors
1906 3254 2235 3303 Coopman
2279 3259 2420 3306 van
2467 3261 2607 3308 a:o
2653 3264 2887 3314 1644,
2933 3269 3121 3315 inde
3166 3271 3400 3320 maent

1225 3358 1370 3414 Meij.
1397 3353 1485 3402 met
1510 3346 1712 3396 'tschip
1740 3345 1826 3391 11.
1854 3344 2111 3392 amsterdam
2139 3347 2255 3393 naer
2282 3349 2453 3394 Eorste
2481 3350 2823 3402 geravigeert,
2851 3357 2909 3405 is
2937 3360 3193 3409 daercomen
3222 3364 3279 3409 te

1259 3436 1561 3486 overlijden,
1588 3436 1697 3482 ende
1725 3435 1944 3481 desselfs
1971 3435 2272 3482 naergelaten
2299 3436 2546 3486 goederen,
2572 3441 2656 3489 met
2681 3445 2765 3492 een
2791 3448 2983 3495 sijnder
3009 3450 3229 3498 kinderen
3255 3454 3365 3501 ende

1260 3531 1397 3584 slaef
1424 3531 1532 3577 (soo
1558 3529 1612 3575 de
1638 3529 1827 3575 vrunden
1854 3530 1989 3576 weten
2015 3530 2097 3576 ons
2123 3531 2177 3576 te
2203 3531 2392 3579 seggen)
2418 3534 2554 3583 onder
2579 3539 2634 3585 op
2660 3541 2795 3587 sicht
2821 3542 2983 3590 vanden
3009 3546 3252 3598 Ontfanger
3278 3553 3359 3598 tot

1266 3618 1456 3670 batavia
1483 3618 1591 3663 sijn
1618 3617 1836 3665 gestelt,
1862 3621 1944 3669 soo
1970 3624 2187 3672 versoect
2214 3627 2350 3673 sijne
2377 3628 2676 3681 naergelaten
2702 3637 2892 3689 weduwe,
2919 3644 3001 3691 als
3026 3648 3164 3700 sijne
3189 3656 3384 3706 verdere

1261 3713 1439 3762 vrunden
1463 3714 1513 3759 op
1538 3714 1588 3760 u.
1613 3715 1663 3760 E.
1687 3715 1762 3761 d:o
1787 3716 1862 3761 dat
1887 3716 1938 3763 d'
1961 3719 2186 3767 goederen,
2211 3722 2461 3773 mitsgaders
2484 3728 2585 3777 sijn
2609 3733 2835 3783 soontgen,
2859 3739 2958 3784 ende
2983 3739 3183 3789 desselfs
3208 3744 3384 3792 slaeff,

1253 3829 1339 3876 met
1365 3826 1424 3874 de
1450 3824 1621 3870 eerste
1649 3826 2044 3873 presenteerende
2072 3828 2440 3878 gelegentheijt
2467 3833 2552 3880 (om
2579 3835 2666 3881 des
2692 3838 2975 3890 overledens
3003 3846 3317 3904 debiteuren,

1257 3931 1420 3977 alhier
1446 3930 1635 3977 sijnde,
1662 3929 1879 3975 daeruijt
1906 3929 1960 3974 te
1987 3929 2204 3977 voldoen)
2229 3932 2366 3978 mogen
2392 3934 2636 3986 herwaerts
2662 3941 2879 3993 gesoaden
2905 3949 3096 3999 werden,
3119 3952 3203 4000 tot
3229 3952 3339 4001 dien

1256 4041 1464 4088 eijnde,
1494 4041 1613 4088 ende
1642 4039 1732 4086 tot
1761 4039 1969 4085 meerder
1999 4038 2505 4085 verseeckertheijt,
2534 4039 2713 4090 hebben
2742 4044 2861 4090 (int
2891 4045 2981 4091 wel
3010 4047 3189 4096 neemen
3217 4051 3307 4099 van

1256 4151 1325 4198 V.
1358 4149 1427 4195 E.
1461 4148 1530 4194 d.
1562 4145 1598 4192 )
1631 4144 1734 4191 een
1767 4144 2006 4190 dienaer
2038 4143 2347 4190 genaempt,
2381 4145 2756 4195 Hagiemossa,
2788 4150 2859 4196 om
2891 4152 2960 4199 op
2993 4153 3370 4203 meergemelte

1249 4253 1506 4307 goederen
1536 4252 1601 4298 op
1631 4252 1761 4301 sich
1791 4256 1855 4303 te
1886 4255 2109 4302 neemen,
2141 4257 2236 4302 met
2268 4257 2396 4303 dees
2427 4259 2618 4308 fluijt
2649 4262 2936 4311 derwaerts
2967 4266 3032 4313 te
3063 4268 3381 4324 vertrecken

3053 4391 3380 4446 gelicentt:
