3505 4801
2766 488 2942 539 1011

831 588 874 637 d
906 593 950 641 o
988 594 1145 640 novo
1184 594 1263 639 te
1302 593 1694 639 verbinden,
1733 592 1890 638 ende
1928 590 2046 637 met
2085 587 2282 635 sijne
2319 583 2557 630 famieu
2595 584 2952 631 herwaerts

894 695 978 742 t'
1019 685 1479 738 retourneren
1520 685 1646 732 soo
1685 678 1896 728 hebbe
1938 672 2315 725 soodanich
2355 667 2523 716 godt
2563 657 3066 712 behaegelijck

874 787 1130 839 werck
1179 776 1385 829 niet
1435 769 1742 819 connen
1792 767 1946 814 off
1997 765 2099 811 te
2149 756 2405 808 mogen
2456 744 2865 799 beletten

900 888 980 934 t'
1018 885 1178 933 meer
1217 881 1416 930 omdat
1454 876 1614 925 door
1654 873 1813 920 d=os
1851 862 2170 916 vertreck
2208 850 2407 903 jnden
2446 843 2685 894 reegen
2722 838 2884 887 tijt

895 990 1068 1041 niet
1111 988 1197 1034 en
1239 982 1368 1032 sal
1408 965 1881 1025 versuijmdt,
1922 960 2095 1008 maer
2130 957 2309 1005 door
2351 957 2481 1004 den
2518 944 3036 1006 oppercoopman

869 1096 1114 1153 Jacob
1161 1091 1308 1140 van
1355 1068 1936 1134 kittensteijn
1984 1063 2227 1112 alles
2275 1047 2810 1106 genoechsaam

886 1197 1099 1248 waer
1149 1183 1523 1239 genomen
1574 1180 1734 1227 can
1787 1178 2052 1225 werd:
2104 1173 2317 1223 maer
2368 1164 2634 1216 hebbe
2652 1161 2845 1207 hem

887 1306 1217 1365 verloff
1260 1290 1685 1349 vergundt,
1720 1286 1871 1336 met
1917 1279 2386 1330 condietie,
2429 1277 2573 1326 dat
2619 1277 2667 1323 6
2713 1274 2854 1322 tot

883 1409 1104 1468 sijn
1155 1390 1647 1452 ooghmerck
1701 1383 1920 1434 niet
1973 1378 2409 1426 connende
2462 1369 2954 1423 geraecken

888 1520 1190 1577 echter
1231 1497 1638 1561 gesonden
1681 1487 1837 1539 sal
1880 1482 2185 1531 wesen,
2221 1475 2434 1525 sijn
2483 1462 2984 1519 resterende

881 1633 1117 1689 tijt,
1163 1622 1305 1675 aen
1350 1612 1493 1664 dE:
1536 1597 1821 1653 comp=e
1864 1591 1962 1641 te
2007 1580 2337 1635 voldoen
2383 1576 2525 1624 wij
2572 1568 3052 1621 vertrouwen

883 1751 1143 1808 uEd„e
1192 1738 1349 1791 dit
1399 1726 1607 1780 niet
1654 1700 2070 1768 qualijck
2120 1694 2276 1743 van
2318 1686 2482 1738 ons
2528 1676 2806 1729 nemen

887 1850 1182 1912 nochte
1228 1836 1474 1892 sijne
1522 1811 2058 1881 supplicatie
2105 1795 2545 1855 affslaan,
2593 1794 2789 1840 maer
2827 1793 2983 1841 hem

894 1967 988 2016 in
1033 1956 1264 2009 alles
1309 1944 1725 2000 favorabel
1771 1938 2002 1987 wesen
2045 1928 2186 1981 ene
2228 1911 2462 1971 sijne
2507 1904 2693 1954 oude
2737 1899 3018 1948 plaats

946 2062 1328 2126 wederom
1380 2043 1869 2105 vergunnen
1921 2032 2302 2086 sullen,
2354 2022 2681 2076 alwaer
2734 2018 2900 2067 tot

882 2176 1139 2233 mijns
1189 2151 1754 2220 voorsaaten,
1805 2140 2011 2195 ende
2061 2129 2318 2183 mijne
2368 2119 3009 2174 contentement

883 2292 1211 2358 scomp=s
1255 2272 1582 2334 dienst:
1626 2258 2045 2318 tegelijck
2091 2250 2231 2301 met
2276 2242 2463 2293 sijn
2508 2232 3019 2285 voorgenoemd

905 2391 1431 2458 confrater)
1479 2382 1588 2434 jn
1640 2367 1903 2426 goede
1954 2357 2271 2410 vreede
2323 2349 2481 2402 met
2531 2339 2901 2392 rechten

890 2508 1131 2563 ijver
1172 2499 1322 2552 tot
1367 2487 1562 2542 noch
1608 2481 1753 2530 toe
1799 2458 2328 2523 waergenomen
2375 2449 2663 2500 heeft,
2708 2438 2904 2494 dito

849 2635 1117 2699 staat
1166 2623 1329 2678 met
1379 2614 1487 2664 d'
1533 2588 2174 2656 vogelstruijs
2226 2584 2333 2632 te
2385 2575 2703 2628 volgen

889 2745 1095 2806 ende
1142 2736 1245 2787 de
1293 2718 1546 2779 rouwe
1593 2698 2047 2759 diamanten
2097 2697 2248 2742 met
2298 2697 2398 2743 d'
2448 2689 3004 2743 onvercochte

858 2848 1159 2917 ringen
1203 2833 1456 2889 onder
1493 2817 1753 2876 sijne
1794 2801 2299 2861 Bewaeringe
2347 2796 2795 2844 derwaerts
2843 2789 2944 2839 te

905 2940 1323 3003 comen

763 3174 1201 3233 Aengaande
1248 3170 1493 3219 tdoen
1541 3166 1689 3215 der
1734 3164 2029 3212 Engels
2077 3165 2224 3212 soo
2271 3161 2516 3211 hebbe
2563 3157 2710 3205 Bij
2757 3155 3005 3203 mijne

883 3272 1353 3333 voorgaande
1397 3265 1587 3318 daer
1632 3261 1774 3309 van
1821 3258 1963 3306 soo
2009 3256 2197 3303 veel
2242 3252 2619 3301 openingh
2666 3252 2948 3303 gedaen

888 3386 1050 3439 als
1101 3376 1263 3430 tot
1314 3362 1635 3417 mijner
1672 3354 2114 3405 kennisse
2167 3349 2540 3398 gecomen
2592 3350 2806 3400 was,

881 3498 1186 3555 sedert
1232 3485 1437 3539 sijn
1486 3480 1640 3529 van
1689 3468 2145 3523 ammadabat
2194 3462 2397 3512 ende
2447 3458 2654 3507 agra

864 3616 1066 3672 hier
1082 3602 1313 3653 voor
1361 3596 1563 3647 haer
1611 3581 2162 3639 aengebracht
2199 3574 2311 3624 de
2359 3546 2960 3618 naervolgende

879 3709 1276 3781 goederen

1300 3824 1479 3876 409:
1522 3811 1790 3867 packen
1833 3794 2101 3855 Indigo
2142 3786 2325 3836 Agra

1298 3904 1474 3957 400:
1514 3890 1733 3944 ditos
1773 3874 2168 3934 poetsjock

1338 3982 1455 4033 60:
1489 3971 1685 4023 ditos
1719 3959 2068 4018 siauthaer
2104 3953 2571 4004 deriabaddijs
2603 3962 2658 4009 r

1338 4067 1471 4121 60:
1512 4057 1728 4108 ditos
1768 4051 2202 4101 kannekijns

1356 4134 1496 4185 19:
1540 4128 1774 4180 ditos
1818 4115 2474 4171 commissammelij

1351 4221 1474 4273 17:
1510 4209 1716 4263 ditos
1755 4204 1959 4254 rouwe
2000 4201 2202 4249 dotij
2242 4195 2532 4245 dolequa

1342 4303 1470 4356 11:
1508 4292 1721 4345 ditos
1763 4286 1974 4337 witte
2014 4282 2269 4329 smalle
2310 4284 2606 4330 Balltas

2311 4473 2666 4523 Verte

0 707 86 754 ant

117 706 238 754 tie

153 929 248 986 ck

220 1036 242 1082 e

100 1861 209 1910 kers

0 1960 253 2013 sumeer

0 2199 228 2246 dicht

0 3479 218 3534 lingen

168 3573 199 3618 et

134 3666 178 3711 i
