3567 4883
1201 738 1598 788 Mugier
1659 715 2126 786 hartman
2186 717 2323 764 in
2386 717 2719 768 jndia
2784 723 3249 781 gecomen

1285 869 1398 915 ao
1454 863 1681 913 1627
1736 858 1907 907 met
1962 853 2133 901 het
2189 851 2472 902 schip
2518 850 2811 902 prins
2866 851 3320 902 hendrick

1216 990 1427 1045 Voor
1478 980 1843 1035 soldaet
1895 973 2573 1026 jegenwoordich
2623 983 3093 1031 adelborst
3144 984 3303 1032 met

1363 1114 1612 1170 Gagie
1656 1116 1809 1162 van
1858 1114 1908 1160 ƒ
1954 1116 2056 1162 14
2102 1116 2157 1163 p
2196 1116 2304 1166 r.
2352 1113 2650 1162 maendt
2699 1117 2898 1163 wert
2947 1116 3047 1164 op
3089 1110 3346 1164 sijn,

1273 1247 1685 1301 vertooch
1735 1241 1942 1291 ende
1992 1237 2765 1288 genegegentheijt
2807 1237 2918 1285 d'
2946 1235 3021 1280 E
3044 1229 3383 1285 comp=e

1284 1388 1482 1436 noch
1527 1381 1825 1433 langer
1873 1378 1973 1425 jn
2020 1378 2268 1426 jndia
2315 1381 2415 1429 te
2463 1384 2810 1434 dienen,
2854 1388 3055 1438 mits
3102 1393 3398 1444 ruijme

1260 1532 1708 1586 expiratie
1750 1532 2054 1581 sijnes
2098 1528 2453 1576 jongste
2501 1531 2899 1579 verbandt
2945 1530 3098 1577 Bij
3146 1521 3397 1573 desen

1271 1672 1364 1719 do
1408 1671 1598 1719 novo
1645 1667 1832 1716 voor
1877 1662 2112 1711 drije
2159 1662 2393 1712 naest
2437 1665 2813 1713 volgende
2857 1666 3140 1714 jaeren
3186 1659 3373 1709 inde

1256 1795 1505 1844 selve
1549 1793 2052 1841 qualiteijt
2099 1792 2250 1838 van
2298 1793 2748 1846 adelborst
2796 1799 3297 1853 aengenomen

1265 1919 1450 1967 ende
1496 1919 1635 1965 een
1681 1917 2143 1965 Belooningh
2187 1922 2326 1970 van
2372 1924 2832 1972 vijffthien
2878 1923 3201 1971 guldens
3245 1923 3388 1978 ter

1236 2056 1567 2108 maendt
1622 2057 2285 2110 toegeleijdt,
2339 2060 2893 2111 jnnegaende
2946 2063 3334 2113 tnieuwe

1256 2212 1687 2263 verbandt
1739 2212 1957 2262 ende
2010 2216 2118 2262 de
2172 2214 2819 2263 verboteringe
2872 2213 3034 2261 van
3086 2207 3362 2258 gagie

1524 2298 1760 2357 mo

1566 2357 1744 2410 P=mo
1788 2355 2099 2403 october
2140 2351 2231 2400 a.
2273 2347 2320 2395 o
2364 2345 2544 2392 1645

1243 2368 1444 2417 adij

1090 2698 1466 2763 Pieter
1526 2685 2278 2743 Reijndertsen
2314 2682 2527 2728 van
2589 2668 3089 2728 tjamarie
3151 2661 3339 2712 re„

1239 2820 1343 2871 jn
1394 2818 1901 2865 vrieslandt
1950 2814 2053 2861 jn
2103 2809 2357 2857 jndia
2405 2802 2763 2854 gecomen
2813 2797 2914 2845 ao
2963 2794 3168 2842 1640
3217 2787 3370 2835 met

1246 2957 1640 3010 tfluijdt
1679 2950 1933 3002 schip
1981 2944 2079 2993 de
2127 2936 2470 2988 seehaen
2517 2935 2714 2983 voor
2760 2912 3350 2980 Bootsgesell.

1212 3091 1258 3138 a
1299 3091 1347 3139 ƒ
1390 3096 1434 3142 8
1478 3093 1923 3142 naderhandt
1967 3088 2412 3138 gevoordert
2451 3084 2589 3133 tot
2633 3075 2944 3129 soldaet
2989 3073 3078 3120 af
3121 3071 3212 3117 11
3251 3066 3389 3118 ter

1220 3225 1512 3278 maent,
1557 3235 1750 3282 wert
1798 3234 1895 3281 op
1942 3228 2135 3278 sijn
2183 3224 2567 3272 vertoogh
2614 3220 2808 3271 ende
2853 3212 3387 3264 bequaemheij

1247 3365 1462 3414 mits
1511 3362 1993 3415 Experatie
2035 3360 2366 3408 sijnes
2415 3357 2842 3410 verbandt
2880 3356 3054 3406 Bij
3106 3346 3373 3400 desen

1220 3512 1320 3558 do
1361 3514 1568 3562 novo
1618 3514 1818 3562 voor
1864 3510 2118 3558 drije
2152 3509 2814 3563 naestvolgende
2855 3511 3162 3558 jaeren

1217 3650 1431 3700 inde
1481 3647 2013 3698 qualiteijt
2066 3645 2225 3693 van
2276 3636 2755 3690 adelborst
2808 3630 3395 3684 aengenomen:

1212 3775 1428 3827 ende
1480 3768 1643 3817 een
1695 3764 2234 3816 Belooningh
2285 3762 2448 3810 van
2499 3757 2933 3807 derthien
2981 3747 3439 3806 guldens.

1197 3917 1356 3966 ter
1408 3912 1727 3962 maendt
1774 3903 2360 3960 toegeleijdt
2412 3901 2519 3948 't
2571 3896 2889 3945 nieuwe
2938 3895 3368 3944 verbandt

1201 4050 1432 4098 ende
1489 4035 2179 4095 verbeteringe
2236 4032 2409 4079 van
2465 4019 2754 4076 gagie
2811 4016 3041 4063 dato
3099 4013 3273 4063 als

1160 4170 1540 4225 vooren
1604 4156 2245 4217 innegaende
