3567 4801
2767 544 2958 599 892

432 540 743 601 octobr.
785 542 962 591 Aaro
1005 540 1188 601 1645

928 760 1025 811 niet
1046 756 1119 804 wat
1141 751 1283 801 volgen
1306 749 1401 795 sall
1423 748 1471 793 In
1495 748 1612 794 deser
1635 747 1777 794 vongen
1800 748 1847 794 so
1870 749 1988 796 alles
2011 749 2247 796 aengehaelt
2268 748 2364 794 ende
2387 747 2693 793 aengeslachen,
2715 741 2811 791 oocq

2509 829 2556 880 8

924 866 1085 923 blijft
1108 860 1164 908 ul
1189 846 1559 903 daerbeslooten,
1584 846 1664 892 dat
1689 844 1769 891 soo
1795 842 1901 889 onse
1927 841 2085 888 quaede
2111 839 2349 886 avontuijr
2374 836 2455 885 Is,

928 1006 1044 1059 des
1076 988 1344 1048 Conincx
1379 980 1570 1031 macht
1605 977 1683 1024 Js
1720 974 1871 1022 In't
1908 970 2097 1018 landt
2133 966 2247 1014 van
2284 963 2549 1011 sinsier
2584 956 2898 1009 gevallen

899 1106 999 1163 alle
1019 1094 1207 1148 plaetsen
1231 1087 1464 1139 beroovende
1487 1083 1581 1131 ende
1603 1077 1931 1128 versbleandende
1954 1074 2094 1122 hebben
2117 1073 2211 1119 sed'
2233 1071 2397 1118 plaetse
2420 1069 2654 1116 chetipatoe
2677 1067 2748 1114 den
2770 1060 2935 1112 sleijck

1152 1193 1426 1249 Tarsjousser
1446 1180 1697 1235 behoorende
1719 1172 1969 1225 Ingenomen,
1992 1168 2092 1216 ende
2116 1167 2191 1213 men
2215 1166 2315 1211 seyt
2338 1163 2413 1210 sij
2437 1162 2587 1208 voorts
2610 1157 2760 1206 sullen
2783 1150 2965 1201 trecken

921 1197 1107 1260 van

922 1310 1032 1364 naer
1054 1304 1111 1352 d'
1136 1290 1349 1347 sterckte
1375 1287 1641 1337 Tironamela
1666 1284 1721 1331 in
1747 1275 2066 1328 Voorschreven
2092 1267 2358 1321 Tanspouwer
2383 1263 2597 1312 gelegen,
2622 1257 2729 1307 ende
2755 1249 2970 1301 doermaer

925 1432 985 1482 op
1005 1407 1345 1471 Terbessamian
1370 1402 1429 1449 in
1453 1391 1651 1445 sinsier
1677 1386 1818 1435 waert
1844 1378 2125 1430 eyndelijck
2152 1373 2320 1423 gelden
2347 1369 2459 1417 sall
2486 1363 2599 1413 wete
2624 1354 2766 1406 niet,

963 1516 1298 1572 wardapaneijck
1322 1508 1477 1559 reijck
1501 1503 1580 1551 Van
1604 1494 1785 1547 sinsier
1809 1489 1939 1538 heeft
1963 1487 1990 1533 2
2015 1486 2041 1532 a
2066 1485 2093 1531 3
2117 1481 2247 1530 malen
2271 1475 2426 1526 tegens
2450 1471 2503 1518 d'
2528 1464 2811 1515 Conincxsche
2835 1460 2940 1509 hart

910 1644 990 1691 Int
1012 1631 1148 1688 veldt
1172 1620 1386 1674 geweest,
1412 1619 1519 1666 oocq
1542 1612 1651 1662 sijn
1676 1606 1809 1655 volcq
1834 1600 1995 1650 belast
2019 1596 2074 1644 op
2099 1593 2154 1640 d'
2179 1587 2312 1637 wegen
2337 1583 2418 1631 van
2444 1575 2736 1628 Cabripacke,
2760 1569 2949 1619 delour,

920 1744 1118 1801 rondtsom
1140 1740 1192 1788 en
1214 1727 1488 1783 daeromtrent
1510 1724 1562 1771 te
1586 1718 1783 1769 stroopen
1807 1713 1906 1762 ende
1930 1712 1980 1758 d'
2004 1705 2202 1756 wenschen
2225 1697 2374 1749 keusen
2399 1696 2449 1742 en
2471 1690 2596 1740 boven
2619 1686 2670 1734 af
2694 1684 2744 1730 te
2766 1674 2917 1727 suyden

901 1865 988 1912 soo
1014 1856 1104 1908 dat
1130 1845 1307 1898 d'wegh
1333 1837 1451 1888 niet
1478 1831 1682 1881 veylich
1709 1825 1799 1876 Is,

926 1984 1344 2052 d'reijcken
1383 1971 1511 2026 Van
1545 1959 1762 2011 Wadre
1801 1960 1968 2008 ende
2009 1940 2427 2004 Sanshouwer
2467 1931 2636 1983 dese
2674 1919 2893 1973 rovos

921 2112 1132 2170 hebbende
1154 2098 1391 2154 vernomen,
1415 2088 1572 2142 hebben
1597 2080 1754 2132 eenich
1778 2072 1909 2124 geldt
1933 2069 2012 2117 tot
2037 2060 2220 2114 orloghs
2243 2044 2479 2103 onderhout
2503 2038 2608 2088 nonh
2633 2030 2790 2083 sinker
2814 2021 3024 2074 gesonden

932 2241 1333 2305 Bangepareijck
1361 2229 1578 2284 broeder
1607 2225 1700 2273 van
1730 2210 2131 2269 kistapaneijck
2159 2198 2345 2253 hebben
2374 2191 2468 2241 byj
2496 2183 2683 2234 luyden
2711 2175 2807 2227 als

932 2363 1244 2429 veldtoverste
1270 2359 1373 2408 (een
1397 2352 1528 2402 goedt
1553 2343 1735 2396 soldaet
1759 2332 1941 2387 sijnde)
1964 2325 2121 2375 naerd'
2145 2316 2302 2369 reijck
2326 2310 2405 2360 tot
2429 2296 2714 2354 adsistentie
2738 2292 2821 2341 met

921 2481 1031 2538 alle
1055 2473 1162 2524 haer
1186 2465 1318 2516 macht
1341 2452 1579 2509 gesonden,
1601 2445 1683 2495 die
1707 2440 1813 2489 oocq
1837 2431 2048 2484 gereedts
2072 2429 2152 2475 tot
2177 2419 2439 2473 wallegouda
2464 2410 2622 2462 Voeran
2642 2394 2804 2452 (dicht
2829 2392 2910 2439 aen

911 2580 1129 2638 smsiers
1158 2571 1346 2624 Landt)
1375 2558 1594 2614 gecomen
1623 2546 1781 2600 sijn,

919 2743 989 2790 d'
1022 2715 1439 2784 Voorschreven
1472 2707 1751 2757 sterckte
1784 2689 2132 2752 Chesipatoe
2166 2680 2340 2733 groot
2373 2666 2652 2724 Canshess
2685 2655 2827 2709 aron

928 2842 1019 2899 als
1042 2831 1104 2883 st
1124 2822 1273 2870 Thome
1299 2814 1444 2867 heeft
1470 2810 1529 2858 d'
1556 2806 1729 2856 Maijs.
1756 2805 1785 2850 r
1812 2801 1899 2849 aen
1927 2790 2327 2845 Connerechittij
2354 2776 2554 2834 gegeven
2579 2771 2639 2819 in
2665 2762 2895 2814 Gouverno

946 2990 1029 3048 Tot
1045 2968 1254 3029 vervolgh
1277 2966 1355 3012 des
1378 2960 1582 3010 oerloghs
1605 2956 1708 3005 voor
1733 2948 1987 3000 pallicatta
2011 2944 2138 2992 heeft
2161 2941 2214 2989 d'
2238 2934 2416 2985 mays.:t
2441 2931 2518 2979 aen
2541 2924 2745 2975 maeehija
2767 2920 2876 2969 noch

937 3074 1224 3134 gelargeert,
1248 3070 1328 3119 100
1352 3061 1535 3113 Calangh
1560 3055 1716 3105 Cruijt
1741 3053 1871 3101 110l.
1895 3040 2156 3097 vierpijlen
2180 3038 2208 3084 3
2231 3028 2415 3081 stucken
2439 3019 2673 3072 geschudts
2697 3015 2751 3062 te
2776 3008 2906 3059 weten
2930 3005 3013 3052 een

930 3190 1013 3238 van
1037 3172 1312 3232 kabripacke
1338 3168 1420 3216 een
1447 3165 1529 3212 van
1554 3156 1719 3209 Palien
1744 3154 1801 3201 en
1827 3150 1909 3198 een
1936 3146 2046 3195 uijt
2071 3134 2344 3190 Chatewere,
2370 3128 2480 3177 Item
2506 3124 2616 3172 4000
2641 3115 2809 3167 pions,

935 3296 1016 3345 200
1040 3283 1254 3340 paerden,
1280 3280 1360 3327 400
1385 3263 1784 3324 ambachtsluijden
1810 3256 1970 3307 sijnde
1994 3251 2102 3300 dese
2126 3245 2261 3294 Pions
2286 3242 2420 3291 volcq
2444 3237 2526 3287 van
2552 3227 2820 3281 Willegotij

932 3387 1395 3452 wencketapeneyckx
1424 3372 1712 3432 huijsvrouw
1740 3371 1828 3419 die
1854 3367 1914 3415 nu
1942 3356 2289 3412 weijnichtits
2317 3346 2578 3400 voorleden
2604 3338 2723 3390 haer
2750 3332 2954 3381 Eyckdom

935 3511 1173 3570 verloren
1200 3499 1379 3554 heeft,
1408 3496 1526 3544 dese
1555 3489 1702 3539 nacht
1731 3487 1791 3533 Is
1818 3482 1908 3531 met
1937 3470 2291 3527 wencketadrij
2318 3462 2497 3514 (alias
2523 3452 2732 3505 Harman)
2758 3448 2849 3496 tot
2878 3445 2938 3493 In

947 3617 1230 3683 Cabripacke
1256 3612 1341 3661 den
1368 3610 1424 3655 16
1449 3607 1481 3654 e
1507 3601 1647 3649 deser
1672 3590 1899 3646 gecomen,
1925 3586 2010 3633 met
2036 3574 2289 3630 Voornemen
2316 3569 2484 3619 Voorts
2510 3565 2568 3613 te
2593 3552 2847 3608 marcheren

934 3748 1012 3799 soo
1033 3737 1186 3791 datter
1210 3733 1261 3780 nu
1282 3725 1384 3776 geen
1407 3706 1807 3769 verseeckertheijt
1831 3701 1981 3750 nochte
2005 3697 2105 3745 hoop
2128 3693 2205 3741 do,
2227 3683 2404 3736 meerder
2426 3676 2577 3727 genich
2600 3671 2727 3721 volcq
2750 3667 2851 3716 naer
2876 3662 2975 3712 ofte

936 3859 1075 3909 uijt
1107 3834 1489 3902 palliacatta
1521 3828 1593 3877 te
1625 3817 1766 3871 gaen
1798 3811 1939 3860 ofte
1973 3805 2181 3857 Comen,

760 4033 825 4088 An
844 4020 908 4071 23
933 4010 1022 4062 do.
1046 4000 1192 4052 werdt
1217 3993 1306 4043 byj
1331 3987 1420 4036 den
1445 3972 1732 4030 Goevermeir
1760 3961 1903 4016 Anold
1931 3953 2130 4003 Heussen
2159 3952 2216 3998 en
2243 3951 2330 3996 den
2358 3948 2501 3997 raedt
2527 3939 2901 3993 goedtgevonden

929 4108 1047 4157 ende
1072 4088 1426 4150 g'arresteert
1455 4085 1543 4132 een
1571 4080 1660 4129 wel
1688 4073 1981 4124 g'armeerde
2009 4064 2273 4117 Compagnie
2302 4058 2536 4109 soldaten
2565 4056 2654 4102 van
2681 4055 2770 4102 131
2798 4048 2979 4100 Coppen

934 4210 1246 4269 namentlijck
1272 4205 1330 4253 51
1358 4191 1584 4249 flancque
1610 4188 1696 4235 20.
1724 4181 2007 4233 toepatsen,
2034 4178 2148 4225 ende
2174 4170 2402 4221 10opjons
2428 4166 2571 4214 onder
2598 4165 2655 4211 't
2683 4162 2882 4210 gesagh

0 906 87 958 ije

0 999 74 1046 aen

0 1100 256 1147 gequetsten

142 2438 242 2484 ere
