3560 4937
1531 1181 1630 1228 den
1662 1182 1829 1233 28en.
1858 1186 2028 1234 soo't
2060 1190 2294 1245 schijnt
2324 1202 2822 1262 nootsaeckelijck
2853 1218 3055 1273 sullen
3085 1230 3295 1283 moeten

1550 1293 1969 1346 vertrecken,
2007 1302 2160 1351 waer
2197 1308 2312 1356 toe
2349 1312 2426 1359 in
2463 1314 2808 1372 waerheijt
2843 1330 2922 1380 om
2958 1337 3151 1390 alles

1539 1408 1953 1456 behoorlijck
1991 1410 2066 1456 te
2103 1411 2518 1476 effectueren
2553 1433 2629 1480 de
2666 1436 2817 1485 tijt
2853 1442 2929 1488 te
2966 1444 3117 1494 cort
3154 1448 3305 1496 valt

1536 1517 1675 1565 niet
1708 1520 1778 1566 te
1811 1521 1917 1568 min
1950 1525 2055 1571 soo
2088 1527 2229 1580 veel
2261 1538 2573 1596 mogelijck
2605 1552 2712 1599 ons
2744 1556 2884 1609 daer
2915 1565 3056 1614 door
3089 1570 3366 1622 soecken,

1541 1651 1616 1698 te
1653 1650 1914 1700 redden,
1949 1655 2024 1701 't
2061 1655 2285 1708 Cooper
2321 1664 2581 1718 gelijck
2618 1674 2692 1719 in
2728 1674 3102 1741 voorgaende
3136 1699 3361 1755 gemelt

1533 1772 1647 1818 tot
1682 1775 1756 1821 9.
1792 1775 2054 1825 taijlen
2089 1781 2608 1841 gecontracteert
2645 1796 2871 1853 hebben
2904 1812 3054 1861 voor
3088 1818 3237 1873 dien

1510 1898 1717 1949 prijs
1758 1899 1882 1946 als
1921 1902 2086 1951 geen
2126 1907 2331 1960 ander
2371 1915 2659 1969 remedie
2699 1925 2946 1985 moeten
2985 1942 3313 1992 aennemen

3053 2017 3083 2065 ^
3102 2023 3152 2068 t'
3177 2023 3280 2072 puol

1524 2035 1632 2084 soo
1668 2035 1883 2084 hebben
1919 2035 2063 2081 mede
2097 2036 2172 2088 't
2205 2045 2600 2105 plaetcooper
2635 2061 2817 2112 tegen
2850 2070 2924 2118 8.
2958 2075 3138 2128 taijl
3172 2084 3353 2133 weten

1519 2165 1905 2214 aengenomen
1943 2166 2060 2214 dat
2097 2170 2215 2220 int
2250 2178 2522 2235 smesten
2558 2192 2714 2243 ofte
2751 2199 3137 2260 raffineren
3174 2216 3330 2270 naer

1520 2304 1833 2352 advemant
1872 2304 1990 2351 met
2028 2307 2147 2357 den
2184 2314 2420 2369 Incoop
2457 2326 2617 2380 vant
2652 2339 3084 2410 staafhooper
3118 2369 3275 2423 seer

1518 2448 1666 2495 over
1703 2447 1814 2493 een
1851 2447 2075 2497 compt,
2110 2455 2296 2506 staet
2332 2461 2593 2519 makende
2628 2477 2742 2529 van
2775 2487 2963 2546 d'een
2997 2504 3074 2552 en
3108 2509 3371 2574 d'ander

1530 2586 1770 2633 soorte
1809 2588 2132 2648 ongeveer
2160 2605 2331 2658 4000
2367 2616 2568 2671 picol
2605 2627 2771 2686 uijt
2803 2645 2888 2693 te
2924 2652 3167 2714 voeren

1483 2823 1575 2868 in
1620 2823 1668 2870 u
1707 2819 1852 2872 Ed:
1895 2824 2357 2888 tijdelijck
2400 2846 2493 2896 't
2539 2852 2953 2916 adviseren
2998 2873 3136 2919 wat
3182 2874 3321 2922 int

1508 2947 1923 2995 aenstaende
1961 2952 2128 3005 jaer
2168 2961 2334 3011 1647
2374 2965 2500 3016 van
2539 2974 2871 3031 Europise
2910 2988 3161 3047 waaren
3198 3005 3287 3058 om

1509 3062 1625 3113 met
1662 3069 2082 3121 behoorlijck
2119 3077 2277 3130 prof

2295 3088 2457 3144 tijt
2495 3100 2736 3151 gevent
2774 3107 2855 3156 te
2893 3113 3135 3173 werden
3172 3131 3256 3180 in

1505 3195 1702 3247 Javan
1738 3203 2093 3257 dienstich
2130 3215 2326 3269 wesen
2363 3225 2484 3275 sal
2519 3233 2639 3284 soo
2675 3243 2949 3304 stellen
2987 3260 3223 3319 alhier

1501 3324 1592 3381 't
1630 3340 1805 3389 gene
1847 3345 2121 3409 volcht

1330 3516 1462 3564 86.
1505 3511 1724 3561 stucx
1763 3506 2159 3559 laeckenen

1578 3640 1678 3687 45.
1709 3639 1810 3689 ps.
1840 3643 2137 3690 Carmosijn
2170 3643 2335 3689 roode
2367 3639 2566 3688 gegist
2595 3643 2663 3690 op

1722 3749 1973 3800 1540.
2013 3744 2318 3797 Ellen.
2463 3744 2718 3796 7:15:
2854 3765 3352 3816 11935:0:0:

1558 3891 1636 3938 20
1672 3887 1787 3933 ps.
1824 3886 2056 3936 swarte
2090 3895 2206 3945 560
2241 3902 2320 3951 @.
2432 3909 2623 3957 7:15:

2618 3943 3264 4009 4340:-

1568 4033 1671 4081 15.
1704 4037 1806 4082 ps.
1839 4036 2046 4086 braeuw
2075 4045 2177 4093 450
2211 4047 2245 4093 @
2344 4043 2383 4092 5

2344 4073 2705 4145 5.18:-
2881 4092 3246 4149 2655:-

1582 4191 1680 4238 6.
1726 4193 1871 4240 ps.
1916 4191 2161 4252 groen
2205 4212 2351 4271 124
2395 4230 2492 4279 @.
2538 4230 2590 4277 a
2635 4233 2923 4294 3:-18-
2970 4249 3166 4297 468-

1497 4404 1651 4452 86.
1698 4408 1850 4455 4.
1899 4408 2252 4457 lakenen
2301 4411 2709 4488 bedragen
2849 4463 3151 4517 19398:

1360 791 1540 839 Dagh
1585 788 1945 837 Register
1987 786 2259 839 wegens
2303 795 2394 842 't
2438 798 2932 854 gepasseerde

2056 4586 2693 4671 transportere

765 269 944 325 Julio
979 265 1086 312 ao.
1122 262 1265 309 1646

1974 569 2226 616 pie

1945 442 2401 498 Tonckem

2963 444 3170 496 164
