3567 4801
2781 527 2970 581 944

674 507 983 567 meert
1041 499 1287 552 1646

957 673 1145 728 ficoop
1176 673 1269 718 van
1299 671 1516 719 gemelte
1547 671 1733 719 sleven
1762 671 1982 721 goenijs
2010 678 2197 727 Touwen
2227 682 2321 728 als
2350 685 2691 736 hochevellen
2721 690 2909 739 todoen
2934 691 3037 741 Is,

949 780 1049 834 als
1079 772 1208 823 oocq
1237 765 1430 815 ommed'
1460 763 1717 811 goederen
1745 761 1812 807 op
1843 759 2131 807 adrapatan
2160 758 2416 807 presendt
2448 758 2576 806 ende
2607 759 2894 807 Ingekocht

932 882 1111 940 leggen
1138 872 1408 926 bestaende
1438 871 1497 916 sn
1526 866 1675 915 goede
1703 858 1913 911 partije
1942 853 2270 903 kocxevellen
2299 853 2478 899 keijer
2507 854 2537 900 E
2566 854 2627 900 af
2654 853 2716 900 te
2744 847 2958 898 schepen

943 984 1062 1036 ende
1090 979 1179 1028 bij
1208 972 1590 1024 verschijningh
1618 969 1707 1017 es'
1735 963 2000 1013 Compagnie
2029 963 2206 1010 thonij
2234 962 2322 1009 van
2351 959 2645 1007 Casjepatam
2672 948 2910 1004 derwaers

938 1098 1023 1155 te
1060 1074 1378 1139 schicken

731 1267 813 1316 Dn
849 1251 1011 1307 ult.
1048 1247 1090 1294 o
1129 1243 1211 1291 d.
1248 1238 1290 1285 o
1327 1229 1569 1280 become
1609 1225 1729 1274 een
1767 1221 2087 1269 briefken
2127 1220 2367 1267 vanden
2406 1218 2686 1267 eersten
2725 1213 3005 1267 achsten

934 1346 1075 1396 Joan
1108 1336 1387 1389 Baptista
1420 1333 1560 1380 uijt
1593 1330 1699 1377 S=r
1733 1328 2151 1377 Thomedaerbij
2186 1327 2603 1375 onderanderen
2637 1320 2955 1372 adviseere

932 1445 1020 1494 hoe
1045 1436 1134 1487 dat
1161 1431 1334 1480 aldaer
1363 1430 1449 1476 van
1478 1429 1679 1475 Columbo
1708 1429 1823 1475 over
1851 1429 2110 1474 nagapatam
2138 1429 2254 1475 voor
2281 1428 2483 1474 seecker
2512 1423 2742 1473 tijdinge
2770 1417 2971 1469 gecomen
3000 1416 3086 1462 Was

935 1546 1015 1594 hoe
1039 1539 1120 1587 dat
1145 1536 1253 1584 uijt
1276 1529 1517 1579 portugael
1542 1526 1728 1573 brieven
1754 1522 1914 1571 aenden
1939 1523 2151 1569 viceroij
2178 1524 2231 1569 in
2257 1524 2337 1569 goa
2362 1521 2654 1568 geschreven,
2681 1518 2998 1567 aengelanght,

944 1646 1069 1701 ende
1096 1639 1189 1689 sin
1216 1631 1462 1683 Clooster
1491 1628 1552 1675 s.
1582 1627 1613 1672 r
1643 1625 1946 1674 franschico
1976 1624 2189 1671 d'selve
2219 1624 2431 1671 openen,
2461 1623 2522 1669 op
2551 1617 2764 1668 staende
2794 1615 2946 1662 Voedt
2970 1612 3017 1660 —

947 1754 1011 1807 18
1034 1738 1299 1796 persoonen
1326 1733 1503 1782 vanden
1529 1724 1938 1776 principaersten
1967 1723 2083 1770 adel
2112 1723 2460 1770 gedetineerdt
2489 1723 2606 1769 ende
2634 1721 2693 1767 In
2721 1714 3041 1766 Vangenhuijs

955 1845 1230 1900 gebraght,
1259 1839 1382 1889 Item
1410 1835 1594 1884 datter
1623 1833 1746 1880 noch
1774 1830 1807 1877 3
1836 1828 1928 1875 Int
1957 1826 2050 1872 Hof
2078 1826 2171 1873 van
2199 1822 2474 1871 Visiapour
2504 1816 2747 1867 geveught
2777 1813 2899 1860 sin—

2916 1813 2936 1858 -

943 1957 1045 2010 soo
1077 1953 1144 2001 't
1176 1946 1408 1996 schyndt
1439 1939 1606 1989 soude
1637 1933 1737 1982 don
1770 1932 1902 1978 Bras
1933 1930 2067 1976 mede
2098 1923 2463 1976 gereeckent,
2496 1920 2562 1968 en
2594 1919 2694 1966 den
2726 1911 2991 1964 generael

965 2063 1066 2115 van
1094 2052 1294 2106 Ceylon
1325 2044 1489 2096 mauel
1521 2043 1587 2088 d'
1618 2034 1913 2087 Mascarnes
1945 2032 2075 2078 niet
2108 2024 2434 2077 vrijwesen,
2466 2020 2630 2071 synde
2660 2018 2760 2063 dit
2791 2015 2958 2063 alles

951 2171 1196 2228 ontstaen
1227 2164 1410 2215 overd'
1439 2151 1929 2207 lemitscheyjdinge
1958 2149 2051 2196 van
2078 2143 2295 2194 Ceijlon
2324 2135 2570 2188 tusschen
2599 2134 2662 2179 d'
2691 2131 2814 2178 hare
2845 2130 2906 2176 en

950 2290 1066 2344 onse
1091 2276 1461 2333 g'accordeert,
1488 2271 1631 2320 sulcx
1657 2265 1772 2315 alle
1799 2263 1856 2309 d'
1884 2260 1998 2307 gene
2025 2257 2139 2305 haer
2165 2250 2393 2300 daermede
2419 2246 2647 2295 bemoeijt
2671 2239 2844 2290 hebben
2872 2239 2903 2286 —

947 2408 1064 2462 door
1092 2404 1207 2452 door
1235 2402 1293 2448 en
1319 2394 1493 2447 groote
1518 2386 1778 2438 onheijlen
1806 2381 1950 2431 staen
1978 2380 2035 2426 te
2063 2364 2350 2425 vervallen—

1487 2913 1684 2986 Pri
1745 2896 2000 2954 Anno
2060 2877 2316 2937 1646

943 3202 1133 3277 Pmo

1340 3247 1611 3300 vertreckt
1640 3246 1730 3292 van
1759 3245 1880 3292 dees
1910 3244 2061 3290 rhede
2090 3243 2211 3289 over
2240 3242 2572 3293 masulipatam
2601 3248 2721 3294 naer
2751 3248 2842 3293 Bat
2871 3248 2903 3294 a

1177 3260 1310 3307 N

969 3361 1138 3414 sijnde
1162 3355 1359 3403 beladen
1386 3352 1691 3400 namentlijck
1719 3352 1802 3398 van
1830 3352 1941 3398 hier
1967 3349 2080 3396 voor
2106 3348 2246 3393 Bat:a
2273 3345 2495 3392 eerlijck
2522 3343 2578 3390 36
2606 3343 2690 3389 str
2717 3344 2911 3390 slaven—

953 3475 1046 3527 als
1072 3460 1342 3517 slavinnen
1371 3456 1491 3505 ende
1520 3454 1609 3499 tot
1638 3452 1847 3499 proghee
1875 3449 2055 3497 vanden
2084 3448 2263 3494 handel
2292 3445 2352 3493 In
2381 3439 2709 3490 masulipatam
2738 3440 2797 3485 en
2826 3439 3036 3485 procure

938 3564 1073 3614 vande
1099 3562 1260 3608 nodige
1286 3556 1501 3606 retouren
1527 3553 1688 3600 aldaer
1715 3551 1795 3598 als
1822 3550 1876 3596 in
1902 3550 1956 3595 d'
1982 3549 2250 3596 sinnewaert
2276 3550 2331 3596 se
2357 3548 2625 3596 quartieren
2651 3545 2732 3592 een
2758 3541 3001 3590 Cargasoen

938 3667 1243 3724 bestaende
1276 3666 1412 3712 uijt
1444 3666 1545 3713 20.
1578 3664 1679 3710 000
1712 3661 1780 3709 lb
1812 3653 2048 3705 Groffel
2082 3651 2317 3699 nagelen
2351 3651 2518 3699 25080
2550 3648 2619 3696 lb
2653 3648 2820 3694 loodt
2853 3640 2989 3694 4396

964 3771 1199 3826 Cantijs
1230 3761 1501 3816 Jappanse
1534 3760 1769 3807 Chanper
1802 3758 1971 3804 ,449½
2004 3759 2072 3804 d.
2103 3755 2173 3802 os
2203 3752 2373 3798 Siams
2406 3751 2742 3800 Agulhoudt,
2775 3754 2843 3800 63
2877 3753 2944 3799 p.
2977 3753 3012 3799 s

942 3870 1262 3931 diveersche
1292 3867 1642 3914 gecouleurde
1674 3862 1992 3912 laeckenen,
2022 3860 2182 3907 15000
2211 3859 2277 3906 r.
2308 3860 2340 3905 a
2371 3860 2467 3906 Van
2499 3858 2689 3905 achten
2720 3854 2880 3902 50000
2908 3848 3006 3897 thl

940 3986 1155 4043 Jappans
1184 3979 1578 4030 schuijtsiever
1607 3976 1760 4024 30000
1790 3975 1850 4021 lb
1881 3972 2123 4020 alluijn.
2153 3970 2275 4017 2245
2303 3967 2425 4013 bits
2454 3964 2637 4012 peguws
2667 3962 2819 4009 lange
2845 3955 3005 4007 peper

947 4105 978 4152 1
1002 4095 1117 4149 kist
1143 4092 1229 4139 met
1256 4086 1593 4137 medicamenten
1621 4086 1678 4132 1½
1703 4084 1873 4133 legger
1900 4081 2013 4128 Wijn
2040 4080 2069 4125 1
2096 4078 2209 4124 vadt
2236 4073 2574 4122 hollandtsche
2601 4069 2742 4117 boter
2769 4068 2798 4113 3
2823 4063 2919 4113 str

940 4198 1260 4260 peersiaense
1287 4195 1491 4242 pachden
1519 4193 1635 4242 1176
1664 4193 1722 4239 p.
1749 4193 1780 4239 s
1807 4186 2097 4236 diveersche
2125 4179 2385 4230 veguwsche
2412 4176 2558 4224 goris
2586 4175 2616 4220 7
2644 4174 2703 4220 29
2730 4163 3061 4218 palliacatse

8 671 31 717 2

113 680 276 728 lemingh

143 1653 260 1701 en

148 1882 247 1929 waerts

71 2116 204 2163 atie

12 2508 80 2555 ten

0 4065 199 4117 lijck
