3703 4828
1767 1132 2160 1193 houden
2223 1126 2420 1175 dan
2484 1116 2745 1170 geen
2811 1116 3137 1162 htaat
3201 1115 3463 1164 meer

1646 1261 1793 1312 van
1840 1244 2231 1307 voortaan
2279 1239 2378 1288 jn
2426 1232 2622 1283 sijn
2670 1225 2963 1276 herte,
3011 1221 3207 1269 ende
3255 1218 3453 1269 dies

1636 1355 1952 1419 volgens
1994 1350 2041 1398 „
2084 1345 2219 1393 ock
2261 1342 2485 1391 niet,
2528 1341 2663 1387 soo
2706 1334 2841 1385 die
2884 1333 3019 1381 van
3061 1327 3510 1380 tegenepatn

1641 1455 1917 1519 eenige
1961 1446 2235 1500 fauten
2278 1440 2554 1490 begaan
2598 1441 2916 1488 hadden,
2961 1443 3098 1490 dat
3143 1445 3234 1490 en
3279 1445 3509 1493 hadde

1625 1568 1771 1622 UE:
1807 1554 1961 1612 soo
2008 1547 2151 1596 ten
2198 1538 2628 1590 quaatsten
2664 1538 2866 1584 niet
2913 1535 3343 1583 behoorden

1624 1676 1719 1724 op
1754 1652 2093 1720 genomen
2139 1649 2234 1695 te
2281 1647 2609 1693 hebben,
2654 1637 2984 1692 gelijck
3030 1634 3172 1681 vE:
3209 1623 3501 1680 gedaen

1608 1773 1934 1839 heeft,
1985 1747 2419 1814 gevangen
2472 1740 2849 1790 nemende
2903 1738 3119 1785 mijn
3172 1730 3446 1782 volck

1609 1884 1737 1938 Ten
1775 1870 2151 1928 huijsing.
2188 1862 2275 1913 in
2315 1849 2770 1905 palliacatta
2812 1849 3143 1900 staande,
3183 1851 3308 1898 met
3349 1849 3531 1895 veld

1619 1978 2007 2039 jnjurien,
2047 1973 2221 2023 waer
2264 1966 2436 2018 door
2478 1961 2649 2009 mijn
2692 1960 2907 2007 herte
2948 1960 3035 2007 is
3077 1957 3507 2008 gebroocken

1598 2089 2031 2159 geworden,
2077 2085 2222 2133 als
2268 2080 2461 2129 oock
2509 2079 2653 2125 het
2700 2078 2844 2124 uwe
2891 2074 3084 2122 uijt
3131 2071 3516 2120 oorsaeck

1590 2217 1759 2275 wij
1810 2192 2317 2257 malcander
2373 2184 2598 2236 doen
2651 2177 2877 2225 niet
2929 2175 3101 2223 ten
3157 2172 3517 2220 besten

1613 2321 1907 2379 hebben
1955 2317 2053 2363 op
2101 2291 2491 2361 genomen,
2539 2291 2637 2338 en
2685 2288 2832 2336 dit
2881 2284 3482 2336 geschiedende

2160 2343 2506 2390 „gewassgen

1591 2440 1694 2490 In
1742 2429 1894 2482 den
1943 2422 2143 2474 haat
2193 2417 2444 2467 alsoo
2494 2416 2594 2461 te
2643 2413 2845 2460 dier
2894 2416 3195 2462 selver
3245 2412 3445 2461 tijt

1613 2549 1720 2596 de
1768 2525 2145 2588 Coninck
2191 2519 2357 2572 van
2409 2511 2729 2563 veloor
2782 2510 2994 2556 gelt
3045 2502 3474 2555 gebreckt

1594 2653 1874 2709 hebben
1919 2643 2059 2696 tot
2103 2634 2244 2685 mij
2287 2619 2800 2675 gesproocken
2846 2616 3124 2666 heeft,
3170 2614 3310 2660 dat
3355 2612 3498 2662 hij

1625 2747 1834 2797 mij
1899 2735 2318 2793 geboot
2384 2718 3146 2772 Palliacatta
3212 2715 3356 2768 te

3407 2733 3424 2778 „

1605 2846 2064 2920 Belehgen,
2115 2844 2267 2892 ten
2317 2832 2672 2886 aensien
2723 2831 2976 2877 vant'
3024 2825 3230 2875 gelt
3280 2822 3483 2870 waer

1641 2957 1885 3011 tegen
1932 2948 2079 3000 jck
2125 2936 2322 2990 niet
2370 2930 2614 2981 legge
2661 2929 2904 2977 conde
2952 2927 3052 2974 d'
3097 2925 3488 2977 fortuijn

1633 3053 1769 3109 dan
1811 3042 2211 3097 willende,
2254 3039 2344 3086 is
2386 3034 2520 3082 het
2562 3027 2785 3077 aldus
2827 3022 3050 3070 uijdt
3093 3015 3515 3068 gevallen,

1632 3157 1734 3203 al
1784 3149 2142 3201 twelcke
2192 3144 2346 3193 UE:
2395 3137 2550 3185 mij
2599 3134 2753 3186 ten
2803 3126 3058 3177 laste
3108 3120 3468 3171 Leijdt,

1618 3268 1755 3319 VE.
1798 3250 2028 3310 heeft
2073 3246 2256 3293 doen
2301 3246 2439 3293 ter
2484 3245 2758 3291 steijt
2802 3242 3123 3292 gedaen,
3167 3235 3306 3285 dat
3349 3228 3489 3278 hem

1602 3375 1769 3424 goet
1807 3358 2100 3419 dochte,
2141 3349 2265 3401 ick
2306 3346 2472 3393 oocq
2514 3346 2638 3391 van
2679 3341 3052 3392 gelijcken
3090 3339 3218 3386 ael
3259 3339 3508 3388 twelck

1618 3472 1833 3523 uijdt
1874 3462 2091 3516 quade
2130 3452 2348 3505 raadt
2391 3448 2692 3497 gevinge
2735 3447 2821 3493 is
2863 3442 3079 3491 voort
3122 3440 3510 3487 gesproock

1621 3573 1723 3631 op
1767 3561 1914 3614 dat
1961 3554 2105 3603 jck
2151 3548 2296 3597 met
2342 3544 2440 3591 ue
2483 3536 2678 3586 dese
2726 3533 3062 3581 twisten
3108 3530 3396 3580 hebben

1620 3674 1963 3734 mochte,
2007 3664 2109 3717 en
2157 3647 2692 3705 malcanderen
2741 3645 2887 3692 van
2934 3632 3471 3690 aengesichte

1622 3777 1775 3826 tot
1824 3749 2383 3820 aengesichte
2432 3739 2636 3791 niet
2687 3738 2788 3784 en
2839 3736 3143 3783 souden
3194 3732 3447 3781 comen

1637 3873 1731 3921 s'
1773 3852 2240 3917 ontmoesen,
2282 3838 2470 3893 want
2516 3831 2655 3881 soo
2700 3828 2840 3875 wij
2884 3824 3117 3871 waren
3163 3821 3302 3869 Bij
3348 3817 3488 3865 den

1625 3955 1976 4012 anderen
2025 3940 2426 4000 gecomen,
2475 3938 2576 3984 en
2625 3936 2877 3984 soude
2926 3933 3227 3981 sulcks
3276 3923 3481 3977 niet

1613 4065 1956 4125 geschiet
1998 4059 2211 4108 sijn,
2249 4055 2381 4102 VE:
2420 4044 2635 4099 seijt
2676 4041 2848 4089 oock
2886 4037 2974 4087 jn
3016 4032 3187 4082 sijn
3228 4020 3485 4076 brieff

1609 4169 1750 4225 dat
1788 4158 1933 4211 jck
1978 4154 2071 4201 na
2115 4144 2439 4198 jacatra
2482 4140 2669 4189 vele
2714 4130 3082 4183 clachten
3128 4128 3313 4175 over
3358 4131 3499 4180 vE:

2378 591 2627 646 Translaet
2654 589 2737 635 uyt
2762 587 2957 633 mitsive
2983 588 3094 635 door
3120 591 3340 640 Climanna
3367 595 3508 651 Chiri

2272 665 2448 715 aenden
2475 652 2768 709 gouverneur
2796 649 2972 696 arnold
2999 647 3207 696 Heutsen
3233 653 3292 699 In
3321 653 3439 704 dato

2267 740 2387 797 27e.
2413 728 2563 783 Junij
2591 724 2680 772 ao.
2709 719 2828 768 1646
2856 712 3036 763 geschr

2835 4322 3395 4373 geschreven

1046 2880 1120 2927 ia
