3642 4883
928 649 1286 710 octobr.
1298 644 1529 700 Anno
1569 627 1779 684 1645

1277 816 1353 869 soo
1373 806 1519 859 laenge
1542 802 1637 849 voor
1660 796 1851 846 eerlijck
1873 787 2066 840 gehouden
2088 784 2160 830 als
2183 782 2279 828 sich
2300 776 2422 827 sulcx
2444 765 2731 819 metterdaedt,
2753 758 2944 809 weehdigh
2966 751 3161 802 gemaeckt

1272 931 1370 983 doch
1390 922 1489 974 voor
1510 909 1704 966 schelmen
1725 905 1775 953 en
1797 892 2062 949 bedriegers,
2084 888 2157 935 als
2179 883 2348 932 wanneer
2371 880 2444 927 met
2466 875 2587 924 hunne
2609 868 2731 919 acten
2751 863 2802 911 't
2824 851 3040 907 Contrarie
3063 843 3256 895 bethoont

1275 1038 1344 1085 hun
1364 1025 1546 1082 besworen
1565 1011 1770 1068 beloften,
1789 1004 1883 1055 ende
1903 991 2130 1047 contracten
2151 983 2422 1035 Verbroocken,
2442 978 2534 1027 alle
2556 972 2692 1022 vorige
2713 962 2939 1016 ontallicke
2960 954 3119 1006 genoten
3140 950 3323 998 weldaden

1284 1132 1519 1196 proffyten
1542 1123 1647 1176 ende
1669 1116 1775 1166 onse
1799 1104 2005 1159 compagie
2029 1100 2108 1148 als
2132 1099 2185 1144 d'
2209 1094 2364 1144 eenige
2389 1081 2724 1139 voestermoeder
2748 1077 2826 1125 van
2849 1068 2980 1120 haere
3003 1053 3237 1112 opcomste,

1282 1252 1451 1311 staedt,
1471 1242 1568 1295 ende
1589 1230 1805 1286 middelen,
1826 1216 2064 1273 geheelijck
2086 1206 2301 1260 vergeten,
2322 1202 2419 1250 ende
2441 1198 2513 1246 als
2535 1185 2821 1243 ondanckbaren
2843 1182 2915 1229 met
2936 1178 2986 1226 d'
3008 1172 3128 1222 voedt
3149 1154 3387 1215 gestooten,

1284 1365 1391 1423 ende
1414 1360 1518 1408 sich
1540 1350 1671 1404 alsoo
1693 1344 1772 1394 van
1795 1337 1874 1388 ons
1897 1319 2178 1380 afgesondert
2202 1312 2381 1362 hebben,
2406 1309 2483 1357 dat
2507 1304 2584 1352 god
2609 1302 2661 1348 d'
2682 1290 2863 1344 Voorste
2887 1277 3143 1334 vertrouwen
3165 1270 3220 1320 In

1294 1467 1444 1521 corten
1467 1462 1542 1511 tot
1565 1456 1664 1506 haer
1687 1453 1738 1500 en
1760 1446 1860 1496 niet
1881 1441 1933 1489 d'
1954 1426 2201 1484 Compagnies
2226 1420 2373 1471 ruijne
2395 1406 2642 1463 redunderen
2665 1400 2764 1449 sal,
2787 1396 2886 1444 doch
2909 1391 3008 1440 moet
3032 1389 3106 1435 den
3130 1379 3326 1433 alleeren

1296 1575 1387 1624 tyt
1413 1556 1742 1617 d'uytcomste
1770 1546 1980 1600 daervan
2007 1530 2336 1589 oppenbaren,
2364 1524 2454 1573 was
2481 1515 2721 1567 geteeck.
2748 1512 2781 1559 t
2810 1504 2988 1555 Arnold
3014 1492 3225 1548 Heussen

1138 1735 1189 1783 Ao
1209 1730 1260 1779 4.
1283 1724 1357 1774 d.o
1377 1712 1524 1767 become
1546 1708 1620 1756 van
1643 1701 1860 1753 weasulpat
1883 1698 1932 1745 am
1956 1692 2124 1742 millive
2146 1687 2268 1737 vande
2291 1672 2677 1732 opvercoopluijden
2700 1669 2773 1716 b:e
2795 1657 3085 1713 Bartholomeus
3108 1656 3157 1701 d'
3180 1650 3373 1700 gruijter

1292 1820 1386 1873 ende
1404 1808 1544 1863 pieter
1563 1802 1679 1852 sijne
1701 1795 1905 1847 gedateert
1928 1794 1996 1840 21.
2017 1792 2042 1838 '
2063 1785 2268 1836 September
2290 1779 2449 1829 daerbij
2470 1774 2585 1823 onder
2606 1768 2766 1819 anderen
2786 1757 3038 1811 g'adviseert
3060 1752 3174 1802 Weret

1293 1923 1366 1978 hoe
1385 1919 1433 1966 op
1453 1915 1523 1964 17.
1541 1912 1567 1958 '
1587 1907 1657 1956 d.o
1676 1903 1701 1950 t
1722 1897 1858 1947 fluijt
1878 1890 1992 1941 schip
2014 1885 2216 1935 Heemstede
2238 1883 2328 1930 ende
2349 1881 2395 1927 't
2416 1876 2530 1926 Jacht
2551 1866 2798 1920 Grijwkercke
2819 1863 2955 1911 aldaer
2975 1859 3044 1907 wel
3065 1851 3336 1903 aengelanght,

1290 2015 1388 2068 Item
1409 2009 1482 2057 dat
1504 1999 1673 2053 gemelte
1695 1993 1815 2042 Jacht
1836 1988 1909 2036 den
1933 1987 2004 2033 21.
2028 1987 2052 2032 '
2074 1981 2290 2031 derselver
2312 1978 2457 2026 maendt
2479 1976 2552 2022 met
2574 1973 2623 2020 it
2645 1962 2956 2017 geprocureerde
2977 1957 3075 2006 ende
3098 1956 3146 2001 In

1300 2107 1542 2165 voorraedt
1566 2097 1756 2152 wesende
1780 2089 1916 2140 roodt
1941 2083 2157 2132 Cattoene
2183 2081 2344 2128 gaeren
2371 2080 2452 2126 &=a
2477 2071 2746 2124 monterende
2825 2063 2987 2112 10185
3010 2057 3067 2106 3
3091 2052 3174 2100 12
3197 2047 3313 2095 naer

1303 2216 1417 2266 peguw
1437 2202 1667 2260 vertrocken
1688 2199 1781 2247 was,
1803 2195 1895 2243 ende
1915 2192 1963 2239 ts
1985 2188 2123 2236 fluijt
2145 2184 2260 2232 schip
2281 2178 2488 2228 Heemstede
2509 2176 2533 2222 2
2555 2176 2579 2221 a
2600 2174 2624 2220 3
2645 2171 2761 2218 dagen
2782 2165 2943 2215 dneraen
2964 2162 3034 2209 nae
3055 2152 3263 2206 bengaelen
3282 2148 3330 2195 te

1317 2319 1495 2374 volgen
1522 2307 1674 2363 stont

1454 2433 1551 2487 Den
1573 2432 1646 2488 H.
1675 2427 1708 2474 r
1740 2411 2058 2474 Miersumela
2087 2405 2185 2454 was
2216 2397 2472 2449 weijnich
2502 2393 2663 2441 dagen
2694 2385 2981 2438 Vehebeden
3012 2374 3367 2430 opteenstich

1307 2555 1515 2611 aenhouden
1536 2548 1676 2599 vanden
1696 2541 1859 2592 Coninck
1880 2537 1974 2585 naer
1995 2534 2180 2581 Golconda
2202 2528 2456 2578 vertrocken,
2478 2525 2594 2573 edoch
2614 2519 2732 2569 bleef
2752 2515 2800 2562 't
2821 2512 2938 2559 leger
2960 2510 3007 2556 te
3029 2507 3144 2555 velde
3166 2505 3236 2552 als

1302 2682 1406 2734 noch
1429 2666 1708 2726 continueren
1733 2660 1885 2710 sonder
1908 2654 1986 2704 dat
2010 2651 2086 2698 men
2110 2648 2187 2696 van
2212 2646 2288 2693 hun
2313 2643 2465 2690 verder
2489 2638 2717 2688 voornemen
2740 2633 2843 2682 Iets
2865 2617 3197 2678 fondamenteels

1310 2801 1445 2850 conde
1469 2789 1713 2845 vernemen,
1737 2783 1794 2832 d'
1818 2773 2061 2826 geruchten
2088 2769 2249 2818 gongen
2275 2767 2357 2814 een
2382 2756 2679 2812 Ambassadeur
2704 2751 2867 2800 vanden
2892 2738 3221 2795 Carnatischen

1316 2921 1506 2976 Coninck
1530 2916 1587 2964 In
1612 2905 1831 2960 Golconda
1856 2898 2129 2949 aengecomen
2155 2895 2238 2942 Was
2263 2892 2346 2939 met
2372 2890 2455 2937 wat
2480 2880 2726 2935 commissie
2751 2875 2889 2924 vedel
2912 2868 3024 2918 noch
3050 2862 3349 2912 onseecker./

1311 3049 1409 3101 ende
1430 3043 1503 3091 sal
1524 3036 1621 3086 sich
1643 3029 1787 3080 metten
1809 3025 1905 3073 tijt
1927 3020 2071 3070 motten
2094 3012 2357 3064 openbeeren.

1295 3193 1348 3242 d.
1371 3191 1396 3236 o
1418 3176 1689 3236 verschijndt
1712 3173 1860 3220 alhier
1882 3170 1957 3217 ter
1981 3166 2104 3214 rhede
2127 3164 2177 3210 's
2199 3160 2299 3208 acht
2323 3158 2373 3204 d'
2394 3146 2641 3201 Waterhoudt
2664 3143 2738 3190 van
2761 3140 2812 3188 S.
2834 3139 2860 3184 t
2884 3137 2984 3183 Crus
3007 3139 3056 3184 d'
3078 3130 3202 3182 Gaele

1321 3300 1423 3349 over
1446 3285 1702 3344 Carcaldaer
1726 3281 1803 3329 met
1828 3274 1981 3325 become
2005 3265 2184 3318 missive
2209 3260 2362 3310 Vanden
2386 3254 2641 3305 Gouverneur
2665 3249 2768 3298 Joan
2793 3244 2997 3293 Thijssen
3020 3231 3200 3288 daerbij

1321 3409 1425 3460 niet
1448 3391 1731 3452 annotterens
1755 3381 1961 3435 waerdigh
1986 3370 2268 3425 g'adviseert
2293 3365 2446 3414 werdt,
2471 3363 2498 3409 I
2522 3359 2600 3407 tem
2624 3356 2702 3404 een
2727 3355 2779 3401 d.
2804 3354 2830 3399 o
2855 3349 3009 3398 vanden
3032 3339 3345 3394 opvercoopman

1291 3534 1346 3585 S.
1364 3528 1395 3576 r
1415 3509 1593 3568 Adriaen
1615 3500 1767 3553 vander
1790 3492 1941 3544 meijde
1966 3488 2066 3536 ende
2088 3481 2265 3531 Coopman
2290 3475 2489 3526 Crackouw
2513 3469 2763 3519 daernevens
2786 3466 2913 3512 onder
2937 3460 3112 3510 anderen
3136 3456 3336 3504 vernemen

1307 3618 1515 3684 gemelte
1542 3610 1660 3662 Jach
1686 3606 1747 3653 18
1775 3597 2036 3650 aterhoudt
2063 3592 2152 3641 met
2180 3592 2297 3638 4000
2325 3583 2615 3637 parrarijs,
2643 3580 2702 3627 en
2728 3576 2789 3624 46
2817 3566 2992 3619 packen
3020 3555 3310 3610 diveersche

1303 3727 1570 3789 soeteringe
1595 3723 1677 3771 van
1702 3714 1863 3767 cheden
1889 3706 2076 3758 beladen
2101 3702 2236 3750 Comt,
2261 3697 2369 3746 Item
2395 3692 2476 3741 dat
2499 3687 2609 3735 uijt
2634 3678 2875 3731 nagapatam
2900 3674 2955 3722 nu
2981 3664 3281 3718 Cortelingh

1323 3853 1353 3900 6
1376 3834 1630 3897 verachten
1655 3822 1852 3876 1weeten
1877 3819 1908 3866 2
1933 3814 2046 3862 naer
2073 3806 2240 3858 Atchin
2267 3804 2296 3850 1
2322 3800 2434 3848 naer
2461 3794 2712 3844 Mallacca,
2738 3789 2823 3837 een
2849 3785 2962 3833 naer
2987 3771 3240 3828 Maccasser

1319 3956 1403 4007 een
1427 3948 1536 3998 naer
1561 3938 1831 3992 Tannasser,
1856 3931 1965 3982 ende
1989 3925 2072 3975 een
2098 3923 2126 3969 d
2152 3923 2179 3968 o
2204 3917 2313 3967 naer
2338 3909 2554 3962 Ouijangh
2580 3903 2769 3954 salangh
2795 3900 2876 3948 soo
2902 3896 3010 3944 door
3035 3893 3064 3939 d
3090 3881 3413 3937 porsngelsche

1313 4066 1479 4127 wooren
1504 4059 1587 4109 als
1611 4054 1668 4102 s'
1692 4039 1938 4097 Ventreven
1963 4028 2289 4083 uijtgereedt,
2315 4020 2587 4072 vertrocken
2612 4015 2803 4064 waeren,
2827 4009 2938 4058 Item
2963 4005 3046 4053 dat
3072 4002 3154 4049 met
3180 4001 3290 4048 over

1317 4203 1374 4248 d'
1399 4192 1515 4246 1000
1537 4170 1710 4234 groote
1736 4159 1907 4212 packen
1934 4147 2216 4202 alderhande
2244 4145 2357 4192 doch
2385 4141 2526 4189 meest
2554 4136 2695 4186 grove
2722 4126 3005 4180 sorteringe
3029 4122 3117 4172 van
3145 4121 3316 4170 Cleden

1319 4301 1441 4356 uijt
1469 4284 1739 4345 Nagapatam
1767 4278 1859 4328 syn
1887 4267 2157 4321 gevoerdt,
2184 4263 2246 4310 in
2274 4252 2545 4307 Nagapatam
2574 4247 2693 4295 lagh
2721 4241 2843 4291 noch
2871 4236 2962 4285 140
2990 4227 3141 4279 bhaer
3169 4220 3352 4271 sandel

3195 4332 3262 4382 60
3292 4331 3392 4381 88.
