3567 4801
2722 508 2897 557 854

872 704 1140 765 oberen
1181 692 1538 748 gevallen
1580 684 1803 735 regen
1844 676 2068 727 desen
2111 672 2333 720 jaere
2377 668 2510 716 tot
2553 652 2951 712 perfectie

919 819 1256 887 Gecomen
1302 812 1447 862 is,
1491 798 1687 855 ende
1732 793 1830 840 d'
1876 781 2165 835 landen
2210 772 2499 823 alomme
2546 767 2739 817 door
2786 763 2885 811 d'

846 933 1305 1006 oorloogen
1353 908 1761 975 Bedorven
1810 902 1912 950 d'
1963 884 2521 948 ingesetenen
2571 876 2927 931 berooft

857 1066 1047 1118 ende
1093 1046 1517 1110 verjaecht
1563 1028 1894 1089 werden,
1939 1019 2129 1071 ende
2176 1013 2364 1063 leer
2411 1004 2790 1058 weijnich

858 1184 1093 1244 vande
1135 1161 1696 1226 s'gengelijse
1740 1148 1928 1203 Cust
1971 1140 2160 1193 mits
2196 1128 2531 1184 gedaene
2578 1115 2904 1173 verbodt

844 1315 986 1368 des
1031 1285 1685 1359 golcondaetsche
1731 1272 2058 1327 maijs„t
2102 1267 2198 1316 te
2242 1252 2617 1310 gemoeten
2660 1241 2943 1297 hebben

869 1446 1012 1498 ten
1058 1428 1393 1490 anderen
1439 1415 1679 1471 Gaele
1725 1402 2012 1457 sonder
2058 1383 2393 1445 gevolch
2439 1371 2583 1423 als
2629 1364 2726 1413 nu
2771 1353 2916 1405 van

855 1578 1000 1632 dat
1046 1558 1285 1618 graen
1329 1549 1428 1601 in
1475 1537 1762 1591 groote
1809 1520 2382 1581 extremiteijt
2428 1515 2668 1563 soude
2715 1506 2954 1558 comen

868 1723 967 1772 te
1013 1693 1502 1766 vervallen,
1548 1683 1746 1737 ende
1793 1675 1989 1727 door
2035 1663 2281 1719 gaens
2327 1643 2817 1706 apparenter

833 1854 1208 1927 middelen
1253 1846 1396 1897 tot
1440 1835 1630 1889 ons,
1674 1827 1818 1879 als
1864 1818 2005 1869 wel
2049 1803 2287 1861 Gaele
2330 1785 2662 1846 Lecours
2708 1771 2897 1826 voor

825 2006 1117 2091 handen
1161 1989 1354 2048 zijn
1398 1970 1639 2030 teene
1684 1954 2019 2012 obiject
2066 1945 2209 1996 dan
2253 1930 2494 1989 tegen
2539 1926 2590 1974 t
2635 1909 2875 1967 ander

855 2122 1253 2202 gesteldt,
1294 2108 1471 2164 ende
1513 2098 1688 2150 dese
1731 2092 1994 2144 saecke
2033 2083 2212 2136 naer
2253 2074 2473 2126 rijpe
2514 2061 2996 2118 deliberatie

861 2240 1291 2318 overwoogen
1332 2230 1505 2283 ende
1544 2203 2018 2274 jnnegesien,
2060 2203 2189 2251 als
2230 2196 2403 2248 oocq
2446 2194 2575 2240 opt
2616 2186 2961 2237 affschep

877 2379 1021 2430 der
1062 2346 1499 2420 Contanten
1543 2331 1738 2388 ende
1783 2309 2503 2374 coopmanschappen
2551 2306 2743 2354 voor
2789 2300 2887 2349 de

873 2504 1069 2560 voor
1116 2471 1458 2543 gemelte
1501 2446 1994 2510 Comptoiren
2039 2424 2481 2489 overslach
2529 2411 2969 2468 gemaeckt,

871 2632 1051 2686 ende
1092 2625 1184 2675 op
1223 2595 1624 2666 desselfs,
1665 2554 2373 2638 noodtwendicheijt
2414 2539 2680 2596 geledt
2723 2524 2990 2582 sijnde

889 2766 977 2818 is
1011 2749 1146 2808 een
1181 2719 1650 2788 parichlijck
1691 2711 1861 2763 goet
1903 2691 2242 2755 gevonden
2281 2679 2451 2732 ende
2491 2661 3004 2723 g'arresteert

919 2856 1779 2945 tnaervolgende

864 3125 1452 3188 Eerstelijck
1501 3119 1666 3169 dat
1719 3115 1880 3164 men
1930 3109 2040 3160 op
2093 3098 2361 3152 vaste
2407 3090 2681 3142 hoope
2733 3087 2897 3135 van

867 3246 1164 3305 redres
1211 3238 1409 3289 ende
1456 3235 1605 3281 een
1653 3209 2242 3278 onbecommerde
2288 3188 2634 3252 negotie
2681 3179 2881 3231 inde

855 3353 1367 3430 Bengaelsche
1413 3331 1878 3396 quartieren
1924 3328 2064 3375 tot
2108 3308 2390 3371 vigeur
2435 3287 2901 3350 desselffs,

864 3497 1085 3557 ende
1136 3449 1789 3536 Bemachtigen,
1842 3438 2114 3491 vande
2168 3416 2765 3482 vereijschte

840 3617 1336 3695 quantiteijt
1376 3598 1652 3660 sijde,
1693 3583 1831 3639 sal
1874 3569 2146 3626 peeter
2188 3562 2281 3611 @d
2322 3545 2641 3606 struijt
2684 3539 2911 3588 schip

825 3755 1306 3836 heemstede
1354 3726 1836 3797 andermael
1889 3711 2367 3770 derwaerts
2418 3687 3008 3752 overvisiga„

819 3900 1128 3976 „patam
1177 3886 1332 3942 (om
1381 3873 1587 3930 offt
1635 3855 1944 3916 gewiel
1992 3848 2097 3897 d'
2145 3838 2250 3890 60
2300 3825 2607 3880 lasten
2651 3817 2913 3870 rijst

856 4032 1110 4097 wegen
1156 4025 1258 4073 d'
1299 4017 1408 4069 E:
1452 3991 1752 4058 Comp„e
1799 3968 2248 4033 ingekocht
2293 3961 2447 4014 van
2493 3952 2694 4003 daer
2738 3946 2943 3997 noch

887 4161 1088 4214 niet
1134 4134 1788 4202 affgescheept,
1837 4130 2039 4179 ende
2087 4107 2540 4176 herwaerts
2587 4094 2990 4149 gesonden

863 4291 1221 4357 waeren,
1270 4282 1375 4335 d'
1420 4259 1678 4322 selve
1727 4257 1831 4304 jn
1879 4241 2288 4304 passandt
2337 4234 2440 4283 jn
2488 4227 2593 4277 te
2642 4221 2948 4269 nemen)

2845 4387 2933 4444 d=le

2512 4451 2753 4516 399¼
2790 4441 2925 4494 lb
