3642 4883
1340 755 1709 802 Volgende
1754 755 2030 802 jaeren
2075 752 2168 799 in
2213 746 2675 797 qualiteijt
2717 745 2859 794 van
2904 741 3411 793 Bosschieter

1345 863 1807 915 aengenomen
1853 860 2039 908 ende
2081 856 2224 904 een
2270 846 2732 901 Belooningh
2778 846 2917 893 van
2964 848 3056 893 11
3101 841 3427 892 guldens

1345 977 1496 1027 ter
1525 972 1843 1019 maendt
1893 961 2439 1017 toegevought
2484 949 2985 1005 innegaende
3029 949 3084 997 t
3133 948 3435 999 nieuwe

1332 1082 1712 1144 verbandt
1759 1079 1950 1126 ende
1997 1078 2093 1125 d'
2139 1066 2710 1126 verbeteringe
2756 1063 2900 1110 van
2946 1059 3185 1109 gagie
3232 1059 3426 1111 dato

1335 1201 1543 1254 als
1608 1181 2023 1241 vooren

1329 1367 1527 1425 Hans
1575 1354 1918 1411 Hanssen
1965 1349 2113 1397 van
2161 1342 2503 1394 meldorp
2549 1335 2650 1386 jn
2696 1327 2943 1378 jndia
2991 1318 3358 1370 gecomen

1336 1483 1436 1531 ao
1484 1470 1684 1526 1643
1731 1459 1882 1512 met
1930 1444 2228 1500 tschip
2275 1440 2673 1489 Wallacca
2719 1431 2921 1483 voor
2966 1416 3370 1474 Bootsman

1298 1586 1346 1636 a
1385 1579 1428 1625 ƒ
1469 1579 1511 1624 6
1552 1573 1679 1623 ter
1719 1562 1929 1615 maent
1969 1556 2180 1604 wiens
2221 1552 2388 1599 tijt
2430 1551 2514 1597 nu
2555 1547 2681 1594 ten
2721 1539 2974 1590 vollen
3015 1525 3434 1583 g'expireer

1320 1681 1606 1737 sijnde
1649 1677 1749 1726 en
1794 1662 2128 1720 genegen
2175 1659 2366 1707 D'E:
2408 1655 2698 1703 comp„e
2745 1648 2936 1700 noch
2980 1638 3268 1690 langer
3303 1634 3410 1682 jn

1333 1787 1547 1844 jndia
1588 1781 1675 1830 te
1717 1766 1973 1823 dienen
2015 1765 2229 1811 werdt
2271 1763 2399 1809 der
2440 1758 2698 1808 halven
2740 1757 2826 1803 op
2866 1749 3039 1802 sijn
3082 1744 3423 1794 vertoogh

1326 1901 1521 1953 ende
1562 1881 2151 1943 Bequaemheijt
2199 1879 2297 1925 d'
2345 1876 2540 1924 novo
2587 1868 2783 1920 voor
2830 1859 3074 1910 drije
3120 1859 3366 1907 naest

1327 2000 1705 2066 volgende
1750 1991 2036 2045 jaeren
2080 1983 2177 2033 in
2219 1982 2318 2029 de
2364 1970 2836 2024 qualiteijt
2882 1952 3354 2013 aengenomen

1336 2116 1519 2166 ende
1563 2111 1701 2159 een
1745 2098 2200 2155 Belooningh
2243 2091 2382 2142 van
2426 2084 2655 2136 thien
2697 2074 3017 2130 guldens
3061 2072 3199 2119 ter
3242 2064 3427 2118 maen

1321 2214 1800 2272 toegevougt
1847 2205 2183 2256 tnieuwe
2230 2197 2614 2249 verbandt
2661 2194 2854 2242 end'
2901 2176 3433 2238 verbetering

1328 2326 1488 2379 van
1539 2316 1807 2371 gagie
1859 2309 2072 2359 dato
2121 2303 2283 2351 als
2336 2298 2655 2347 vooren
2705 2291 2762 2341 —

1253 2489 1640 2561 Gerridt
1692 2483 2241 2533 gerritssen
2285 2482 2457 2533 van
2510 2478 3002 2527 nieuwerck
3047 2475 3166 2523 ao
3219 2473 3438 2521 1643

1326 2619 1494 2676 met
1545 2601 1821 2658 schip
1874 2594 1985 2643 d'
2037 2577 2476 2635 walvisch
2529 2574 2639 2623 jn
2693 2572 2967 2622 jndia
3022 2559 3405 2617 gecomen

1370 2728 1624 2778 voor
1687 2700 2384 2773 Rootsgehell
2444 2694 2511 2743 a
2573 2692 2701 2740 ƒ9
2760 2683 3080 2735 wiens
3142 2677 3398 2728 tijt

1322 2856 1473 2906 nu
1545 2840 1773 2898 ten
1844 2820 2298 2883 vollen
2370 2784 3272 2860 G'expireerdt

1318 2968 1749 3040 sijnde
1811 2951 2105 3008 ende
2174 2937 2679 2996 genegen
2728 2938 2816 2993 D
2873 2898 3386 2986 EComp„e

1321 3113 1559 3163 noch
1604 3095 1976 3156 langer
2033 3086 2155 3139 in
2213 3077 2512 3128 jndia
2561 3073 2690 3120 te
2749 3067 3109 3116 dienen

1339 3229 1649 3277 werdt
1709 3200 2269 3273 derhalven
2329 3195 2454 3240 op
2511 3187 2764 3240 sijn
2824 3173 3322 3230 vertooch

1337 3344 1617 3402 ende
1684 3313 2514 3387 Bequaemheijt
2583 3311 2722 3356 de
2789 3306 3067 3356 novo
3136 3301 3413 3351 voor

1325 3463 1640 3529 drije
1702 3451 2013 3507 naest
2076 3435 2573 3497 volgende
2633 3423 3009 3479 jaeren
3069 3415 3382 3469 indo.

1318 3584 2003 3658 qualiteijt
2067 3560 2753 3626 aengenomen
2821 3555 3095 3605 ende
3162 3546 3369 3599 een

1319 3717 2082 3801 Belooningh
2157 3700 2386 3758 van
2461 3694 2766 3743 elff
2839 3677 3382 3736 guldens

1327 3875 1557 3928 ter
1630 3860 2086 3919 maendt
2161 3824 2992 3907 Toegevoucht
3064 3804 3370 3865 inne

1331 3992 1823 4056 Gaende
1904 3991 1986 4036 t
2066 3974 2557 4033 nieuwe
2635 3964 3288 4023 verbandt

1343 4121 1625 4172 ende
1694 4095 2681 4166 d'verbeteringe
2750 4088 2962 4137 van
3029 4069 3384 4131 Gagie

1329 4249 1594 4298 dato
1659 4242 1859 4293 als
1916 4232 2322 4286 vooren
