3642 4828
930 520 1108 572 meert
1140 519 1178 566 a
1211 516 1284 562 o.
1317 512 1496 560 1646.

1337 665 1444 713 sich
1470 666 1629 714 tleder
1654 670 1892 718 geslaegen
1918 674 2076 720 hadde,
2102 675 2208 721 maer
2234 676 2314 723 dat
2339 678 2603 725 voornemens
2629 680 2709 725 was
2735 680 2867 726 weder
2893 681 2946 727 in
2972 683 3025 729 te
3051 684 3237 737 trecken
3261 693 3292 741 —

1344 770 1452 817 dies
1479 769 1533 815 d'
1559 768 1696 814 mags.
1722 770 1749 815 t
1776 770 2019 816 denckende
2046 770 2100 815 op
2127 770 2344 817 middelen
2370 772 2452 818 van
2479 773 2695 821 defensie
2722 776 2857 821 heeft
2884 775 3154 826 Babelechan

1347 868 2055 918 danielewencketapeneijcke
2085 868 2203 914 ende
2232 868 2410 915 andere
2438 871 2615 918 belast
2645 872 3057 922 haerderwaerdts
3087 877 3146 922 In
3175 877 3416 925 vertocht

1350 979 1405 1027 te
1431 975 1671 1023 schicken,
1696 974 1910 1019 eenlijck
1935 972 2042 1018 omme
2068 971 2149 1017 ten
2175 970 2414 1016 verhoeden
2440 969 2494 1014 nd
2520 969 2733 1016 vijanden
2759 971 2866 1016 niet
2892 971 3078 1017 Wijders
3104 971 3372 1020 Inblaecken

1330 1075 1513 1126 sonder
1542 1075 1723 1122 tegens
1752 1077 1873 1123 haer
1902 1076 1963 1122 te
1992 1075 2173 1123 slaen,
2202 1076 2502 1123 Babalachan
2532 1078 2833 1125 andtwoorde
2862 1080 3072 1126 gereedt
3100 1078 3162 1126 te
3191 1077 3353 1124 wesen

1342 1180 1505 1226 Indien
1530 1181 1611 1226 hem
1638 1181 1691 1226 d'
1718 1181 1852 1227 mags.
1879 1182 1906 1227 t
1933 1181 2094 1228 gastoo
2120 1183 2416 1230 verschoefse
2442 1184 2657 1231 waeromme
2683 1183 2764 1230 den
2790 1182 2979 1229 Coninck
3005 1184 3085 1229 den
3111 1182 3408 1229 Ambassadeur

1342 1283 1423 1331 van
1450 1284 1664 1330 siagadeo
1691 1284 1825 1330 aldus
1852 1284 2094 1331 toespracq
2119 1287 2201 1332 ick
2227 1288 2388 1337 thadde
2414 1292 2630 1343 gemeenet
2655 1299 2763 1347 glij
2789 1303 2817 1348 u
2843 1304 3057 1353 plaetsen
3083 1307 3137 1352 en
3164 1307 3433 1354 frontieren

1340 1403 1475 1454 beter
1500 1400 1633 1447 tegen
1660 1400 1740 1446 den
1765 1400 1925 1446 vyandt
1950 1400 2084 1446 soudt
2110 1400 2270 1446 hebben
2296 1401 2614 1449 gedefendeert
2640 1404 2694 1449 en
2720 1405 2800 1450 ten
2824 1403 3011 1450 minsten
3038 1405 3144 1451 voor
3170 1406 3197 1451 6
3222 1405 3303 1452 aen
3328 1406 3437 1454 maen

1353 1507 1488 1556 sondt
1515 1504 1758 1551 beschermt
1784 1504 1974 1550 hebben,
2000 1503 2055 1549 nu
2081 1502 2163 1548 ben
2190 1502 2514 1549 genoodsaeckt
2540 1505 2649 1552 mijn
2675 1507 2810 1554 macht
2837 1509 3108 1558 derwaerdts
3134 1514 3188 1559 te
3215 1512 3432 1561 schicken

1349 1619 1434 1667 dut
1462 1619 1574 1664 sult
1601 1617 1713 1663 alle
1741 1615 1881 1662 naest
1908 1615 1993 1661 den
2020 1615 2188 1661 vyandt
2215 1616 2411 1665 gelegen
2439 1620 2690 1668 sterckten
2718 1622 2803 1667 aen
2830 1623 2942 1669 mijn
2968 1623 3109 1670 volcq
3137 1625 3392 1679 overgeven

1354 1722 1464 1768 ende
1491 1721 1656 1768 naer't
1684 1723 1903 1768 eyndigen
1931 1723 2013 1768 des
2041 1723 2289 1774 Oorlooghs
2315 1729 2481 1775 sullen
2507 1730 2591 1777 die
2616 1731 2727 1777 uwen
2754 1731 2865 1777 Heer
2892 1733 3030 1779 Weder
3057 1734 3415 1783 gerestitueert

1351 1837 1546 1885 werden,
1568 1835 1901 1886 voorschreven
1925 1833 2231 1880 Ambassadeur
2258 1835 2590 1882 respondeerde
2615 1838 2726 1884 sijn
2753 1838 2947 1885 meester
2973 1841 3056 1887 die
3083 1842 3276 1890 plaetse

1351 1957 1456 2009 niet
1480 1954 1608 2001 conde
1633 1952 1888 1999 overgeven,
1913 1953 2016 1999 ende
2040 1952 2195 1999 eerdat
2218 1954 2270 2000 te
2295 1954 2422 2001 doen,
2447 1953 2575 2000 wilde
2600 1952 2753 1998 liever
2778 1952 2931 1998 eenich
2956 1952 3424 2008 geldtcontribueren,

1352 2067 1569 2122 alwaert
1599 2068 1661 2114 25
1691 2069 1722 2115 O
1751 2067 2027 2114 perdiauws
2058 2067 2150 2113 dat
2179 2067 2241 2114 d'
2271 2067 2425 2114 magh.
2455 2069 2486 2115 t
2514 2068 2670 2115 alsoo
2700 2067 3067 2114 accordeerde,
3097 2069 3220 2114 mets
3249 2066 3314 2113 de

1350 2180 1668 2228 benodicheyt
1696 2179 1784 2224 van
1812 2178 1900 2224 die
1927 2176 2106 2223 specie

1193 2341 1535 2395 Zeeckeren
1572 2335 1989 2385 ambassadeur
2026 2335 2330 2387 genaempt
2367 2342 2936 2399 aniwoescraijrau
2972 2354 3200 2402 wegens
3238 2356 3369 2403 den

1350 2449 1546 2506 Coninck
1573 2447 1656 2493 van
1684 2444 1905 2492 golconda
1932 2445 1988 2491 Is
2013 2444 2208 2491 omtrent
2235 2446 2401 2493 velour
2428 2449 2705 2500 verschenen
2731 2456 2843 2502 ende
2868 2456 3035 2503 vanden
3062 2456 3176 2503 adel

1353 2550 1723 2608 pompeuselijck
1752 2550 2037 2597 ontfangen,
2063 2551 2179 2597 ende
2206 2552 2633 2607 t'hovegebraght,
2661 2562 2917 2608 brengende
2946 2563 3031 2608 tot
3059 2559 3376 2608 schenckagie

1361 2662 1474 2709 twee
1502 2660 1784 2708 oluphanten
1813 2661 1925 2706 ende
1954 2661 2011 2707 18
2034 2659 2264 2707 derhande
2292 2657 2519 2704 Cledinge
2546 2659 2800 2708 Vercierdt
2828 2662 2913 2707 met
2941 2662 3167 2707 robijnen
3195 2661 3253 2707 en

3339 2664 3375 2709 -

1355 2760 1611 2807 diamanten
1639 2760 1725 2807 200
1752 2760 2065 2807 tassarijven
2093 2763 2150 2808 en
2178 2762 2320 2808 veele
2348 2762 2632 2811 reuckwercq
2660 2766 2802 2813 sijne
2829 2768 3028 2815 brieven
3056 2770 3312 2817 vermelden
3339 2771 3376 2819 —

1360 2877 1448 2924 dat
1476 2875 1536 2921 d'
1562 2870 1710 2919 mags:
1739 2869 1827 2914 van
1856 2867 2119 2914 Carnatica
2148 2867 2266 2913 niet
2294 2869 2353 2914 en
2382 2869 2704 2922 mostdencken
2732 2878 2849 2923 noch
2877 2876 2937 2923 te
2966 2876 3200 2923 gelooven
3228 2877 3322 2927 sal

1357 2984 1442 3033 hoe
1468 2979 1552 3028 wel
1579 2978 1662 3023 met
1689 2978 1745 3023 't
1772 2978 1910 3023 leger
1938 2978 1993 3024 in
2020 2979 2130 3024 sijn
2158 2979 2461 3026 landswaeren
2489 2980 2820 3027 Jngetrocken)
2847 2982 2985 3028 sulcx
3011 2981 3122 3028 uijt
3150 2977 3454 3026 vyandtschap

1358 3090 1470 3137 ofte
1497 3088 1553 3134 om
1579 3085 1665 3133 het
1693 3084 1832 3130 Vrede
1860 3085 2083 3131 verbondt
2111 3086 2167 3132 te
2195 3087 2418 3136 breecken
2446 3091 2558 3137 was,
2585 3092 2698 3138 maer
2725 3093 2864 3140 sulcx
2892 3095 2976 3141 was
3004 3096 3231 3147 eenlijck

3295 3105 3369 3158 -

1362 3200 1615 3254 geschiedt
1642 3199 1865 3246 doordien
1893 3199 1976 3246 den
2003 3200 2199 3246 Coninck
2226 3201 2310 3248 van
2337 3203 2589 3254 Visiapour
2616 3210 2728 3258 (die
2755 3214 2923 3262 gansch
2950 3218 3089 3265 tegen
3117 3220 3340 3269 Carnatua
3364 3220 3396 3268 —

1353 3320 1444 3373 wat
1471 3313 1763 3363 Ingenomen)
1791 3314 1907 3361 syne
1936 3314 2082 3360 hulpe
2110 3316 2371 3363 Versoght,
2399 3317 2516 3362 ende
2544 3318 2719 3366 sijnen
2748 3321 3067 3372 Ambassadeur
3095 3328 3212 3375 daer
3240 3331 3356 3378 seer

1373 3435 1432 3481 om
1460 3428 1782 3480 aengehouden
1811 3428 1986 3477 hadde,
2015 3432 2278 3478 aengaende
2307 3433 2570 3483 oudehiere
2598 3439 2687 3486 sin
2715 3442 2861 3491 volcq
2890 3446 2979 3493 Was
3007 3448 3328 3496 daeromtrent

1353 3553 1589 3611 gecomen,
1616 3549 1764 3598 soude
1794 3546 2028 3594 meeningh
2057 3547 2145 3594 van
2173 3549 2438 3597 offelutie
2466 3552 2584 3599 maer
2612 3552 2701 3599 die
2729 3552 2818 3600 het
2847 3556 3082 3607 bewaerde
3110 3561 3198 3608 gaf
3227 3560 3316 3608 het

1351 3664 1620 3716 dadelijck
1649 3663 1768 3709 over
1798 3664 1917 3710 ende
1946 3663 2214 3711 vlughten,
2244 3664 2512 3713 voorwaert
2541 3669 2631 3715 was
2660 3670 2779 3717 seer
2808 3672 3046 3718 qualijck
3076 3673 3227 3722 vande
3254 3679 3285 3725 —

1350 3784 1502 3842 mags.
1531 3783 1561 3829 t
1590 3781 1767 3830 gedaen
1795 3778 1855 3825 in
1883 3775 1972 3822 soo
2002 3773 2090 3820 een
2119 3773 2356 3819 sterckte
2384 3775 2444 3821 en
2472 3776 2738 3826 frontier,
2767 3781 2914 3828 sulcq
2944 3783 3032 3829 een
3061 3781 3297 3830 sleghten
3326 3781 3357 3828 —

1362 3891 1565 3948 persoon
1593 3888 1680 3935 tot
1707 3886 1995 3932 gouverneur
2021 3883 2080 3931 te
2109 3883 2338 3929 stellen,
2367 3884 2453 3931 Iae
2481 3886 2683 3935 alwaert
2710 3891 2768 3936 in
2796 3891 2911 3938 tijt
2939 3892 3026 3937 Van
3053 3891 3201 3941 Vrede

1361 3997 1471 4045 ende
1497 3990 1663 4041 eenige
1690 3990 1855 4035 sulcke
1882 3990 2129 4037 sterckten
2157 3991 2377 4037 rondtsom
2404 3993 2487 4040 bij
2514 3995 2707 4043 Vrunden
2731 3997 2925 4044 gelegen
2953 3996 3173 4043 weaeren,
3199 3995 3282 4041 soo
3310 3995 3340 4042 —

1354 4098 1625 4158 moestmnet
1654 4094 1834 4142 echter
1864 4094 1953 4139 die
1983 4094 2104 4141 niet
2132 4096 2282 4142 vrome
2312 4096 2641 4144 gouverneurs
2670 4099 2941 4148 versihen,
2970 4103 3060 4149 dat
3089 4101 3209 4148 hier

3358 3446 3377 3492 -
