3567 4801
2761 543 2913 600 879

878 624 1063 684 Daer
1104 618 1198 666 in
1242 614 1879 663 continuerende,
1923 616 2106 663 jtem
2150 617 2331 662 daer
2377 617 2469 665 en
2512 622 2749 670 Boven

918 746 1014 795 nu
1059 739 1390 789 d'Logie
1435 736 1578 784 als
1625 729 2144 779 guarnisoens
2188 730 2519 779 Boecken
2567 731 2756 778 dese
2799 726 2897 778 s.

905 850 1326 909 casteels
1376 849 1485 897 t'
1535 846 1851 899 houden
1903 844 2061 891 hem
2113 840 2534 889 Bevoolen
2584 835 2901 884 sijnde

894 975 1088 1026 wert
1135 974 1233 1020 op
1281 968 1476 1018 sijn
1523 959 1912 1012 vertoogh
1959 956 2057 1003 en
2106 955 2688 1003 bequaemheijt
2734 952 2978 1000 midts

866 1103 1138 1154 rijme
1191 1102 1627 1157 Eperatie
1680 1094 2007 1146 sijnes
2059 1094 2605 1146 verbandts,
2653 1085 2879 1140 ende

1008 1224 1656 1286 Genegentheijt
1683 1221 1805 1267 d'
1844 1215 1954 1265 E:
1988 1206 2303 1258 Comp„e
2348 1203 2452 1252 te
2499 1198 2801 1247 dienen

948 1208 1042 1258 ce

885 1381 981 1439 13
1022 1368 1251 1425 desen
1295 1363 1387 1411 d'
1431 1361 1614 1407 novo
1658 1356 1841 1405 voor
1885 1347 2113 1401 drije
2157 1339 2749 1390 naestvolgende
2793 1340 3024 1394 jaren

889 1525 991 1578 jn
1037 1500 1531 1567 qualiteijt
1580 1496 1728 1544 van
1776 1478 2368 1539 ondercoopman
2414 1464 2910 1521 aengenomen

911 1639 1111 1691 ende
1132 1633 1309 1680 een
1358 1620 1956 1677 tracktemendt
2004 1618 2155 1666 van
2204 1602 2851 1662 tweenveertich

911 1755 1293 1809 guldens
1347 1751 1511 1799 ter
1564 1745 1893 1795 maendt
1943 1740 2490 1794 toegeleijt
2544 1728 2926 1785 tnieuwe

903 1880 1275 1936 verbandt
1321 1877 1461 1925 van
1506 1864 1971 1921 qualiteijt
2017 1864 2203 1911 ende
2237 1862 2481 1911 gagie
2525 1860 2713 1907 dato
2758 1854 2992 1907 deses

897 1999 1453 2064 aenvanck
1521 1991 2005 2042 nemende

890 2282 1240 2336 Pieter
1297 2276 1473 2326 van
1529 2266 1764 2319 Bart
1822 2256 1998 2307 van
2053 2241 2346 2296 delst
2404 2238 2521 2286 jn
2573 2233 2872 2283 jndia

941 2389 1280 2456 Gecomen
1325 2385 1471 2433 met
1517 2377 1758 2429 schip
1803 2363 2282 2423 shertoogen
2329 2351 2569 2406 Bosch
2615 2344 2712 2394 ao
2757 2334 2950 2387 1641

914 2511 1011 2566 in
1055 2496 1515 2555 qualiteijt
1560 2495 1698 2541 van
1743 2486 2202 2542 adsistendt
2247 2485 2293 2530 a
2339 2485 2385 2530 ƒ
2429 2481 2523 2529 20
2567 2474 2706 2524 ter
2751 2467 3028 2517 maendt

900 2619 1393 2678 naderhandt
1442 2607 1886 2664 gevordert
1934 2604 2083 2651 tot
2131 2583 2723 2648 Boeckhouder,
2771 2577 2919 2625 van

903 2756 1168 2829 gagie
1220 2756 1273 2801 ƒ
1322 2752 1429 2802 28
1481 2736 1794 2794 sijnde
1845 2732 1950 2779 nu
1992 2714 2471 2777 geruijmen
2522 2702 2732 2758 tijt
2781 2687 2992 2744 inde

929 2890 1294 2960 suijder
1343 2869 1866 2932 quartieren
1911 2848 2230 2913 Bijden
2281 2842 2698 2891 ontfanck
2749 2838 2909 2888 der

903 3008 1258 3068 cleeden
1308 3003 1460 3052 als
1509 2993 1814 3046 andere
1863 2979 2471 3036 voorvallende
2520 2967 2928 3024 diensten

896 3135 1482 3207 gebruijckt,
1527 3123 1746 3179 ende
1764 3103 2328 3165 Continueel
2381 3093 2540 3146 tot
2591 3075 2864 3137 goedt

904 3270 1301 3345 genougen
1345 3262 1497 3313 van
1544 3249 1742 3304 zijn
1791 3235 2135 3291 meerder
2183 3213 2576 3278 ijverich
2622 3190 3017 3255 geweest,

903 3403 1149 3458 werdt
1197 3398 1296 3446 op
1344 3392 1541 3442 sijn
1585 3374 1933 3437 Billick
1976 3346 2520 3416 versoeckene
2567 3335 3011 3388 bequaemh„

911 3534 1181 3585 midts
1233 3517 1557 3576 ruijme
1601 3499 2094 3566 Experatie
2147 3478 2470 3541 sijnes
2523 3471 3009 3524 verbandts

892 3684 1092 3739 ende
1137 3651 1785 3726 genegentheijt
1829 3645 1933 3694 d'
1982 3636 2082 3689 E.
2130 3624 2429 3677 comp„e
2477 3613 2676 3664 noch
2721 3605 3022 3657 langer

897 3817 994 3865 jn
1040 3807 1285 3859 jndia
1332 3803 1430 3850 te
1476 3790 1769 3845 dienen
1817 3782 1963 3833 Bij
2008 3768 2253 3824 desen
2299 3761 2398 3809 d'
2444 3753 2640 3803 novo
2684 3748 2882 3797 voor

900 3954 1158 4017 drije
1206 3937 1464 3993 naest
1512 3923 1924 3981 volgende
1970 3906 2282 3966 jaeren
2330 3899 2435 3948 in
2479 3879 2997 3941 qualiteijt

901 4108 1074 4163 van
1131 4076 1820 4151 ondercoopman
1876 4053 2451 4119 aengenomen
2509 4049 2739 4097 ende
2794 4042 2969 4091 een

936 4230 1592 4297 tracktemendt
1643 4221 1809 4274 van
1861 4193 2571 4264 tweenveertich
2625 4187 3009 4237 guldens

896 4385 1062 4436 ter
1115 4369 1447 4428 maendt
1499 4345 2052 4412 toegeleijt
2105 4337 2438 4388 tnnewe
2475 4322 2934 4381 verbandt

2630 4474 2921 4543 ende

186 1337 233 1383 ijt

218 1924 248 1970 eij

20 2134 213 2188 tijs
