3553 4917
2765 346 2957 393 660

847 587 1236 639 Continuatie
1271 587 1378 635 der
1412 592 1694 642 Chinesen
1729 597 1976 644 gelijck
2010 599 2188 648 desen
2219 603 2433 654 Jaere,
2467 609 2575 658 hoe
2608 614 2714 660 wel
2749 615 2872 666 int

875 685 1278 733 aenstaende,
1313 689 1460 738 noch
1495 695 1750 744 meerder
1787 699 2078 748 Capitael
2115 703 2188 748 te
2224 704 2481 756 brengen
2515 713 2882 781 voorgeven,

879 794 953 842 de
987 798 1206 847 Comp=e
1240 801 1495 848 grooten
1531 802 1749 850 hinder
1784 804 1857 850 te
1894 804 2147 852 wachten
2183 807 2401 855 heeft,
2437 810 2511 858 't
2546 813 2729 866 waere
2763 822 2913 876 oock

880 902 993 950 met
1030 904 1143 950 een
1181 905 1332 952 Jaer
1369 908 1520 956 ofte
1557 912 1708 958 twee
1745 913 2310 967 t'ondersoecken,
2347 920 2574 971 Indien
2610 927 2686 973 de
2723 928 2956 991 bevin¬

883 1009 1058 1056 dinge
1092 1011 1302 1061 leert,
1336 1017 1684 1068 d'oncosten
1714 1021 1788 1068 de
1823 1021 2137 1069 profijten
2170 1024 2310 1070 niet
2344 1025 2727 1082 balanceren,
2761 1034 2835 1085 is

883 1121 956 1166 t'
992 1120 1249 1167 Compt=r
1285 1121 1396 1168 met
1431 1125 1723 1176 weijnich
1758 1130 2053 1179 moeijten
2088 1135 2344 1186 wederom
2381 1141 2454 1187 te
2490 1143 2749 1196 lichten
2781 1155 2931 1209 ende

886 1226 959 1273 de
994 1223 1245 1270 negotie
1281 1223 1354 1269 in
1388 1225 1677 1280 Manieren
1710 1235 1964 1285 gelijck
1998 1241 2465 1298 jegenwoordich
2499 1253 2573 1300 te
2606 1257 2969 1321 vervolgen;

877 1331 1034 1378 waer
1073 1334 1230 1381 mede
1269 1336 1582 1386 ophouden
1622 1341 1780 1389 ende
1817 1346 2209 1397 vertrouwen
2248 1352 2445 1402 onses
2483 1358 2877 1419 gevoelens,

853 1437 1277 1489 verclaeringe
1311 1442 1559 1493 genoech
1593 1449 1805 1497 gedaen
1840 1451 1981 1497 zij,
2016 1451 2123 1502 met
2157 1458 2652 1514 verseeckeringe
2684 1471 2758 1522 v.
2790 1479 2871 1530 E.

880 1541 922 1588 t
955 1543 1590 1598 profijtelijckste
1627 1555 1864 1604 voorde
1903 1559 2139 1608 Compe.
2178 1564 2690 1623 dienaengaende
2728 1580 2930 1641 voor¬

881 1649 1155 1697 nemen
1208 1654 1372 1701 sal

832 1819 937 1867 Den
970 1824 1249 1874 uijtvoer
1283 1830 1388 1878 van
1422 1834 1631 1883 Cooper
1664 1839 1908 1890 gelijck
1942 1845 2152 1892 vooren
2185 1846 2568 1896 aengeroert,
2601 1852 2672 1898 is
2705 1854 2920 1915 vrije¬

878 1928 1051 1976 lijck
1085 1930 1571 1981 geconsenteert,
1603 1936 1743 1982 niet
1777 1936 1847 1982 te
1881 1937 1985 1983 min
2020 1938 2229 1990 hebben
2259 1946 2436 1992 noijt
2469 1948 2608 1994 voor
2642 1949 2679 1996 t
2707 1951 2920 2002 openen

880 2026 1092 2082 vanden
1127 2037 1338 2087 handel
1373 2042 1832 2090 gelegentheijt
1862 2044 2113 2091 becomen
2147 2044 2324 2091 ijets
2356 2044 2429 2092 te
2464 2043 2926 2097 contracteren,

882 2137 1037 2183 alsoo
1069 2138 1225 2188 ijder
1255 2144 1350 2192 tot
1379 2148 1504 2195 dien
1534 2149 1660 2195 tijt
1690 2150 1784 2198 den
1814 2153 2063 2200 toeganck
2094 2155 2156 2200 op
2187 2155 2249 2200 't
2281 2151 2499 2200 eijlant
2529 2152 2747 2199 vrboden
2778 2154 2872 2200 is,

882 2231 1190 2278 niettemin
1222 2235 1530 2291 eijntlijk
1562 2247 1699 2293 naer
1732 2247 2005 2294 dickwils
2038 2249 2176 2298 ende
2205 2250 2378 2299 langh
2412 2249 2550 2297 over
2582 2253 2718 2299 ende
2752 2252 2923 2300 weder

880 2345 1085 2394 seggen
1119 2349 1222 2396 den
1255 2352 1428 2399 prijs
1456 2353 1598 2401 vant
1631 2357 2075 2405 staeff=cooper
2109 2358 2178 2405 op
2208 2359 2246 2406 9
2279 2360 2519 2407 taijlen
2552 2359 2894 2408 getroffen,

878 2444 947 2492 te
981 2446 1219 2498 leveren
1252 2454 1389 2503 goet
1422 2459 1491 2506 en
1524 2463 1762 2509 conform
1796 2464 1864 2509 't
1896 2461 2169 2510 monster,
2202 2462 2339 2510 doch
2373 2460 2509 2507 voor
2543 2460 2611 2505 't
2644 2457 2951 2506 ontfangen

826 2545 1208 2601 verscheijden
1237 2553 1427 2603 staven
1457 2559 1520 2604 in
1551 2559 1772 2607 stucken
1802 2563 1929 2611 doen
1960 2567 2119 2616 slaen
2149 2571 2275 2617 ende
2306 2570 2432 2618 vrij
2462 2572 2715 2619 slechter
2745 2572 2947 2623 bevon¬

882 2650 979 2700 den
1004 2654 1102 2701 als
1134 2654 1324 2701 tgeene
1354 2652 1670 2701 verthoont;
1700 2651 1985 2699 weshalven
2016 2654 2049 2699 t
2079 2655 2364 2702 ontfangen
2394 2657 2743 2706 g'excuseert
2772 2663 2899 2711 ende

880 2755 1135 2803 alvooren
1167 2755 1263 2801 van
1293 2756 1579 2802 besondere
1609 2753 1896 2802 parthijen
1927 2754 2180 2800 weijnich
2212 2753 2339 2799 doen
2370 2755 2624 2801 smelten,
2655 2755 2944 2805 bevinden)

878 2855 1096 2904 eenige
1132 2854 1204 2900 8:
1240 2853 1457 2899 andere
1493 2853 1529 2898 9
1560 2851 1673 2898 als
1709 2851 1853 2899 mede
1889 2854 2034 2902 twee
2070 2856 2215 2903 ofte
2250 2854 2395 2901 seer
2430 2850 2721 2898 weijnich
2755 2854 2866 2905 ten

876 2954 1097 3004 hondert
1128 2953 1224 3000 int
1256 2951 1541 2998 rafineren
1573 2952 1637 2999 te
1667 2955 1984 3001 verliesen,
2015 2955 2111 3001 dat
2142 2955 2333 3001 geerne
2364 2952 2555 2999 saegen
2585 2952 2808 2999 volgens
2839 2954 2935 3005 den

881 3049 1393 3097 gecontrateerden
1427 3052 1631 3098 prijs,
1664 3052 1802 3099 naer
1835 3055 2107 3101 advenant
2141 3055 2380 3103 mochten
2410 3057 2753 3107 aftrecken,
2787 3061 2925 3110 daer

882 3148 977 3194 toe
1008 3147 1073 3194 de
1103 3150 1420 3198 vercoopers
1450 3155 1577 3203 niet
1607 3157 1798 3206 connen
1828 3156 2113 3207 verstaen,
2143 3153 2302 3200 sulcx
2333 3153 2460 3199 goet
2491 3153 2712 3200 gedacht
2743 3152 2933 3199 hebben

1564 3208 1758 3263 „cooper

879 3248 1125 3299 d'eerste
1156 3254 1372 3301 schepen
1401 3256 1586 3307 sonder
1616 3261 1648 3307 „
1676 3258 1739 3304 te
1770 3257 1925 3306 laten
1952 3258 2261 3307 vertrecken
2291 3258 2414 3304 ende
2445 3254 2752 3303 beproeven,
2780 3248 2905 3298 ofte

875 3347 1041 3395 alsoo
1073 3351 1140 3396 te
1172 3352 1404 3398 graeger
1437 3353 1768 3400 aenleveren
1799 3354 1933 3400 ende
1966 3353 2396 3401 gevoeglijcker
2429 3350 2529 3397 tot
2561 3344 2793 3394 afslach
2825 3342 2896 3389 te

870 3451 1101 3500 brengen
1134 3451 1330 3497 sullen
1361 3454 1525 3500 sijn,
1556 3454 1752 3500 indien
1783 3451 1948 3499 niet,
1980 3449 2209 3497 blijven
2241 3447 2600 3495 voornemens,
2632 3450 2795 3497 goede
2828 3450 3024 3497 quan=t

872 3551 980 3597 tot
1016 3549 1088 3596 3:
1122 3550 1159 3596 a
1193 3551 1230 3596 4
1265 3552 1301 3597 @
1335 3551 1550 3598 pijcol
1586 3553 1693 3599 aen
1728 3551 1800 3597 te
1835 3550 2049 3596 slaen,
2085 3550 2157 3596 op
2192 3550 2299 3597 dat
2334 3550 2656 3596 Cormandel
2690 3549 2843 3598 ende

877 3649 1127 3697 Suratte
1162 3650 1269 3696 van
1304 3649 1411 3695 dat
1445 3648 1731 3695 minerael
1766 3646 2015 3694 gedient
2051 3646 2229 3692 mogen
2264 3647 2513 3693 werden,
2548 3647 2656 3694 ons
2690 3648 2868 3698 alsoo

880 3747 978 3795 het
1009 3747 1236 3793 bedroch
1268 3747 1365 3792 dat
1397 3741 1817 3792 Jegenwoordigh
1848 3739 2075 3788 vermits
2104 3737 2397 3784 cortheijt
2430 3739 2526 3785 van
2558 3740 2688 3787 tijt
2720 3742 2855 3790 niet

880 3843 1224 3892 voortecomen
1255 3843 1349 3890 is,
1380 3839 1787 3890 getroostende;
1818 3839 1913 3885 ten
1943 3837 2163 3885 aensien
2194 3836 2288 3882 des
2319 3835 2601 3882 uijtvoers
2631 3838 2976 3890 verseeckert

883 3950 1016 3999 ende
1049 3949 1115 3995 in
1147 3945 1478 3994 toecomende
1511 3945 1643 3993 oock
1674 3941 1841 3988 beter
1873 3938 1973 3985 als
2005 3936 2072 3983 nu
2104 3935 2171 3981 te
2202 3931 2533 3978 remedieren
2564 3929 2665 3976 sal
2698 3929 2867 3980 wesen

2810 236 2979 291 662
