3642 4883
1319 682 1569 732 ende
1631 671 2191 729 Resolusie
2252 666 2563 720 Boeck
2623 655 3371 710 gepresteerdt

1327 799 1432 846 en
1483 793 1746 844 goedt
1798 783 2479 837 consentemendt
2531 776 2689 827 van
2740 769 2950 820 sijn
3001 766 3214 814 doen

1331 906 1760 969 gegeven,
1810 894 2238 949 hebbende
2290 888 2503 938 ende
2555 882 2716 933 als
2769 878 2981 925 noch
3033 875 3247 923 daer
3299 873 3408 920 in

1312 1018 1953 1076 consinueerde
1994 1014 2114 1062 en
2166 1006 2380 1057 daer
2433 1004 2541 1051 en
2594 1000 2861 1050 Boven
2914 998 3022 1044 d'
3075 996 3396 1043 contra

1313 1131 1747 1187 negodie
1800 1117 2242 1175 Boecken
2302 1108 2613 1160 vandt
2673 1067 3355 1151 nederlantel

1305 1241 1806 1301 comptuir
1867 1222 2621 1285 masulijpadam
2681 1207 3375 1265 waernemende

1301 1363 1585 1418 werdt
1640 1355 1868 1406 mits
1920 1341 2435 1398 Experatie
2490 1329 2832 1385 sijnes
2886 1312 3399 1372 verbandts

1298 1483 1405 1537 op
1455 1473 1662 1527 sijn
1712 1458 2071 1514 Billick
2120 1445 2532 1502 versoeck
2581 1438 2737 1490 ene
2787 1408 3453 1482 genegentheijt

1289 1610 1346 1655 S
1400 1598 1513 1648 E.
1567 1582 1905 1641 compe„
1959 1570 2185 1622 noch
2240 1560 2576 1613 langer
2626 1551 2745 1604 te
2799 1546 3137 1594 dienen
3191 1546 3365 1594 Bij

1312 1701 1580 1756 desen
1632 1691 1742 1745 d'
1794 1682 2009 1732 novo
2061 1677 2278 1726 voor
2331 1669 2600 1721 drije
2645 1660 2922 1714 naest
2973 1654 3406 1706 volgende

1296 1799 1647 1867 jaeren
1704 1793 1820 1842 in
1877 1766 2458 1836 qualiteijt
2513 1759 2689 1808 van
2722 1752 3442 1801 ondercoopman

1267 1904 1876 1978 aengenomen
1936 1895 2179 1945 ende
2239 1888 2421 1938 een
2479 1876 3210 1932 tracksemendt
3270 1874 3454 1921 van

1282 2016 2011 2093 vijffenveertigh
2056 1998 2397 2057 guldens
2446 1997 2591 2044 ter
2639 1988 2930 2041 maende
2976 1988 3463 2047 toegeleijt

1275 2139 1655 2207 tnieuwe
1708 2128 2140 2183 verbandt
2192 2121 2356 2172 den
2409 2102 3109 2163 seventhienden
3162 2101 3456 2156 aug=o

1279 2255 1389 2306 ao
1439 2239 1656 2296 1646
1709 2232 1869 2282 als
1921 2223 2296 2274 wanneer
2348 2218 2563 2268 sijn
2612 2208 3150 2263 verpligten
3203 2209 3418 2263 sijs

1295 2353 1535 2411 uijt
1563 2333 2012 2391 geweest
2071 2330 2191 2377 is
2250 2319 2730 2375 aenvanck
2782 2301 3213 2363 nemende

1113 2636 1716 2706 nAbraham
1790 2619 2243 2677 Carter
2312 2614 2544 2662 van
2618 2604 3299 2658 Rotterdam

1279 2757 1388 2804 jn
1440 2752 1711 2803 jndia
1763 2741 2142 2797 gecomen
2195 2737 2358 2785 met
2410 2734 2789 2782 'tjacht
2842 2730 3059 2779 luco
3110 2726 3275 2774 den

1390 2881 1647 2936 feb„r
1694 2872 1799 2921 ao
1848 2866 2052 2916 1642
2101 2861 2306 2911 voor
2356 2856 2661 2905 Bossr„
2711 2854 2763 2901 a
2813 2852 2864 2898 ƒ
2915 2851 3017 2898 14
3065 2840 3422 2893 naerder

1263 2902 1376 2953 3

1247 2988 1566 3049 handt
1629 2983 1821 3033 Bij
1885 2979 2140 3028 haer
2202 2971 2396 3024 Eds
2458 2966 2522 3013 „
2585 2966 2777 3015 tot
2839 2945 3288 3011 Batavia

1278 3105 1791 3161 gevoordert
1841 3105 1997 3151 tot
2046 3101 2151 3149 d'
2198 3083 2715 3144 qualiteijt
2765 3080 2920 3127 van
2970 3066 3438 3124 adsistent

1268 3238 1527 3292 mede
1589 3224 1913 3278 gagie
1977 3219 2171 3268 van
2235 3220 2301 3267 ƒ
2351 3222 2493 3270 20
2555 3211 2751 3264 ter
2812 3190 3202 3253 maendt

1242 3357 1668 3427 tsederdt
1719 3342 2036 3397 sijnen
2088 3332 2405 3384 dienst
2457 3324 2669 3374 over
2720 3316 2828 3367 d'
2875 3309 2933 3358 4
2984 3299 3307 3352 jaeren

1284 3470 1684 3533 alhier
1746 3459 1884 3511 jn
1948 3442 2751 3501 palliaccatta
2814 3433 3018 3485 Bij
3083 3424 3286 3475 den

1278 3601 1805 3661 Ontfanck
1871 3597 2069 3646 der
2133 3585 2597 3641 cleeden
2662 3579 2860 3628 als
2922 3557 3322 3623 andere

1253 3733 2018 3798 voorvallende
2080 3729 2590 3778 diensten
2645 3696 3350 3778 gepresteert

1253 3864 1500 3915 ende
1560 3852 2116 3908 geruijmen
2177 3851 2424 3897 tijt
2484 3842 2978 3897 ffacteur
3039 3834 3348 3883 Boeck

1248 3984 1447 4038 der
1509 3968 2034 4028 coopmans
2091 3965 2359 4014 mede
2423 3944 3141 4006 waergenomen

1213 4099 1688 4167 hebbende,
1740 4094 1846 4142 en
1898 4087 2056 4137 als
2102 4081 2319 4131 noch
2369 4075 2529 4125 tot
2580 4064 2792 4119 goet
2843 4049 3436 4107 contentem„t

1225 4242 1475 4312 van
1554 4220 1880 4282 sijn
1961 4180 3020 4263 opperhooffden

2638 4415 2982 4489 Daer
3052 4384 3236 4452 in
