3410 4985
1146 544 1217 591 te
1250 545 1598 596 versenden,
1633 551 1703 596 vE
1737 552 1948 604 eijsch
1979 561 2085 608 van
2119 563 2225 610 200
2258 565 2469 612 lasten
2502 568 2677 616 hadde
2710 561 2921 618 geerne

1143 633 1320 682 sulcx
1355 633 1427 679 de
1460 636 1848 691 vhinderinge
1882 647 1990 697 van
2020 654 2129 702 non
2162 659 2515 714 becominge,
2549 670 2691 717 dier
2724 672 2906 722 quant

1144 720 1387 774 Tolcken
1419 731 1899 796 toegeschreven,
1932 752 2036 800 die
2069 756 2241 805 onder
2274 760 2446 806 hooge
2480 760 2895 815 protestatien

1141 812 1339 865 nobijt
1369 821 1631 881 licentie
1661 837 1762 887 tot
1792 844 2022 896 liberen
2053 852 2347 906 uijtvoer,
2378 862 2509 909 maer
2541 864 2738 915 alleen
2769 871 2913 918 geli

1144 912 1510 969 aengeroert,
1542 925 1610 974 de
1640 931 1874 987 schepen
1904 944 2004 993 tot
2037 949 2105 996 de
2135 953 2400 1006 voijagie
2433 962 2829 1015 geprovideert
2862 969 2896 1015 t

1111 1019 1402 1071 vergunt,
1435 1029 1578 1081 ende
1613 1037 1793 1088 alsoo
1827 1044 2150 1097 somwijlen
2184 1054 2258 1102 de
2292 1058 2543 1111 ruijmte
2577 1068 2687 1115 met
2720 1072 2901 1121 ooglu

1138 1115 1286 1165 drie
1321 1122 1360 1168 a
1393 1125 1762 1188 viermaelen
1796 1146 1944 1194 meer
1979 1151 2091 1199 als
2125 1156 2237 1206 tot
2272 1162 2347 1208 de
2381 1165 2602 1215 reijse
2638 1169 2897 1219 noodich

1037 1300 1153 1350 Wat
1190 1297 1268 1343 vE
1306 1297 1654 1350 aengaende
1692 1306 1770 1353 S'
1807 1308 2040 1362 Comp=s
2077 1319 2270 1369 Tolck
2308 1324 2464 1373 ende
2500 1330 2772 1383 Chinees
2809 1340 2887 1388 C.

1138 1389 1475 1441 kimptingh
1510 1398 1586 1445 is
1621 1401 2181 1474 recommanderende
2216 1430 2440 1481 hebben
2477 1437 2588 1485 soo
2625 1440 2774 1488 veel
2811 1443 2887 1491 in

1131 1489 1232 1535 gen
1264 1491 1532 1545 getracht
1562 1502 1631 1551 te
1662 1508 1962 1568 vorderen,
1994 1524 2128 1573 waer
2159 1529 2260 1579 van
2292 1534 2392 1582 als
2425 1538 2557 1587 noch
2590 1542 2724 1591 geen
2756 1544 2890 1591 bes.

1134 1597 1209 1644 de
1246 1600 1470 1654 saecke
1506 1611 1769 1668 gelegen
1804 1625 1916 1673 is,
1953 1628 2178 1681 hebben
2213 1637 2438 1688 connen
2474 1644 2773 1698 becomen,
2807 1650 2884 1698 de

1124 1699 1269 1751 zijn
1302 1709 1376 1758 de
1407 1716 1660 1774 Tolcken
1692 1731 2155 1789 overhandicht,
2190 1744 2262 1792 om
2297 1747 2404 1795 met
2439 1750 2725 1803 kennisse
2758 1757 2866 1804 des

1131 1809 1315 1861 aende
1349 1818 1604 1869 Chinese
1639 1825 1931 1887 Tolcken,
1965 1843 2040 1891 te
2074 1848 2439 1903 bestellen,
2474 1859 2584 1908 met
2619 1864 2874 1911 ernstig

1120 1927 1427 1980 mandatie
1464 1937 1581 1987 nae
1616 1945 1847 1996 vmogen
1883 1953 2189 2005 daerinne
2226 1960 2303 2007 te
2341 1962 2646 2019 wercken,
2684 1973 2799 2019 wat
2837 1974 2883 2021 d

1118 2036 1334 2087 volgen
1369 2043 1479 2091 sal
1512 2049 1693 2100 staet
1727 2056 1835 2103 ons
1870 2059 1943 2106 en
1977 2062 2051 2110 U.
2084 2066 2157 2112 E.
2192 2066 2300 2116 nae
2335 2071 2515 2122 desen
2550 2078 2622 2125 te
2657 2080 2883 2131 vnemen

1125 2144 1345 2195 sulcke
1380 2151 1527 2201 ofte
1562 2158 1999 2217 diergelijcke
2035 2172 2291 2224 saecken
2326 2180 2473 2231 meer
2507 2186 2874 2241 voorvallen

1122 2241 1307 2293 mijns
1341 2250 1671 2315 gevoelens
1705 2271 1890 2324 beter
1924 2281 2362 2340 g'excuseert,
2397 2296 2507 2345 hoe
2543 2300 2655 2348 wel
2689 2304 2763 2350 te
2798 2306 2872 2352 de

1123 2353 1266 2401 daer
1301 2357 1446 2408 uijt
1479 2364 1731 2419 geenige
1765 2376 1838 2424 de
1872 2380 2088 2434 minste
2121 2391 2443 2446 fastidien
2478 2401 2841 2465 ontmoeten,

1117 2452 1423 2505 nochtans
1459 2463 1764 2519 geschiet
1799 2475 2070 2535 wanneer
2105 2491 2183 2540 't
2219 2496 2448 2549 casken
2485 2504 2602 2555 met
2637 2512 2867 2567 papier

1113 2564 1287 2613 boort
1320 2569 1424 2617 aen
1457 2573 1596 2622 lant
1627 2579 1903 2634 gebracht
1935 2590 2176 2642 zijnde,
2210 2598 2350 2649 inde
2381 2606 2553 2657 poort
2586 2612 2724 2659 vant
2757 2611 2861 2660 eij

1108 2676 1295 2728 wacht
1331 2684 1593 2739 geopent
1628 2696 1705 2744 en
1738 2703 2111 2758 dierhalven
2147 2714 2334 2763 bijde
2370 2719 2743 2771 Gouverneur
2778 2727 2853 2773 ge

1117 2784 1527 2845 tegenstaende
1559 2802 1662 2849 ons
1695 2804 2072 2864 genoechsaem
2103 2821 2580 2882 verseeckerden,
2614 2837 2751 2885 geen
2784 2840 2854 2887 au

1116 2900 1596 2952 gelicentieert
1632 2907 1966 2967 schrijven
2000 2924 2187 2975 conde
2221 2933 2444 2986 wesen,
2479 2942 2590 2989 soo
2626 2944 2774 2991 gaff
2811 2944 2848 2990 n

1115 3003 1296 3052 sulcx
1329 3009 1684 3068 alteratie,
1717 3025 1967 3080 naedien
1998 3036 2071 3083 de
2106 3039 2355 3092 saecken
2388 3049 2602 3100 alhier
2635 3057 2777 3105 seer
2813 3060 2849 3106 n

1118 3108 1248 3154 ofte
1280 3109 1379 3160 wel
1410 3117 1574 3168 ijets
1604 3124 1865 3177 daerinne
1896 3133 2157 3187 verhaelt
2189 3142 2417 3192 qualick
2447 3148 2709 3204 verstaen
2740 3160 2838 3207 off

1110 3212 1428 3268 preteert,
1461 3224 1674 3277 mochte
1707 3234 1990 3291 gevonden
2023 3248 2270 3299 werden,
2304 3255 2551 3303 wijders
2586 3258 2727 3306 zijn
2762 3261 2832 3307 de

1109 3313 1363 3369 brieven
1396 3326 1615 3387 nooijt
1647 3345 1938 3402 geopent,
1971 3360 2115 3408 waer
2150 3364 2294 3412 uijt
2330 3367 2403 3414 te
2438 3370 2761 3421 beduchten
2796 3375 2834 3421 w

1106 3423 1453 3482 servituijt
1484 3439 1591 3489 dat
1622 3447 1933 3504 doorgaens
1965 3462 2036 3509 de
2069 3466 2311 3516 brieven
2343 3472 2550 3520 voorde
2584 3463 2827 3520 Gouv=rs

1103 3529 1175 3580 en
1209 3536 1596 3595 gevisiteert
1629 3551 2015 3608 onderworpen
2050 3563 2226 3610 soude
2260 3566 2437 3617 mogen
2470 3571 2724 3625 blijven

1029 3709 1107 3756 Op
1144 3706 1262 3756 ons
1300 3710 1613 3761 aenwesen
1650 3718 1729 3765 in
1767 3721 1963 3769 Jedo,
2000 3724 2196 3775 hadde
2234 3731 2391 3781 drie
2428 3738 2819 3799 versoucke

1101 3808 1174 3854 te
1210 3808 1393 3859 weten
1428 3815 1648 3866 eenige
1682 3822 1939 3870 meerder
1974 3827 2338 3877 liberteijt
2373 3832 2555 3880 onser
2592 3835 2814 3886 natie,

1103 3903 1215 3956 tot
1249 3913 1434 3965 vcoop
1468 3922 1578 3969 der
1613 3925 1797 3974 grove
1830 3929 2052 3976 waeren
2087 3932 2270 3980 voort
2306 3936 2562 3987 maecken
2597 3943 2707 3989 der
2743 3944 2817 3990 pr

1096 4019 1283 4069 rouwe
1320 4024 1544 4073 zijde,
1581 4029 1731 4077 ende
1767 4032 1880 4078 den
1917 4033 2216 4082 uijtvoer
2253 4038 2365 4084 van
2401 4039 2442 4087 t
2476 4044 2739 4096 Cooper,
2775 4050 2814 4097 d

2710 4156 2810 4210 op
