3587 4883
800 223 1144 274 decembr:
1184 221 1358 269 1645

821 429 859 477 E
882 415 991 470 dij
1024 414 1127 460 p„r
1159 415 1261 462 d:o
1294 412 1564 459 wontoost
1595 413 1766 460 noord
1799 415 1934 463 oost
1967 416 2069 462 met
2102 416 2203 464 een
2235 416 2439 464 frusse
2473 414 2978 465 Coeltesmiddaghs
3011 420 3081 467 de
3112 424 3282 480 hoogh
3314 437 3385 485 te

1269 532 1356 579 van
1384 534 1444 582 22
1472 538 1648 586 graden
1675 542 1733 588 23
1762 541 1966 587 minuten
1994 542 2227 591 behouden
2256 545 2402 591 Cours
2429 543 2546 591 west
2575 542 2662 588 1/3
2691 542 3041 590 suijelijcker
3068 546 3127 592 20
3155 548 3334 604 mijlen
3357 564 3387 610 —

1268 652 1431 702 diepte
1458 652 1538 698 van
1565 653 1619 698 25
1645 653 1779 700 vadem
1806 655 1913 700 waes
1939 655 2128 703 achtige
2154 659 2288 705 grond
2314 659 2341 704 t

934 825 1054 872 adij
1082 823 1173 869 2:3
1201 821 1322 868 ende
1351 820 1442 866 4:e
1470 818 1561 865 d„o
1589 818 1710 865 niet
1739 817 1979 863 noterens
2008 817 2217 863 waerdig
2245 816 2366 863 voor
2394 813 2636 861 gevaklen
2664 815 2754 860 als
2784 815 2874 861 dat
2903 816 3053 864 desen
3082 820 3144 866 na
3171 823 3384 886 middagh

1272 945 1407 995 Poelo
1433 943 1539 989 Tajo
1566 942 1672 988 in't
1698 942 1911 989 gesighte
1937 944 2071 993 regen
2096 948 2203 994 ende
2229 949 2575 996 bovengenoemde
2600 944 2708 993 drie
2734 943 2920 989 Schepen
2947 942 3107 988 vannis
3132 943 3398 997 scheijden;

1277 1069 1565 1121 stellende
1595 1069 1753 1116 haren
1784 1069 1943 1120 Cours
1974 1075 2164 1124 buyten
2194 1079 2353 1128 Ainam
2384 1081 2542 1128 heen,
2574 1079 2795 1127 latende
2826 1078 2921 1123 bij
2953 1078 3080 1124 smet
3110 1080 3401 1137 deseijlen

1271 1196 1329 1243 op
1358 1197 1562 1243 denrand
1592 1198 1825 1246 drijven,
1854 1201 1942 1246 tot
1970 1202 2059 1249 des
2087 1204 2292 1252 anderen
2320 1207 2495 1253 daeghs
2524 1207 2728 1254 ochtens
2758 1207 2846 1254 toe
2874 1208 2962 1253 als
2991 1208 3197 1256 wanneer
3224 1213 3314 1263 den

1128 1342 1188 1390 5:
1213 1338 1245 1384 d
1273 1337 1303 1382 o
1330 1334 1534 1381 wesende
1561 1335 1648 1381 des
1676 1333 1878 1379 morgens
1906 1333 2079 1381 vroegh
2108 1336 2194 1382 het
2223 1337 2367 1382 nauws
2396 1337 2483 1383 van
2511 1336 2655 1383 ainam
2684 1336 2742 1381 't
2770 1337 2886 1383 land
2914 1339 3030 1385 diep
3057 1341 3115 1387 't
3144 1341 3376 1391 godelosh

1279 1455 1387 1502 seer
1413 1455 1707 1501 geluckelijk
1731 1458 1998 1511 passeerden
2023 1467 2132 1516 over
2155 1472 2236 1518 10:
2261 1470 2316 1516 12
2341 1469 2395 1515 en
2422 1469 2475 1514 13
2501 1469 2634 1516 vadem

942 1585 1062 1637 adij
1091 1592 1121 1638 6
1149 1591 1211 1637 en
1239 1593 1269 1639 7
1298 1593 1387 1639 d:o
1417 1593 1535 1638 niet
1564 1593 1773 1642 sonders
1801 1597 2188 1648 voorgevallen.

940 1733 1061 1782 adij
1089 1732 1148 1779 8.
1177 1732 1236 1777 d.
1265 1732 1295 1778 o
1323 1734 1763 1785 schoonhefselijk
1791 1738 1969 1785 quamen
1997 1741 2232 1789 weijnigh
2261 1744 2379 1791 voor
2407 1746 2466 1791 de
2495 1747 2671 1793 vroegh
2698 1746 2817 1793 cost
2846 1746 2994 1795 onder
3022 1751 3110 1796 des
3139 1748 3318 1795 tigers

1265 1870 1417 1923 hoeck
1446 1870 1507 1917 op
1536 1871 1596 1917 de
1625 1870 1925 1918 doncquinse
1955 1873 2104 1919 Custe
2134 1873 2433 1920 tenancker,
2462 1872 2642 1922 alwaer
2671 1878 2791 1926 door
2820 1881 2910 1927 een
2940 1882 3241 1931 hollanders
3268 1888 3388 1936 Cop„

1277 2003 1653 2060 strandstaen)
1684 2002 2149 2052 schietenhoorden
2178 2008 2303 2056 daer
2333 2011 2582 2061 datelijk
2608 2014 2890 2062 deschuijt
2921 2015 2983 2061 na
3011 2015 3292 2063 toesonden

1246 2140 1404 2189 :omme
1436 2140 1716 2188 denselven
1746 2143 1995 2190 tehalen,
2026 2140 2400 2188 dienbevonden
2431 2142 2494 2188 te
2523 2143 2680 2189 wesen
2711 2144 2805 2191 den
2835 2147 3178 2197 Boeckhouder
3208 2150 3366 2196 Jacob

1281 2285 1528 2333 keijser,
1557 2283 1745 2330 nevens
1774 2286 1867 2331 den
1897 2286 2239 2335 Joncquinder
2267 2292 2453 2340 Stille
2484 2292 2670 2338 willem
2699 2293 2885 2339 welcke
2916 2293 3009 2339 ons
3038 2291 3409 2344 overleverde,

1273 2411 1375 2462 een
1406 2410 1901 2461 brieffrenvanden
1933 2415 2098 2466 Onder
2131 2421 2362 2467 Coopman
2395 2420 2592 2466 Janvan
2625 2420 2921 2470 Kiebeecq,
2954 2423 3250 2474 beneffens
3283 2427 3351 2475 de

1271 2559 1452 2607 Copien
1481 2560 1571 2606 der
1600 2560 1839 2609 advijsen
1868 2563 1988 2609 door
2018 2564 2078 2610 d.
2107 2565 2137 2610 o
2167 2564 2406 2611 Riebeecq
2434 2563 2525 2610 per
2554 2562 2614 2607 't
2644 2562 2793 2609 Jacht
2823 2564 3061 2611 Breskens
3091 2566 3151 2612 na
3180 2566 3390 2613 Batavia

1260 2702 1432 2749 aend'
1466 2700 1570 2746 Ed:
1603 2701 1706 2748 H„r
1738 2700 1911 2750 Raden
1944 2699 2048 2747 van
2081 2702 2254 2752 Jndia
2284 2706 2629 2754 versonden,
2663 2706 2800 2753 waer
2833 2707 2936 2753 uyt
2970 2705 3279 2753 nagenomen

1271 2842 1489 2889 lectura
1519 2840 1830 2886 verstonden
1860 2842 1953 2888 den
1983 2843 2169 2890 goeden
2200 2845 2448 2891 toestant
2478 2845 2695 2892 alhier,
2726 2847 2850 2892 Item
2881 2847 2974 2895 den
3005 2848 3222 2895 Coningh
3251 2845 3408 2895 weder

1262 2998 1322 3043 in
1352 2995 1502 3043 goede
1532 2990 1802 3040 gesonth:t
1832 2989 1892 3035 en
1921 2987 2073 3035 tland
2102 2988 2162 3033 in
2192 2986 2432 3033 volcomen
2462 2987 2613 3034 ruste
2642 2984 2762 3033 ende
2791 2982 2942 3028 vrede
2972 2982 3094 3029 was,
3122 2985 3214 3031 als
3242 2985 3363 3035 mede

1264 3141 1321 3188 't
1349 3139 1491 3187 Jacht
1518 3133 1747 3184 Breskens
1775 3132 1832 3178 op
1860 3130 1947 3176 den
1973 3130 2060 3176 26.
2087 3129 2116 3175 e
2145 3128 2372 3174 novemb:r
2401 3128 2600 3177 passado
2628 3131 2714 3178 van
2741 3133 2884 3179 onder
2912 3133 2999 3179 den
3025 3136 3227 3186 Tijgert
3252 3141 3395 3188 hoeck

1240 3280 1310 3328 na
1345 3282 1586 3328 Batavia
1619 3278 2001 3327 vertrocken,
2035 3275 2139 3322 met
2173 3273 2346 3321 6900.
2379 3270 2588 3316 Cattij
2620 3269 2934 3316 toncquise
2967 3268 3350 3318 tronobesyde

1184 3431 1320 3483 ende
1352 3427 1455 3476 100
1486 3421 1691 3471 cattij
1724 3419 1927 3467 Caneel
1959 3418 2095 3465 voor
2129 3417 2500 3463 nederlandt,
2533 3417 2736 3464 wesene
2769 3416 2904 3462 door
2938 3416 3309 3468 verscheyden

1260 3570 1575 3621 Itrevallen
1607 3567 1732 3615 dese
1763 3564 1984 3611 nateelt
2014 3556 2266 3608 geenmeer
2297 3555 2550 3601 quantite
2579 3554 2706 3601 vant
2736 3553 2895 3599 t'een
2926 3553 3020 3599 off
3052 3553 3115 3599 d'
3145 3548 3336 3597 anders

1260 3697 1335 3743 by
1370 3698 1480 3744 een
1516 3699 1589 3745 te
1625 3699 1808 3745 halen
1844 3695 2101 3744 geweest

1024 3828 1286 3878 Weijnigh
1318 3831 1677 3880 namiddagers
1709 3830 1906 3878 souden
1937 3832 2004 3878 de
2033 3831 2198 3878 boots
2231 3832 2330 3879 van
2361 3835 2460 3881 den
2492 3836 2622 3883 Heer
2654 3838 2785 3886 ende
2817 3837 3307 3886 Hillegaersbergh

2961 4017 3015 4067 2
3054 4008 3213 4055 nae

2211 1609 2257 1656 -
