3505 4801
2686 508 2853 559 1017

900 574 1014 622 dat
1051 574 1429 621 soodanigen
1466 575 1692 621 dienst
1729 574 1842 621 aen
1880 576 2219 628 s'Conincx
2256 583 2446 633 schip
2480 588 2672 636 (:des
2708 589 2973 637 noodich

894 680 1213 733 zijnde:)
1252 680 1491 726 gedaen
1531 680 1771 727 werdt,
1810 682 1970 731 daer
2009 686 2168 734 voor
2208 689 2447 739 hebben
2486 693 2646 739 noch
2685 691 2925 739 eenige

894 791 1235 842 gratitude
1272 790 1425 836 ende
1462 788 1803 836 benefitie
1840 787 1955 832 van
1993 787 2107 833 den
2144 789 2486 838 gouvern=r
2522 792 2599 839 te
2637 785 3056 838 verwachten,

901 908 1059 960 daer
1097 905 1331 952 tegens
1369 906 1448 953 de
1486 905 1954 954 particuliere
1992 902 2421 949 coopluijden
2460 902 2577 947 ons
2615 898 2771 946 geen
2810 890 3044 943 faveur

912 1022 1413 1081 presenteeren
1452 1019 1745 1068 connen,
1786 1019 2326 1066 dieroorsaecke
2367 1018 2533 1064 oock
2574 1010 3033 1063 voorgenomen

896 1137 1095 1191 hebbe
1133 1133 1448 1182 geseijde
1485 1130 1957 1180 nederlanders
1996 1129 2114 1175 van
2153 1128 2310 1174 gem:
2347 1125 2546 1173 schip
2580 1125 2664 1172 te
2701 1120 3016 1171 lichten,

887 1254 1004 1304 soo
1041 1250 1234 1298 haest
1271 1244 1694 1294 gearriveert
1732 1243 1847 1289 sal
1885 1241 2039 1287 sijn
2076 1241 2192 1288 dat
2230 1242 2575 1288 vertrouwe
2611 1239 2729 1288 van
2766 1238 2805 1284 u
2842 1231 3036 1284 Ed=ts

867 1363 1014 1410 wel
1056 1362 1209 1408 sal
1254 1357 1598 1407 genomen
1646 1353 2038 1402 werden./

864 1517 984 1566 Tot
1023 1516 1262 1562 heeden
1299 1516 1500 1562 hebbe
1540 1517 1699 1563 noch
1737 1517 1898 1564 geen
1937 1519 2256 1566 schryven
2294 1519 2415 1566 van
2454 1518 2693 1564 lahoor
2733 1518 3052 1567 becomen,

877 1627 957 1673 om
996 1625 1076 1671 te
1115 1624 1433 1670 vernemen
1473 1621 1752 1669 wanneer
1790 1619 1911 1666 den
1950 1621 2348 1668 verlackten
2387 1621 2825 1668 pallinquijn
2862 1617 3024 1668 ende

894 1741 1308 1797 tachrouwan
1347 1738 1473 1786 van
1513 1736 1679 1783 hier
1719 1734 1886 1781 ende
1927 1735 2051 1781 den
2092 1731 2588 1780 Oppercoopman
2623 1729 2968 1779 Nicolaes

907 1865 1203 1917 verburgh
1236 1861 1351 1910 van
1386 1858 1534 1905 Agra
1569 1853 1719 1902 daer
1754 1850 2123 1896 aengelandt
2160 1849 2307 1895 ende
2343 1846 2454 1893 off
2491 1845 2602 1892 aen
2637 1844 2785 1892 sijn
2821 1845 3007 1892 Maijt

901 1982 1187 2040 vertoont
1222 1978 1400 2027 sijn,
1433 1976 1648 2024 twelck
1681 1971 1825 2021 alle
1859 1965 2073 2015 uijren
2107 1963 2179 2009 te
2213 1958 2427 2008 gemoet
2461 1957 2604 2003 sien

775 2127 858 2180 De
895 2118 1328 2169 Coopluijden
1366 2117 1641 2165 viergie
1678 2114 1876 2162 woora
1915 2114 2072 2159 ende
2111 2111 2503 2159 vermalidas
2541 2111 2620 2157 en
2659 2111 2896 2159 hebben
2933 2114 3013 2161 de

909 2234 1030 2286 van
1069 2227 1344 2278 Batavia
1383 2224 1542 2272 end'
1580 2225 1816 2271 andere
1855 2224 2249 2272 quartieren
2286 2224 2642 2272 verwachte
2680 2220 3036 2269 Coopmansz

877 2355 1030 2412 niet
1065 2344 1552 2398 contracteeren
1589 2344 1850 2390 willen,
1886 2343 1999 2389 des
2036 2343 2185 2390 niet
2222 2345 2297 2391 te
2334 2346 2446 2392 min
2483 2342 2707 2391 sullen
2744 2342 2782 2387 u
2818 2335 3008 2386 Ed=ts

899 2476 1022 2523 onse
1049 2467 1265 2519 petitie
1294 2466 1448 2512 (:hoe
1477 2465 1570 2512 wel
1601 2464 1754 2509 groot
1783 2463 1845 2508 is
1874 2462 1936 2508 :)
1967 2462 2211 2508 gelieven
2241 2460 2303 2506 te
2333 2459 2577 2506 voldoen,
2608 2459 2700 2504 soo
2729 2453 3036 2504 tdoenelijk

864 2591 972 2643 is,
1005 2585 1217 2634 andere
1252 2582 1638 2630 Coopluijden
1673 2583 1884 2629 sullen
1917 2583 2023 2630 met
2057 2582 2233 2628 godts
2268 2581 2444 2627 hulpe
2479 2581 2619 2626 niet
2654 2578 3044 2629 mancqueren,

789 2750 924 2797 Dat
963 2749 1101 2798 den
1146 2749 1682 2795 Oppercoopman
1724 2747 1905 2794 Joan
1948 2742 2128 2792 tacq
2172 2739 2441 2788 eenige
2485 2741 2753 2788 Jaeren
2798 2739 2932 2787 een

896 2858 1283 2907 concubijne
1320 2859 1629 2906 gehouden
1667 2857 1822 2905 ende
1860 2856 2208 2903 hoedanich
2246 2857 2401 2902 sich
2439 2856 2516 2903 in
2554 2855 2942 2903 dagelijcks

896 2970 1221 3017 ommegangh
1256 2972 1545 3019 gedragen
1580 2973 1798 3019 heeft,
1833 2972 1906 3018 is
1942 2971 2086 3017 voor
2122 2971 2303 3018 desen
2339 2973 2483 3019 voor
2519 2974 2556 3019 u
2591 2975 2772 3022 Ed=ts
2807 2976 3026 3026 rucht

867 3091 1054 3146 baer
1091 3091 1384 3139 geweest,
1420 3093 1568 3139 ende
1604 3092 1715 3140 van
1750 3093 1971 3141 eenige
2007 3090 2301 3137 gelaeckt
2338 3089 2448 3135 van
2484 3088 2668 3134 andre
2704 3085 3044 3135 gepresen,

891 3211 969 3258 in
1008 3210 1201 3256 somma
1239 3210 1394 3257 door
1432 3212 1471 3257 u
1509 3212 1702 3260 Ed=ts
1740 3210 1972 3257 gunste
2009 3210 2127 3256 tot
2164 3211 2357 3257 heden
2396 3211 2473 3257 in
2511 3211 2666 3257 sijn
2704 3209 2936 3256 staedt

875 3334 1439 3384 gecontinueert,
1478 3333 1760 3380 seedert
1801 3332 2003 3379 mijne
2041 3334 2364 3380 directie
2403 3335 2564 3381 sijn
2603 3333 2765 3381 mijn
2805 3332 2969 3382 oock

886 3454 1288 3505 verscheijde
1323 3455 1542 3501 actien
1578 3455 1687 3501 van
1724 3456 1833 3502 d=o
1868 3455 1942 3500 te
1978 3456 2196 3502 vooren
2232 3456 2486 3502 gecomen
2523 3456 2632 3502 die
2668 3455 2813 3501 mijn
2848 3452 2999 3500 seer

864 3580 1366 3631 missdaeghden,
1405 3581 1558 3627 ende
1595 3579 1712 3626 van
1751 3579 1981 3626 eenige
2019 3578 2250 3625 Comp=s
2286 3574 2596 3623 dienaers
2634 3574 2827 3620 (:die
2864 3571 2980 3619 p=r

886 3703 1069 3752 costi
1105 3702 1469 3750 vertrocken
1503 3703 1686 3750 sijn,
1721 3703 1867 3750 ende
1903 3703 2158 3749 deselve
2193 3702 2484 3749 apparent
2520 3703 2665 3749 daer
2702 3700 2994 3749 ruchtb=r

871 3820 1154 3872 genongh
1193 3825 1475 3871 maecken
1515 3827 1837 3875 sullen:)
1877 3829 2441 3876 geconfirmeert,
2479 3831 2681 3877 edoch
2722 3826 3005 3877 gemerct

863 3947 987 4000 men
1026 3945 1267 3991 heeden
1307 3946 1428 3992 ten
1467 3947 1669 3996 daege
1708 3952 1870 3999 veel
1908 3954 2071 4001 siet
2109 3956 2431 4001 gebeuren
2471 3954 2591 4000 dat
2630 3948 2952 3998 ijemandt

866 4063 1013 4111 door
1048 4062 1269 4109 groote
1305 4062 1525 4109 passie
1562 4062 1709 4110 end'
1744 4065 2001 4112 invidie
2037 4067 2185 4114 sijn
2221 4070 2624 4123 evennaesten
2660 4078 2880 4125 tracht
2916 4078 2990 4125 te

862 4191 1458 4244 schandeliseeren,
1493 4189 1606 4238 en:
1642 4188 1791 4234 sijn
1827 4188 1976 4233 eere
2013 4188 2088 4234 te
2123 4189 2458 4239 berooven,
2493 4194 2642 4241 oock
2679 4195 2985 4245 menschen

860 4302 1143 4350 gevonden
1178 4301 1392 4347 werden
1426 4302 1462 4347 (
1497 4302 1604 4349 die
1638 4303 1710 4350 om
1744 4305 1887 4351 haer
1922 4305 2099 4351 eygen
2134 4305 2418 4351 voordeel
2453 4305 2595 4350 uijt
2630 4305 2701 4351 te
2736 4304 3023 4355 wercken,

2651 4452 2814 4506 ende
2852 4442 2977 4495 tot

169 627 245 674 eijdt
