3614 4780
2075 253 2408 314 april

2732 593 2876 641 811

624 483 761 530 Aen
807 484 1082 531 d'eele
1127 483 1265 528 hen
1310 483 1539 530 Raeck
1584 483 1677 530 en
1721 477 1907 527 erie

857 806 1055 855 Cautie
1087 805 1319 852 voordat
1351 806 1451 852 hem
1483 805 1550 851 d'
1580 799 1879 849 Betalinge
1909 790 2111 843 eerder
2142 791 2473 838 toegestaen
2505 781 2737 835 wierde,
2769 778 2901 825 niet

893 910 1085 962 cunnen
1115 905 1367 954 stellen,
1398 900 1681 951 oversulcx
1712 900 1776 947 d'
1806 892 2121 945 dispositie
2151 892 2278 940 ende
2308 892 2466 939 ordre
2496 889 2592 936 van
2621 887 2686 934 d'
2713 874 2842 931 H=rn

903 1010 1169 1060 Maijores
1201 1002 1600 1054 dienaengaend
1632 1000 1732 1046 met
1765 995 2063 1045 Patientie
2096 994 2196 1040 sal
2228 989 2427 1039 moeten
2460 984 2792 1034 affwachten
2825 984 2893 1031 /.

1022 1176 1131 1223 Den
1166 1166 1421 1220 Coopman
1456 1163 1566 1211 die
1601 1160 1711 1208 rug
1746 1157 2000 1205 Jonghst
2035 1144 2508 1202 gepresenteert
2543 1142 2725 1189 heeft
2761 1143 2871 1190 den

974 1282 1295 1330 Esmarald
1335 1276 1536 1328 Ringh
1576 1267 1818 1321 vanden
1854 1254 2259 1311 Secretaris
2297 1244 2540 1298 Pieter
2578 1238 2905 1288 Mestdagh

892 1388 986 1441 tot
1015 1385 1135 1432 200.
1162 1382 1313 1431 Pall.
1343 1381 1373 1427 e
1401 1376 1522 1426 pag.
1550 1374 1582 1420 d
1610 1370 1701 1417 aen
1729 1366 1791 1414 te
1820 1360 1999 1410 nemen,
2028 1355 2148 1404 coms
2177 1349 2298 1399 niet
2326 1343 2476 1393 weder
2505 1341 2566 1388 te
2594 1332 2931 1386 voorschijn,

895 1490 1025 1542 waer
1055 1486 1153 1533 den
1184 1482 1377 1530 helven
1409 1472 1730 1527 vervaeren,
1762 1471 1827 1517 Is
1857 1466 1955 1514 mij
1986 1454 2276 1509 onbewust,
2307 1448 2468 1497 mogen
2500 1439 2757 1492 verhopen
2788 1437 2863 1484 In

897 1596 1088 1645 corten
1119 1593 1216 1641 een
1246 1587 1407 1638 ander
1437 1571 1821 1630 verschijnen,
1851 1567 1948 1615 als
1980 1559 2204 1612 wanneer
2233 1553 2363 1602 daer
2392 1548 2522 1596 mede
2553 1545 2650 1593 ten
2680 1543 2878 1596 besten

902 1702 1092 1751 vanden
1122 1692 1409 1747 eijgenaer
1439 1679 1694 1735 handelen
1722 1675 1820 1723 hal
1851 1670 1917 1719 /.

814 1833 917 1883 Dus
948 1824 1119 1876 verre
1151 1817 1355 1868 nodich
1387 1810 1557 1862 hebbe
1591 1806 1793 1854 g'acht
1826 1804 1894 1851 op
1927 1799 2063 1849 VEd:
2096 1797 2232 1844 meer
2265 1794 2637 1842 aengeroerde
2668 1782 2907 1838 missive

857 1941 922 1993 te
949 1922 1316 1984 rescriberen,
1345 1919 1437 1966 sal
1467 1916 1528 1963 nu
1557 1907 1862 1960 voortgaen,
1892 1901 2014 1951 ende
2043 1898 2105 1945 't
2134 1892 2378 1942 weijnige
2408 1889 2500 1936 ons
2530 1888 2742 1934 buijten
2772 1889 2896 1936 dien

885 2022 1290 2093 g'ocurreert,
1321 2014 1724 2066 verhandelet,
1756 2008 1892 2059 daer
1922 2001 2092 2051 onder
2124 1995 2292 2045 VEEd:
2325 1990 2460 2039 voor
2491 1986 2660 2034 eerst
2692 1983 2894 2034 bekent

895 2129 1180 2190 maecken,
1214 2124 1320 2172 hoe
1354 2118 1461 2168 dat
1493 2114 1566 2161 't
1601 2113 1777 2162 Iacht
1809 2094 2268 2159 Grijpskercken
2301 2087 2444 2138 uijt
2477 2080 2654 2131 Peguw
2688 2079 2795 2125 met
2829 2078 2936 2126 een

917 2230 1325 2291 Cargasoentge
1358 2218 1631 2274 (conform
1664 2216 1733 2262 d'
1767 2211 1903 2261 hier
1933 2197 2277 2256 nevensgaen
2310 2189 2481 2241 Copie
2513 2182 2787 2233 facture)
2820 2179 2926 2226 ter

922 2345 1113 2399 Somme
1147 2345 1263 2395 van
1297 2339 1376 2389 o
1413 2333 1641 2383 43337
1677 2327 1829 2376 63.
1865 2323 1942 2370 op
1979 2315 2094 2367 17.
2129 2310 2169 2356 '
2204 2303 2320 2354 der
2356 2291 2697 2344 voorleden
2734 2286 2924 2335 maent

888 2467 993 2519 ter
1024 2456 1161 2510 Rede
1192 2448 1397 2500 alhier
1429 2442 1599 2491 Salvo
1631 2435 1768 2485 (God
1799 2426 2072 2479 sijloff)
2104 2404 2544 2469 geretourneert
2577 2399 2679 2448 Is,
2712 2393 2881 2442 comen

906 2571 1070 2627 daer
1108 2559 1269 2614 mede
1307 2551 1429 2602 den
1467 2539 1747 2594 Coopman
1786 2528 2066 2582 Isbrant
2104 2522 2225 2572 van
2264 2505 2703 2566 Swaenswick,
2738 2488 2862 2549 ome

910 2677 1017 2727 ons
1049 2658 1401 2720 mondelingh
1434 2648 1681 2702 Rapport
1714 2642 1926 2692 vanden
1961 2630 2276 2687 Presenten
2310 2617 2626 2674 toestant,
2660 2616 2801 2661 ende
2831 2610 2906 2661 de

878 2784 1125 2851 verdere
1158 2764 1539 2826 apparentien
1572 2758 1677 2807 des
1711 2747 2057 2802 Peguwschen
2089 2736 2333 2790 handels
2365 2733 2436 2780 te
2470 2727 2643 2778 doen,
2675 2712 2885 2769 welcke

917 2885 1191 2943 soodanich
1221 2871 1495 2929 bevinden,
1523 2866 1616 2915 dat
1643 2860 1737 2910 met
1766 2852 1919 2904 mijne
1948 2845 2131 2896 vorige
2160 2833 2404 2888 advijsen
2432 2827 2526 2876 aen
2554 2821 2708 2870 uEEd:
2737 2820 2952 2871 succes

921 2993 1089 3043 sijve
1120 2973 1522 3036 gededuceert;
1554 2969 1656 3017 ten
1685 2951 2023 3012 principale
2054 2942 2190 2994 over
2221 2936 2323 2986 een
2355 2928 2557 2980 comen,
2589 2923 2792 2971 sonder
2823 2923 2924 2971 dat

921 3100 1048 3151 noch
1079 3093 1205 3144 voor
1232 3082 1423 3136 eerst,
1454 3075 1579 3126 ende
1608 3070 1704 3118 hoo
1732 3060 1891 3115 lange
1921 3056 2016 3104 den
2043 3034 2422 3100 Robijnhandel
2453 3028 2672 3078 buijten
2702 3011 2955 3072 grondije

885 3206 1153 3271 kennisse
1183 3200 1285 3249 van
1314 3184 1582 3244 d'onsen,
1614 3180 1681 3227 d'
1712 3170 1978 3224 Robijne,
2008 3162 2109 3213 tot
2140 3156 2241 3205 bij
2272 3149 2340 3199 na
2371 3144 2439 3193 d'
2471 3137 2637 3188 helft
2669 3136 2802 3183 meer
2833 3136 2901 3181 in

876 3320 1043 3378 Prijs
1071 3309 1172 3362 als
1203 3292 1496 3351 voorleden
1526 3284 1658 3335 Jaer
1689 3282 1755 3328 in
1787 3273 1950 3326 Deguw
1981 3259 2372 3316 gesteijgert,
2401 3251 2598 3303 alhier
2629 3249 2696 3296 in
2728 3248 2923 3294 vorige

917 3414 1130 3465 Sobere
1163 3404 1412 3457 demande
1446 3392 1694 3448 blijven
1729 3385 1870 3434 sten
1904 3377 2047 3428 ware
2080 3373 2188 3420 ons
2221 3369 2294 3417 op
2328 3364 2435 3413 den
2469 3350 2682 3407 Incoop
2713 3335 2824 3392 van

922 3513 1123 3565 Expres
1153 3499 1488 3558 gegagierde
1519 3481 1921 3542 maeckelaers,
1953 3476 2087 3525 waer
2120 3474 2221 3520 van
2248 3468 2321 3519 nu
2353 3466 2454 3512 een
2487 3463 2687 3511 Preuve
2720 3460 2955 3508 genomen

920 3628 1015 3677 Is,
1042 3617 1170 3670 ende
1200 3611 1294 3660 ons
1323 3593 1667 3654 genoughsame
1697 3578 2133 3636 verseeckeringh
2164 3576 2320 3622 wegen
2347 3572 2476 3621 hare
2506 3559 2973 3616 getrouwichetijt

919 3723 1051 3774 door
1081 3702 1375 3765 genoemden
1406 3686 1765 3746 Swaenswijck
1796 3679 1993 3730 gedaen
2024 3674 2220 3723 werdt,
2253 3672 2448 3719 conden
2479 3665 2773 3717 verlaten,
2805 3659 2904 3709 als

921 3816 1153 3874 wanneer,
1180 3808 1296 3859 ende
1324 3804 1411 3852 des
1438 3801 1498 3848 te
1525 3795 1642 3845 meer
1669 3791 1757 3839 tot
1784 3787 1843 3834 't
1870 3780 2131 3831 handelen,
2159 3778 2275 3824 ende
2302 3772 2592 3822 uijtvoeren
2619 3770 2707 3816 van
2735 3758 2909 3815 eenige

938 3904 1271 3974 Glijphanten
1298 3895 1479 3948 welcke
1508 3892 1568 3938 in
1596 3888 1687 3936 die
1715 3877 2014 3933 quartieren
2043 3874 2103 3921 ve
2133 3872 2252 3919 ende
2281 3869 2431 3916 noijt
2461 3867 2580 3914 voor
2609 3866 2759 3912 desen
2787 3865 2938 3912 ijden

0 254 119 303 46

154 790 198 836 oo

146 989 266 1037 gedue

176 1100 257 1147 een

0 1201 264 1251 gestelde

171 1301 194 1346 ,

204 1677 248 1724 e

0 1870 263 1924 n

0 1778 59 1825 e

0 2308 258 2355 rtrouwen

0 2412 250 2463 quet

0 2526 60 2572 ma

146 2653 228 2700 ee.

0 3458 208 3504 cessie

0 3715 187 3770 linge

0 3785 75 3835 n

0 3924 246 3971 versochte
