3553 4917
277 423 601 485 zeptember
634 417 709 467 ao
742 403 960 460 16461.

2307 420 2387 472 In
2424 416 2890 473 hangaschij/.

956 632 1143 682 hebben
1173 631 1267 677 den
1296 630 1453 678 thien
1484 631 1701 683 Iarigen
1731 639 1949 688 trefies
1978 642 2291 692 toegestaen
2320 649 2413 697 ten
2444 652 2663 701 aensien
2692 657 2786 705 den
2815 658 3037 711 Cassil„

928 745 1065 791 liaen
1092 743 1146 789 de
1173 739 1473 788 vereeningde
1499 740 1826 796 weederlanden
1851 752 2098 800 Jaerlijcx
2123 757 2233 803 hard
2259 759 2587 812 beoorhoocht,
2611 769 2721 816 ende
2745 769 2829 816 den
2856 767 3021 815 selven

948 864 1006 909 te
1033 858 1353 907 resisteeren
1381 858 1555 904 groote
1583 860 1729 908 macht
1757 863 1844 910 van
1872 865 2106 915 scheepen
2132 872 2248 918 ende
2277 873 2624 923 Crijghsvolcq
2652 878 2973 933 verEijscht,

929 967 1193 1016 weshalven
1221 970 1338 1015 goet
1367 971 1484 1019 ende
1512 975 1832 1030 vorderlijck
1861 986 2065 1035 gedacht
2093 990 2182 1040 den
2205 994 2384 1043 Commie
2412 997 2500 1042 van
2529 997 2703 1045 portug
2732 1000 2820 1047 ael
2848 1000 2965 1047 enun

933 1078 1124 1128 secours
1151 1079 1205 1125 te
1231 1079 1369 1128 doen,
1394 1084 1450 1130 op
1476 1086 1558 1135 dat
1584 1091 1694 1138 alzo
1719 1094 1966 1147 portugael
1990 1103 2100 1150 ende
2126 1106 2451 1163 Castilluenen
2477 1117 2641 1164 thamen
2667 1117 2722 1163 in
2749 1113 2967 1162 oorlooch

933 1182 1263 1236 onderhouden,
1289 1191 1346 1239 de
1371 1195 1511 1247 palen
1535 1203 1591 1251 in
1618 1207 1866 1262 Nederland
1892 1218 2032 1273 tegen
2055 1229 2139 1275 den
2166 1231 2469 1290 Castilliaen
2494 1246 2551 1292 te
2577 1248 2742 1294 wijder
2769 1249 2824 1294 en
2851 1247 3017 1294 breder

937 1302 1296 1354 uijtbreijden
1325 1310 1565 1365 mochten,
1593 1321 1683 1367 met
1712 1322 1982 1380 sodanighe
2009 1336 2279 1395 insichten
2307 1351 2398 1399 dan
2427 1355 2516 1403 den
2545 1358 2968 1417 voorverhaalden

931 1425 1143 1472 trifues
1173 1427 1443 1482 aengegaen
1473 1437 1596 1486 sijn
1623 1443 1714 1490 den
1744 1445 2047 1500 Castiliaen
2074 1457 2406 1514 verscheijde
2435 1470 2646 1521 steeden
2676 1477 2797 1522 ende
2826 1478 2956 1527 for„

938 1540 1147 1591 trellen
1175 1547 1502 1604 affgenomen,
1529 1560 1618 1608 dit
1647 1563 1708 1612 so
1736 1568 1914 1615 sijnde
1942 1571 2002 1618 is
2031 1574 2359 1635 onderwijlen
2384 1593 2475 1641 den
2503 1596 2652 1643 vrede
2680 1599 2800 1646 ofte
2828 1603 3037 1654 trefies

935 1662 1180 1713 tusschen
1208 1669 1271 1716 de
1297 1670 1693 1729 neederlanders
1720 1686 1842 1737 ende
1871 1693 2174 1751 portugesen
2202 1708 2503 1766 gebrocken,
2532 1720 2654 1768 doch
2684 1723 2744 1770 is
2773 1723 2835 1769 de
2864 1721 3016 1770 zelve

936 1787 1026 1833 bij
1054 1787 1144 1835 den
1173 1791 1351 1839 Connil
1379 1795 1471 1844 van
1497 1802 1764 1858 portugael
1792 1814 1911 1865 door
1939 1821 2059 1873 sijn
2087 1829 2412 1885 ambassadeur
2441 1840 2501 1886 in
2530 1842 2737 1890 holland
2766 1844 3003 1893 gesonden

933 1909 1158 1958 wederom
1189 1914 1479 1968 herstelt/
1509 1924 1670 1972 sulcx
1700 1929 1862 1981 vijff
1892 1937 2054 1988 Iaren
2084 1945 2277 1997 vanden
2307 1952 2468 2000 boven
2500 1954 2757 2002 gemelten
2787 1958 3012 2007 tresies

945 2034 1265 2083 gepasseert
1295 2039 1456 2087 sijn,
1487 2043 1617 2092 ende
1646 2049 1839 2100 werden
1870 2056 1934 2102 de
1965 2057 2286 2117 Resterende
2316 2073 2477 2124 vijff
2507 2081 2668 2127 Iaren
2699 2083 2795 2129 van
2825 2080 2958 2130 onse

943 2152 1097 2201 hooge
1127 2155 1464 2206 overicheijt
1493 2161 1617 2212 uijt
1646 2168 1862 2221 holland
1891 2177 2260 2242 tonderhouden
2287 2199 2686 2252 geordonneert,
2715 2206 2777 2252 se
2808 2207 2900 2253 dat
2928 2205 2991 2251 de

936 2277 1268 2333 portugesen
1300 2288 1433 2336 geen
1465 2292 1829 2348 vijantschap
1860 2304 2060 2357 moogen
2091 2313 2423 2368 Bethoonen,
2455 2325 2588 2371 uijt
2619 2324 2851 2372 Batavia
2883 2324 2986 2374 be„

947 2415 1111 2461 comen
1144 2413 1244 2460 ooc
1275 2416 1571 2468 tijdinghe
1603 2424 1801 2475 eenige
1833 2431 1998 2481 onser
2029 2437 2227 2492 steden
2259 2447 2391 2497 ende
2423 2453 2751 2504 fortressen
2784 2459 2850 2504 in
2883 2457 3015 2505 Bra„

933 2541 1018 2587 sie
1046 2540 1131 2586 bij
1158 2540 1216 2587 de
1243 2542 1526 2593 portugesen
1552 2549 1836 2603 overvallen
1863 2559 1977 2607 ende
2004 2562 2146 2610 onsen
2173 2566 2315 2616 staad
2342 2571 2653 2627 ontweldicht
2680 2583 2793 2629 sijn
2822 2583 2878 2629 't
2906 2583 3049 2631 welck

934 2653 1061 2704 onse
1092 2656 1249 2707 hooge
1281 2662 1627 2715 overicheijt
1658 2670 1722 2717 in
1752 2674 2068 2731 Neederland
2098 2686 2446 2742 vernemende,
2475 2698 2665 2744 Connen
2696 2698 2983 2751 nieswesen

933 2777 1029 2825 hoe
1059 2779 1123 2825 't
1155 2779 1315 2827 zelve
1343 2785 1534 2834 aldaer
1562 2789 1818 2845 verstaen
1847 2802 1944 2849 zal
1973 2805 2163 2853 werden

660 2928 792 2977 adij
824 2928 957 2978 8:en
990 2928 1155 2975 ditto
1186 2927 1254 2973 de
1287 2927 1518 2980 tolcken
1550 2934 1848 2990 geroepen,
1879 2947 1980 2996 tot
2011 2952 2111 3001 den
2144 2957 2540 3016 Burgemetster
2571 2970 2976 3027 sacquemond:e

941 3037 1213 3089 gesonden
1244 3046 1380 3094 ende
1412 3049 1549 3100 sijn
1581 3057 1615 3102 E
1648 3058 1918 3113 versocht
1951 3068 2021 3116 te
2052 3073 2255 3123 willen
2288 3079 2627 3131 bevorderen
2657 3086 2726 3133 de
2759 3086 3016 3136 pancado

938 3157 1046 3204 der
1081 3160 1260 3209 witte
1293 3164 1472 3213 Rouwe
1507 3168 1685 3216 zijde
1720 3172 1900 3226 bijde
1932 3184 2217 3240 hooffden
2251 3195 2430 3247 vande
2463 3202 2820 3257 Cooplieden
2852 3203 2964 3256 der

932 3287 1081 3334 vijff
1111 3289 1351 3339 keijsers
1380 3295 1561 3343 steden
1590 3298 1710 3347 daer
1739 3302 1830 3348 toe
1858 3304 2249 3366 geordonneert,
2276 3323 2517 3376 gesloten
2546 3331 2666 3379 moch
2695 3334 2755 3379 te
2785 3333 3002 3387 werden.

928 3411 995 3457 op
1028 3411 1126 3457 dat
1159 3412 1226 3459 de
1257 3415 1488 3463 negotie
1520 3419 1783 3474 beginnen
1815 3430 1947 3478 ende
1979 3432 2047 3478 de
2077 3435 2341 3491 schelpen
2373 3447 2472 3493 ter
2504 3449 2966 3502 gedestineerden

921 3532 1052 3584 tijt
1084 3533 1404 3583 vertrecken
1436 3538 1693 3592 mochten,
1723 3548 1789 3596 te
1819 3552 2107 3607 ernstiger
2139 3562 2333 3611 hebben
2363 3568 2525 3618 sulcx
2553 3573 2972 3625 Derncommand:r

934 3655 1060 3701 also
1091 3656 1280 3703 groote
1309 3657 1656 3709 quantiteijt
1687 3664 2034 3724 suijckeren,
2064 3680 2284 3729 aluijn,
2316 3684 2567 3732 kennippe
2598 3684 2884 3736 lijwaten,

934 3779 1236 3827 sappanhoud
1265 3782 1386 3830 ende
1415 3785 1596 3834 andere
1625 3790 1926 3846 diergelijk
1955 3801 2105 3849 waren
2135 3804 2346 3850 hebben,
2376 3804 2466 3850 die
2496 3802 2646 3849 bij't
2675 3801 2886 3848 gewicht

930 3902 1063 3950 ende
1095 3905 1261 3956 getal
1292 3909 1693 3959 uijtgelevert
1725 3915 1925 3963 moeten
1956 3918 2189 3966 werden,
2222 3917 2785 3967 Consequentelijcke
2818 3916 2951 3961 veel

917 4033 1079 4083 tijts
1111 4032 1239 4078 weeh
1271 4033 1430 4078 nemen
1461 4032 1590 4077 zal,
1622 4032 1685 4077 de
1717 4032 1941 4081 tolcken
1972 4035 2132 4081 tegen
2164 4035 2259 4080 den
2290 4030 2451 4080 avond
2483 4022 2900 4075 twederkekende

2410 4255 3053 4335 Rapporteerden/

2840 305 3012 363 643
