3553 4712
1475 984 1614 1031 ours
1648 983 1719 1029 W.
1753 985 1823 1031 Z.
1857 985 1928 1032 W.
1962 988 2067 1036 aan
2101 991 2207 1039 tol
2241 994 2311 1040 op
2345 994 2415 1040 de
2449 994 2660 1040 lengte
2693 997 2800 1045 van
2832 1003 2938 1052 St.
2972 1007 3218 1057 Branden

1472 1146 1605 1196 ende
1638 1145 1704 1191 de
1736 1144 1968 1192 hoochte
2000 1148 2099 1193 van
2131 1149 2230 1195 24.
2262 1150 2427 1196 grad.
2460 1150 2558 1196 30.
2591 1150 2821 1197 minuten
2854 1152 2953 1200 van
2985 1155 3118 1203 waar
3149 1158 3286 1211 iwen

1470 1300 1627 1348 cours
1657 1297 1750 1344 van
1781 1297 1843 1342 W.
1874 1297 1937 1342 Z.
1967 1298 2030 1344 W.
2060 1300 2184 1350 noch
2214 1306 2339 1353 sult
2369 1307 2648 1354 vervolgen
2679 1309 2772 1356 tot
2802 1311 2865 1358 op
2895 1313 2958 1359 de
2988 1311 3206 1361 hoochte

1465 1462 1564 1511 van
1596 1462 1692 1509 32.
1724 1462 1950 1508 graden,
1980 1465 2109 1512 waar
2141 1467 2270 1515 mede
2301 1471 2430 1519 zilt
2461 1475 2655 1525 loopen
2685 1482 2944 1536 ongevaer
2974 1493 3071 1542 90.
3102 1498 3232 1548 mij„

1464 1622 1560 1668 len
1590 1618 1782 1667 buyten
1812 1617 1876 1662 de
1908 1617 2004 1664 wal
2035 1619 2130 1665 van
2160 1618 2511 1669 Madagascar.
2541 1625 2827 1681 stellende
2857 1638 3049 1689 alsdan
3079 1646 3242 1695 nosen

1466 1788 1628 1835 cours
1659 1791 1724 1837 W.
1755 1793 1852 1840 ten
1883 1795 1948 1842 Z.
1979 1797 2108 1844 ende
2139 1800 2204 1847 W.
2235 1802 2300 1848 Z.
2331 1803 2397 1850 W.
2427 1806 2556 1857 aan,
2587 1812 2685 1861 tot
2715 1817 2781 1862 op
2811 1819 2876 1866 de
2908 1821 3132 1866 hoochte
3164 1820 3260 1866 van

1449 1949 1551 2000 35.
1583 1948 1616 1993 a
1649 1948 1748 1996 36.
1779 1951 2010 2000 graden,
2042 1956 2174 2003 waar
2206 1959 2338 2007 mede
2369 1962 2632 2014 ongevaar
2664 1968 2763 2014 80.
2796 1966 2992 2013 mijlen
3025 1967 3222 2015 buyten

1443 2110 1538 2157 het
1569 2113 1695 2158 land
1726 2111 1821 2157 van
1853 2111 2044 2161 Nataal
2072 2117 2264 2169 loopen
2294 2125 2453 2175 zult,
2483 2132 2611 2182 ende
2640 2139 2767 2186 also
2798 2142 3052 2189 verhopen
3081 2144 3209 2191 daar

1428 2283 1563 2332 niet
1595 2281 1763 2328 later
1796 2281 1896 2326 dan
1929 2281 2063 2329 half
2094 2286 2196 2336 fob
2228 2292 2563 2346 verseijnen
2594 2303 2694 2350 sul
2727 2306 2796 2353 in
2826 2310 3062 2365 welcken
3092 2322 3200 2373 tyd

1448 2451 1895 2503 d'ervarentheyt
1925 2459 2084 2509 leert
2115 2464 2179 2510 de
2210 2465 2401 2513 meeste
2431 2468 2591 2518 ooste
2621 2473 2812 2525 winden
2843 2479 3002 2526 van't
3033 2482 3257 2533 geheele

1443 2625 1571 2675 Jaar
1602 2630 1793 2676 daarom
1824 2630 1921 2679 she
1951 2635 2143 2685 wagen,
2172 2641 2237 2688 so
2267 2643 2586 2693 verrouwben
2616 2649 2839 2698 varteek
2870 2654 2967 2702 met
2996 2658 3159 2711 godes
3186 2669 3225 2720 —

1447 2799 1600 2846 hulpe
1629 2801 1751 2847 heel
1781 2802 2145 2854 voorspoedich
2175 2810 2297 2858 ende
2325 2813 2509 2863 sonder
2538 2819 2752 2872 ambeder
2780 2828 2873 2876 aan
2901 2832 2964 2880 d.
2992 2836 3024 2882 o
3053 2838 3178 2888 Cabo

1446 2962 1785 3012 arriveeren
1817 2969 1954 3017 zult

1337 3232 1414 3278 iu
1452 3230 1720 3277 aandoen
1756 3232 1870 3278 van
1909 3232 2175 3282 gemelte
2211 3238 2365 3296 Cabo
2402 3251 2478 3298 of
2515 3253 2554 3300 .
2592 3255 2631 3301 .
2668 3257 2973 3305 Belemna,
3009 3257 3239 3305 moeten

1426 3395 1490 3442 M.
1522 3395 1585 3442 E.
1616 3396 2028 3448 slacswaardicn
2058 3404 2186 3450 ende
2216 3407 2312 3454 wel
2342 3409 2469 3458 voor
2500 3413 2722 3462 schtich
2752 3418 2976 3474 maacken
3004 3431 3069 3480 te
3099 3436 3258 3491 wesen

1439 3555 1528 3601 ten
1557 3555 1736 3603 eyjnde
1764 3557 1885 3604 door
1912 3559 2091 3607 eenige
2120 3562 2448 3618 onverwachte
2475 3574 2774 3631 attentaten
2801 3588 2861 3636 't
2890 3592 2949 3639 zy
2979 3594 3069 3641 van
3097 3597 3261 3649 span„

1425 3701 1736 3752 „giaarden,
1765 3709 2169 3764 Duijnkerckers
2196 3718 2292 3765 ooc
2322 3719 2540 3769 Engelsz
2569 3726 2663 3773 off
2693 3730 2879 3779 andere
2909 3735 3095 3783 gelijk
3125 3737 3253 3787 som„

1423 3870 1550 3917 tyds
1581 3868 1645 3914 de
1676 3867 1960 3915 geruchten
1991 3868 2307 3921 vernemen,)
2337 3876 2464 3924 ende
2494 3880 2873 3937 insonderheyt
2903 3891 3030 3939 noch
3061 3894 3220 3944 deze—

1413 4022 1549 4071 jare
1582 4022 1684 4068 van
1718 4022 1956 4072 seecker
1985 4026 2292 4078 Equipagie
2325 4033 2427 4082 byj
2460 4037 2563 4085 den
2593 4040 2765 4091 Vyand
2797 4047 3035 4094 gedaan,
3067 4049 3205 4096 niet

1407 4177 1635 4226 schelij
1667 4181 1928 4233 angekant
1958 4189 2090 4239 ende
2121 4195 2478 4244 overrompelt
2511 4199 2675 4250 wort,
2705 4207 2835 4255 doch
2868 4210 2933 4255 om
2965 4210 3096 4258 hier
3127 4213 3229 4262 van

2942 4347 3164 4401 der

1948 528 2103 576 Cavoin
2129 528 2310 575 millime
2334 526 2438 572 door
2464 525 2541 571 die
2567 525 2645 571 Cr.
2668 522 2903 571 directeur
2927 523 3061 571 Arent
