3560 4937
1433 909 1578 958 Int
1624 897 1960 955 Coninck
2007 897 2201 946 kyck
2247 901 2391 948 van
2438 900 2823 961 Joncquin

1382 782 1572 837 Dagh
1619 781 1992 828 Register
2038 781 2320 830 wegens
2365 785 2460 831 't
2505 785 3020 836 gepasseerde

1392 1247 1729 1295 Vervolgens
1763 1248 1897 1293 sijn
1930 1247 2032 1293 van
2065 1247 2200 1296 hier
2233 1249 2536 1297 verseijlt
2566 1247 2637 1294 de
2669 1244 2940 1292 fluijten
2972 1245 3107 1291 Beer
3141 1239 3276 1291 ende

1484 1379 2020 1437 Hillegaersberch
2054 1377 2126 1423 na
2162 1373 2412 1422 Tonckin
2445 1370 2519 1418 op
2554 1369 2662 1415 24.
2696 1363 3018 1415 desselven
3052 1358 3271 1408 maends

1496 1512 1657 1560 onder
1688 1510 1753 1556 't
1783 1505 1976 1553 gesach
2006 1501 2200 1550 vanden
2230 1491 2615 1546 Oppercoopman
2647 1486 2902 1537 Anthonij
2933 1484 3030 1530 van
3059 1476 3382 1529 Bronchorst

1493 1639 1586 1686 den
1614 1631 1801 1682 selven
1830 1625 2016 1674 hebben
2046 1623 2138 1669 een
2169 1621 2354 1668 cleijn
2382 1617 2477 1664 bij
2507 1612 2723 1662 voegsel
2753 1609 2846 1657 aen
2875 1604 2999 1653 sijn
3029 1598 3276 1648 voorlede

1479 1750 1698 1797 Jarige
1733 1742 2099 1794 instructie
2134 1739 2244 1787 hem
2279 1734 2427 1783 door
2462 1731 2572 1778 ons
2606 1728 2681 1775 in
2718 1724 2900 1773 Japan
2937 1722 3083 1768 mede
3118 1710 3375 1766 gegeven

1496 1882 1604 1932 doe
1636 1874 1744 1924 ter
1778 1867 1920 1918 tijt
1953 1853 2412 1911 overhandicht,
2447 1848 2588 1897 daer
2622 1844 2729 1892 van
2763 1843 2834 1889 't
2868 1831 3224 1888 affschrift

1496 2006 1662 2063 hier
1702 1995 1945 2051 nevens
1981 1985 2146 2039 gaet

1379 2173 1479 2228 Ten
1508 2168 1764 2218 laetsten
1795 2167 1859 2212 so
1891 2162 2082 2212 hebben
2112 2161 2273 2209 opden
2304 2161 2559 2208 laetsten
2591 2162 2655 2207 al
2685 2153 2973 2206 desselven
3004 2152 3195 2198 maents
3225 2148 3292 2195 na

1455 2292 1556 2340 dat
1586 2286 1821 2336 sdaechs
1853 2285 1920 2330 te
1953 2281 2119 2329 voren
2152 2280 2252 2326 hun
2285 2277 2418 2325 haer
2449 2275 2783 2322 affscheijt
2815 2271 3015 2321 hadden
3048 2268 3280 2316 gegeven

1475 2427 1553 2477 de
1588 2416 1814 2471 Surats
1849 2410 2000 2459 ende
2035 2400 2410 2454 Cormandels
2447 2399 2746 2445 vaerder,
2782 2399 2895 2445 met
2931 2396 3007 2443 de
3042 2392 3230 2441 Capel

1482 2558 1593 2605 tot
1628 2537 2032 2601 verlossingh
2066 2534 2179 2582 van
2214 2523 2508 2578 Berchout
2544 2519 2801 2567 omtrent
2837 2514 3057 2563 sinquo
3091 2511 3131 2559 t
3167 2508 3352 2556 Jagos

1487 2678 1597 2730 met
1632 2669 1848 2722 schoon
1883 2665 2027 2713 ende
2061 2654 2313 2708 bequaem
2348 2651 2528 2698 weder
2563 2651 2706 2699 (God
2741 2649 2921 2697 loft,
2956 2646 3101 2692 sien
3136 2644 3246 2692 hun

1478 2804 1714 2857 anckers
1747 2794 2015 2848 lichten,
2048 2782 2383 2839 onderseijl
2416 2780 2584 2826 gaen,
2616 2778 2651 2824 &
2683 2774 2752 2822 so
2785 2771 2919 2818 veel
2952 2771 3224 2826 vorderen

1473 2945 1575 2991 dat
1607 2942 1711 2989 ons
1744 2934 2084 2985 tijdelijck
2117 2930 2253 2978 uijt
2284 2924 2389 2975 het
2421 2912 2660 2968 gesicht
2692 2906 2897 2955 waren,
2931 2903 3340 2950 d'Almachtige

1477 3075 1578 3123 wil
1608 3072 1744 3120 haer
1777 3064 2077 3116 allesints
2109 3058 2343 3109 bewaren
2375 3052 2510 3102 ende
2542 3047 2643 3095 ter
2674 3039 3042 3091 gewenschter
3074 3038 3249 3086 haven

1463 3206 1852 3261 geleijden

1381 3355 1475 3404 Het
1505 3350 1661 3402 heeft
1690 3346 1784 3393 ons
1813 3343 1877 3390 in
1907 3341 1970 3387 't
2000 3335 2156 3386 helte
2185 3331 2310 3379 seer
2341 3330 2526 3376 gedaen
2557 3330 2621 3378 en
2648 3330 2898 3380 bedroeft
2928 3331 3022 3377 dat
3052 3332 3177 3379 voor
3206 3333 3304 3380 ons

1498 3468 1625 3516 ogen
1655 3464 1843 3512 hebben
1874 3459 2062 3508 moeten
2093 3457 2219 3503 sien
2249 3457 2313 3503 so
2343 3454 2469 3501 veel
2500 3449 2782 3498 coopmans.
2812 3446 2939 3494 voor
2969 3445 3158 3491 parsia
3188 3437 3346 3489 meest

1493 3597 1637 3646 ende
1672 3594 1817 3641 oock
1851 3588 1996 3638 voor
2031 3581 2282 3633 suratte
2317 3577 2461 3626 ende
2496 3576 2820 3622 Cormandel
2855 3577 2928 3624 al
2961 3576 3106 3624 vrij
3142 3572 3360 3621 eenige

1493 3714 1625 3762 niet
1657 3712 1853 3759 hebben
1884 3706 2081 3755 cunnen
2113 3706 2245 3752 inde
2277 3704 2506 3752 schepen
2538 3701 2734 3749 laden,
2766 3700 2897 3746 maer
2929 3698 3028 3744 dat
3059 3695 3262 3743 alhier

1487 3847 1706 3897 vrucht
1741 3844 1888 3891 ende
1922 3834 2252 3887 renteloos
2287 3827 2543 3878 deselve
2579 3822 2798 3872 moeten
2834 3812 3200 3867 overleggen

1480 3984 1582 4034 tot
1616 3982 1683 4029 's
1715 3975 1918 4026 Comps
1949 3968 2152 4020 nadeel
2185 3965 2320 4012 maer
2353 3965 2455 4010 wat
2487 3965 2655 4011 iller
2687 3960 2856 4009 tegen
2888 3952 3395 4004 onmogelijcheyjt

1485 4108 1556 4158 te
1589 4097 1927 4152 worstelen,
1959 4093 2130 4142 tgene
2163 4092 2266 4138 dat
2298 4090 2401 4137 ons
2434 4089 2637 4135 troost
2667 4085 2739 4134 is
2772 4081 2874 4129 dit
2907 4076 3043 4124 waer
3076 4074 3179 4122 het

1493 4220 1887 4273 onverhoopte
1923 4216 2173 4265 Japanse
2209 4214 2424 4260 geluck
2459 4215 2567 4260 van
2602 4214 2781 4260 coper
2816 4211 2888 4259 te
2924 4207 3103 4255 mogen
3137 4201 3282 4250 uijt

2808 4365 3177 4413 voeren

813 275 999 337 Jnhio
1034 268 1143 317 ao.
1179 265 1323 313 1646

1973 559 2289 616 pie

1998 433 2473 489 Jonckem

3010 441 3303 492 1646

1309 3365 1353 3411 E
