3573 4958
2807 305 3034 358 723

418 327 584 381 Maij
622 316 748 370 a:o
787 308 954 361 1646

965 480 1240 528 verhaelde
1269 484 1393 533 twee
1421 489 1698 547 Schryvers
1726 503 1911 553 waren)
1939 509 2032 555 uyt
2061 511 2215 563 synen
2244 520 2368 570 name
2395 527 2489 577 van
2517 534 2732 591 meerder
2761 547 2823 593 en
2852 550 3038 603 hoogen

960 601 1166 654 aensien
1195 603 1545 660 soudesenden,
1573 615 1808 667 teneinde
1836 623 2070 673 noghmael
2098 629 2275 680 sonder
2302 637 2421 688 mine
2447 645 2538 693 van
2564 650 2944 704 difficulteijt
2972 659 3032 705 te

956 721 1099 770 laten
1127 721 1384 770 vernemen,
1411 726 1497 773 wat
1524 728 1667 779 vande
1694 736 1809 784 sake
1836 740 1979 788 wesen
2006 744 2207 794 mochte,
2233 751 2290 797 en
2318 752 2404 801 off
2431 757 2545 806 haer
2572 761 2631 810 op
2658 766 2716 812 de
2743 768 3056 820 verthoninge

951 844 1248 892 vandeselve
1275 844 1781 897 evensuberbehouden
1809 852 1988 901 souden
2017 856 2226 908 souden,
2253 864 2343 912 als
2372 867 2580 920 wanneer
2609 875 2669 922 na
2698 878 2969 936 vereijsch

958 960 1047 1005 van
1077 959 1258 1009 saken,
1283 964 1376 1011 met
1404 967 1703 1017 denanderen
1731 972 1851 1017 daer
1880 971 2000 1017 over
2029 971 2329 1025 consuleren
2356 982 2478 1030 ende
2505 987 2774 1045 besluyten
2802 1001 2982 1053 wilden

924 1094 1110 1141 'tgene
1140 1092 1234 1138 dan
1264 1092 1450 1138 souden
1481 1093 1698 1138 duncken
1729 1094 2038 1141 behoorlijk
2068 1095 2132 1140 te
2162 1096 2317 1143 wesen
2347 1098 2441 1144 ten
2471 1100 2689 1149 dienste
2719 1105 2843 1151 vant
2873 1107 3062 1161 krijck

921 1224 1046 1272 ende
1075 1219 1169 1269 tot
1199 1216 1538 1263 conservatie
1568 1219 1661 1264 van
1691 1219 1846 1266 sijne
1876 1222 2245 1274 Coninckl„jke
2275 1229 2491 1277 maij=ts
2521 1232 2737 1278 respect
2767 1231 2892 1279 ende

946 1341 1404 1389 ainthoriteijt:
1436 1345 1697 1392 tusschen
1729 1348 1990 1396 wyledede
2022 1350 2121 1396 ons
2152 1351 2446 1403 gedachten
2477 1358 2706 1409 Ongaton
2739 1364 3065 1411 vrundelyck

927 1480 1047 1526 ende
1075 1473 1407 1524 treffelijck
1437 1473 1528 1519 met
1557 1475 1708 1524 eeten
1737 1480 1857 1526 ende
1886 1480 2128 1528 drincken
2157 1483 2429 1534 onthalen:
2457 1490 2758 1544 mitsgaders
2787 1500 3029 1551 nagemon—

953 1604 1248 1653 affscheijt
1278 1604 1396 1649 door
1426 1604 1545 1650 alle
1573 1605 1722 1653 sijne
1751 1609 2017 1658 lusthoven
2046 1613 2165 1659 (die
2194 1614 2255 1662 uy
2282 1619 2549 1669 ttermaten
2577 1624 2814 1670 plaisant
2844 1625 3023 1675 wanen)

947 1740 1006 1788 t'
1034 1737 1177 1785 onsen
1204 1734 1433 1782 vermaecq
1461 1734 1689 1785 leijden,
1717 1740 2116 1792 rescontrerende
2143 1747 2201 1793 in
2229 1748 2429 1798 deselve
2456 1753 2542 1799 een
2570 1754 2656 1800 van
2684 1756 2770 1802 des
2798 1758 3030 1813 Coninghs

915 1871 1159 1926 Jonghste
1186 1869 1367 1916 Sonen,
1396 1868 1665 1914 cortelijk
1694 1869 1754 1916 in
1783 1871 1903 1917 gem:
1932 1872 2141 1921 Capados
2169 1875 2320 1922 huijs
2348 1877 2467 1924 daer
2496 1875 2616 1923 sijn
2645 1874 2884 1923 wooninge
2913 1879 3035 1929 nogh

938 2005 1106 2056 hiels
1137 1997 1406 2049 getrout,
1438 1997 1605 2043 synde
1638 1998 1738 2044 den
1768 1998 2205 2045 Jongerbroeder
2237 2000 2438 2051 vanden
2466 2005 2670 2052 Prince
2702 2003 3075 2053 durkouthoot

945 2130 1004 2177 op
1031 2126 1178 2174 wiens
1206 2126 1323 2172 Ergh
1351 2126 1525 2173 Comp:s
1554 2126 1699 2171 logie
1728 2125 1902 2172 staet,
1931 2126 2251 2172 denselvende
2278 2127 2337 2174 de
2365 2129 2452 2175 ons
2481 2130 2539 2175 na
2568 2128 2742 2175 eenige
2770 2109 3090 2173 vrundelijke

956 2248 1338 2304 bejegeningh
1371 2247 1475 2293 van
1509 2244 1993 2292 complementeuse
2026 2247 2302 2295 coutinge
2336 2250 2750 2300 medevereenen
2783 2255 2887 2302 met
2921 2257 3027 2305 een

910 2373 1153 2427 Vercken,
1182 2372 1273 2419 een
1301 2371 1394 2417 pot
1422 2372 1602 2418 arracq
1632 2372 1692 2417 en
1720 2370 1782 2417 10
1811 2368 2021 2416 clappis
2050 2372 2200 2419 noten
2230 2374 2351 2420 waer
2379 2376 2529 2424 naden
2559 2378 2710 2424 tuijn
2738 2379 3042 2430 voortsheen

912 2495 987 2550 en
1019 2495 1156 2541 weer
1190 2495 1326 2541 door
1360 2494 1599 2541 wandelt
1631 2494 1904 2540 hebbende
1938 2495 2075 2541 ende
2108 2497 2414 2546 minmelijk
2447 2500 2755 2556 affscheyt
2787 2512 3027 2559 bekomen

958 2615 1079 2667 ons
1117 2608 1470 2659 naerhuijs
1508 2606 1785 2654 begaven

588 2734 794 2794 ultimo
827 2733 929 2779 d:o
961 2729 1369 2778 voormiddaghs
1403 2731 1573 2777 compt
1606 2732 1708 2777 den
1741 2731 2081 2782 Jonghadsis
2114 2738 2216 2784 s:t
2249 2737 2351 2783 Jan
2385 2738 2588 2786 Coenen
2621 2741 2724 2788 van
2757 2743 3064 2793 amsterd„m

961 2836 1083 2883 dese
1114 2837 1419 2883 bedroeffde
1449 2837 1632 2882 werelt
1663 2837 1754 2882 van
1784 2837 1969 2885 siecte
1998 2842 2059 2887 't
2089 2842 2425 2894 overlijden,
2456 2849 2548 2896 god
2577 2850 2731 2897 hebbe
2761 2851 2823 2896 de
2852 2850 3006 2899 Siele

959 2943 1208 2990 werdende
1239 2943 1332 2989 des
1362 2942 1674 2990 namiddaghs
1704 2946 1892 2993 binnen
1921 2949 1985 2996 de
2014 2953 2201 3004 pagger
2230 2959 2325 3006 van
2355 2962 2510 3009 Comp.
2540 2964 2573 3011 s
2603 2967 2728 3013 loge
2758 2969 3072 3016 behoorlijk

958 3050 1090 3099 nade
1122 3049 1382 3096 presente
1415 3050 1772 3101 gelegenth:t
1804 3056 1902 3102 ter
1934 3057 2130 3105 aenden
2162 3061 2430 3113 gebracht

676 3193 751 3240 Op
787 3185 936 3235 dato
972 3184 1342 3230 verstonden
1379 3185 1491 3233 dat
1527 3187 1601 3234 de
1637 3186 1933 3237 Chinesen
1970 3192 2193 3242 gister
2229 3198 2488 3247 avondna
2524 3203 2599 3248 de
2635 3202 3009 3252 tweedemael

959 3300 1548 3354 gequalificeerde
1587 3297 2138 3350 Gecommitteerde
2176 3307 2295 3354 des
2333 3311 2648 3361 Coninghs
2686 3314 2844 3361 mede
2882 3314 3043 3363 niet

959 3424 1153 3475 willen
1184 3422 1534 3469 luijsteren:
1565 3418 1693 3466 maer
1724 3417 1947 3463 deselve
1978 3418 2075 3465 met
2106 3421 2266 3469 quaet
2296 3425 2551 3474 bescheyt
2582 3429 3059 3481 wederomgesonden

963 3534 1168 3586 hadden,
1196 3542 1400 3589 begeren
1429 3544 1546 3590 sijn
1575 3540 1750 3588 Maij:t
1779 3540 1954 3588 selffs
1983 3543 2276 3594 verschynen
2303 3551 2478 3599 soude,
2507 3552 2625 3599 waer
2653 3556 2712 3602 op
2740 3558 2828 3605 syn
2857 3559 3032 3605 Hoogh.
3060 3558 3090 3604 t

941 3654 1044 3701 den
1077 3657 1281 3703 Capado
1314 3657 1620 3709 Ongadingh
1653 3664 1755 3710 met
1789 3665 1925 3711 twee
1958 3666 2231 3714 galeijen
2263 3671 2535 3719 derwarts
2567 3673 2738 3719 sondt
2771 3673 2874 3719 met
2907 3670 3009 3718 die

933 3767 1062 3814 mede
1095 3768 1224 3814 niet
1256 3769 1516 3819 aenboord
1548 3774 1743 3822 hebben
1774 3778 2001 3827 wilden,
2033 3782 2098 3828 en
2131 3783 2682 3836 onverrightersaken
2710 3788 2875 3837 weder
2907 3788 2976 3838 om

949 3880 1105 3928 kenen
1134 3884 1351 3934 lieten,
1380 3889 1535 3935 edogh
1566 3889 1720 3935 namen
1751 3890 1843 3936 met
1874 3891 2060 3939 groote
2090 3895 2491 3943 pomperisheijt
2520 3897 2583 3943 de
2614 3897 2646 3943 2
2675 3898 3017 3952 Capiteijnen

2737 4068 2785 4119 2
2822 4061 2952 4110 der

0 459 279 519 onder„

0 574 281 639 quen

0 702 194 756 in

9 833 285 884 Coningh

220 961 262 1006 e

222 1075 263 1121 de

0 1179 211 1231 niet

18 1393 116 1450 S

0 1507 135 1554 g

0 1619 39 1664 d

96 1620 222 1674 ede

0 1843 46 1888 bij

84 1844 228 1902 len

118 1956 272 2011 teert

179 2067 255 2123 ld

0 1955 56 2000 bi

187 1385 255 1439 a

0 3901 244 3953 welcke
