3567 4801
2801 509 2971 560 938

779 564 1219 632 februarij
1267 558 1463 606 1646

979 739 1038 785 al
1065 735 1155 783 dit
1182 731 1330 780 goedt
1360 729 1477 776 niet
1506 727 1623 773 eens
1652 722 1887 772 gedaght,
1916 722 2034 767 maer
2062 723 2150 769 een
2179 722 2386 768 Chirtij
2413 723 2502 769 die
2530 721 2678 768 eerst
2706 721 2824 767 seer
2852 721 2941 769 arm

976 848 1034 895 by
1059 844 1117 891 de
1145 839 1397 889 Compagnie
1423 834 1649 883 gecomen,
1675 831 1788 878 ende
1816 831 1928 876 door
1955 830 2069 876 haer
2094 828 2208 876 hulp
2236 825 2320 872 tot
2347 823 2460 869 veel
2487 820 2600 868 100O
2627 817 2851 864 rijckdom
2878 808 3103 862 geraeckt

982 953 1065 1003 Is,
1089 948 1145 995 om
1170 945 1252 992 dat
1278 940 1386 989 haer
1412 936 1627 985 sleghtse
1653 935 1707 981 by
1734 934 1788 979 de
1815 933 1949 980 mags.
1975 930 2324 980 verraderlijck
2350 923 2699 975 beschuldighde
2725 915 3077 967 gehoorgegeven

972 1058 1099 1115 ende
1127 1051 1221 1101 wat
1248 1042 1619 1095 d'hollanders
1647 1037 1926 1087 schreeven
1954 1033 2079 1081 niet
2109 1031 2232 1077 eens
2262 1025 2569 1076 aengenomen
2600 1021 2723 1070 ofte
2752 1020 3001 1073 gehoort,

977 1168 1097 1228 sijn
1121 1151 1437 1211 verraeerije
1464 1148 1522 1195 Is
1550 1147 1665 1194 seer
1693 1142 1921 1192 openbaer
1947 1140 2006 1187 d'
2034 1135 2376 1185 Holliphanten
2402 1132 2490 1180 die
2516 1128 2603 1175 den
2631 1121 2831 1172 Coninck
2858 1117 2945 1166 Van
2970 1115 3001 1161 —

967 1273 1079 1328 siam
1104 1266 1162 1316 d'
1185 1256 1324 1308 Mais.
1351 1255 1379 1300 r
1406 1253 1625 1303 gesonden
1651 1248 1816 1297 heeft,
1843 1246 1953 1293 sijn
1979 1244 2062 1291 bij
2088 1242 2171 1289 hem
2198 1235 2445 1286 Vercocht,
2471 1232 2581 1279 ende
2608 1229 2718 1276 noch
2743 1226 2800 1273 en
2825 1214 3019 1270 gelooft

976 1384 1039 1432 d'
1067 1372 1221 1427 magh.
1247 1367 1281 1415 t
1309 1362 1402 1410 dat
1431 1359 1553 1406 niet
1583 1357 1765 1403 mijnen
1793 1354 1856 1402 H.
1885 1353 1917 1399 r
1947 1348 2159 1396 ofted:'
2186 1343 2250 1393 E:
2279 1340 2553 1387 Compagnie
2583 1335 2735 1384 heeft
2765 1334 2826 1380 d'
2854 1320 3045 1378 Crogne

970 1483 1092 1536 veer
1121 1478 1331 1527 proffyt
1360 1474 1451 1522 met
1481 1473 1631 1519 haere
1660 1470 1869 1519 Negotie
1899 1467 2108 1514 gedaen,
2136 1464 2258 1512 ende
2287 1462 2527 1509 Jaerlicx
2556 1460 2617 1508 8'
2646 1455 2796 1504 magt.
2823 1452 2856 1499 s
2883 1448 2981 1495 met

975 1594 1124 1648 goede
1149 1586 1476 1637 schenckagie
1505 1585 1712 1631 erkent,
1740 1583 2124 1630 tegenwoordigh
2153 1583 2300 1629 heeft
2330 1580 2507 1628 Chitij
2536 1578 2654 1625 alle
2683 1572 2890 1623 negotie
2917 1570 3002 1617 en

964 1719 1030 1771 s'
1054 1703 1210 1760 staet
1240 1700 1544 1749 verdurven,
1574 1699 1666 1745 wat
1693 1696 1817 1746 saet
1847 1695 1939 1741 dan
1969 1688 2333 1741 proffijteren
2364 1679 2698 1733 errammeraje
2727 1675 2850 1724 daer
2879 1674 3041 1729 gaen,

972 1823 1055 1871 den
1079 1809 1432 1867 Coninckdiende
1458 1806 1648 1853 doakop,
1675 1805 1783 1852 alle
1809 1805 1891 1851 dat
1917 1804 2025 1851 ghij
2052 1802 2215 1849 seght,
2241 1801 2349 1847 ende
2376 1800 2431 1846 't
2457 1796 2619 1844 geneln
2645 1787 2917 1841 hollanders

976 1928 1031 1974 t'
1055 1924 1190 1972 voren
1215 1922 1296 1968 mij
1322 1917 1588 1966 geschreven
1613 1912 1800 1960 hebben,
1826 1904 2199 1956 bevindegelijck
2225 1902 2305 1949 een
2331 1896 2703 1947 monsterspiegel
2728 1893 2836 1941 voor
2862 1892 2949 1940 mij

965 2031 1022 2079 al
1047 2021 1348 2075 t'openbaer,
1373 2019 1537 2067 datter
1564 2016 1836 2064 gepasseert
1862 2015 1944 2061 Is,
1971 2014 2026 2060 en
2051 2011 2161 2058 moet
2187 2008 2297 2056 niet
2324 2006 2433 2053 meer
2459 2000 2704 2050 gedencken
2730 1993 2949 2045 voortaen
2976 1992 3031 2038 op

962 2132 1049 2178 dat
1076 2127 1223 2177 alles
1251 2123 1367 2171 twel
1396 2121 1629 2168 machgaen
1657 2119 1802 2167 hebbe
1829 2117 2149 2164 nareijneper
2177 2113 2410 2163 volcomen
2438 2111 2583 2158 ordre
2611 2104 2815 2156 gegeven
2842 2092 3077 2148 waermede

963 2236 1104 2288 onsen
1130 2229 1384 2281 residendt
1412 2227 1524 2275 sijn
1552 2226 1777 2273 afscheyt
1805 2225 2001 2271 gegeven
2029 2225 2225 2270 sijnde,
2253 2224 2338 2269 was
2365 2221 2450 2268 bij
2477 2207 2982 2266 rareijnepageroupen
3009 2204 3039 2251 —

951 2340 1219 2398 setggende
1247 2335 1543 2384 nareijnepa
1571 2334 1631 2380 en
1658 2328 2043 2379 Wengereputtij
2073 2325 2191 2373 ghij
2220 2322 2338 2368 siet
2366 2321 2426 2367 nu
2455 2320 2544 2366 wel
2573 2318 2662 2365 wat
2690 2312 2839 2362 goedt
2867 2309 2956 2357 hen

957 2445 1045 2497 den
1071 2438 1268 2489 Coninck
1295 2438 1380 2484 den
1408 2437 1689 2484 gouverneur
1716 2439 2024 2485 toedraeght,
2051 2437 2137 2483 wij
2163 2434 2276 2484 sijn
2302 2430 2416 2478 oock
2442 2427 2528 2474 van
2554 2422 2724 2471 harten
2751 2419 2949 2467 genehen
2975 2423 3006 2469 —

960 2550 1054 2596 dat
1085 2547 1149 2594 d'
1179 2545 1400 2591 Negosie
1430 2544 1525 2590 met
1556 2543 1619 2589 d'
1650 2540 1964 2588 hollanders
1996 2540 2090 2585 wel
2121 2535 2404 2586 machgaen,
2435 2532 2686 2580 Chinanna
2717 2531 2780 2577 so
2807 2524 2874 2575 nu

952 2658 1149 2709 genough
1176 2653 1540 2703 beschuldight,
1566 2650 1679 2696 ende
1707 2650 1764 2696 In
1790 2647 2071 2693 decadentie
2099 2646 2267 2692 bijden
2293 2641 2490 2690 Coninck
2517 2635 2657 2684 alsoo
2684 2631 2769 2679 dat
2796 2627 2881 2675 Wij
2908 2626 2973 2675 nu

955 2770 1153 2821 genough
1181 2767 1295 2814 (als
1323 2763 1465 2811 recht
1492 2760 1578 2806 den
1605 2756 1692 2804 tid
1720 2754 1862 2800 wesen
1889 2754 1918 2799 )
1946 2753 2004 2799 s'
2031 2755 2315 2801 hollanders
2342 2751 2513 2800 Cunnen
2541 2738 2938 2795 voorspreecken

2965 2733 2988 2778 -

960 2873 1327 2930 tegenwoordigh
1354 2868 1497 2917 heeft
1523 2864 1609 2911 den
1637 2861 1835 2908 Coninck
1863 2859 1948 2905 ons
1976 2859 2315 2905 g'ordonneert
2343 2850 2682 2904 madrespatam,
2709 2847 2767 2894 en
2794 2838 3033 2891 d'dorpen

945 2989 1075 3040 onder
1100 2981 1380 3034 palliacatta
1404 2975 1608 3026 behoren,
1634 2974 1710 3020 als
1735 2971 1837 3018 oocq
1862 2970 1964 3016 sijn
1989 2970 2142 3015 Cleden
2166 2969 2218 3015 en
2244 2968 2396 3014 andere
2419 2961 2625 3013 goederen
2649 2958 2727 3006 aen
2749 2953 2802 3002 te
2828 2951 2983 2999 slaen,

945 3097 1110 3150 dachom
1136 3090 1300 3140 hebben
1325 3082 1597 3134 erammeraje
1623 3081 1732 3126 daer
1758 3078 2003 3126 gesonden,
2028 3076 2111 3122 die
2138 3075 2246 3121 naer
2273 3071 2598 3121 Verrichtinge
2624 3071 2706 3119 bij
2731 3068 2841 3118 haer

2889 3067 2941 3114 -

927 3209 1017 3262 sal
1045 3203 1219 3252 comen,
1245 3200 1333 3249 dat
1361 3197 1448 3244 den
1476 3191 1765 3241 gouverneur
1793 3190 1966 3236 kund't
1995 3190 2254 3236 schrijven
2283 3190 2398 3236 ghij
2426 3189 2542 3234 moet
2570 3188 2686 3233 geen
2713 3183 2888 3232 quaedt
2912 3178 2944 3225 —

932 3312 1207 3369 betrouwen
1236 3311 1297 3356 op
1326 3301 1660 3354 errammeraje
1689 3300 1900 3347 hebben,
1931 3299 2082 3345 weant
2111 3299 2202 3346 hij
2232 3299 2293 3344 Is
2323 3298 2444 3345 mijn
2474 3293 2715 3343 dienaer,
2745 3290 2987 3338 weanneer

937 3426 1016 3475 hij
1040 3422 1146 3470 daer
1171 3420 1275 3466 moer
1300 3416 1483 3465 gecomen
1509 3413 1716 3461 salsijn,
1741 3411 1820 3458 sal
1846 3409 1924 3455 hij
1949 3409 2028 3455 den
2051 3407 2313 3455 gouverneur
2339 3406 2442 3452 (met
2468 3406 2520 3451 d'
2545 3402 2754 3451 goederen
2779 3397 3039 3446 olixhanten

931 3532 1045 3584 ende
1070 3525 1240 3575 Cleden
1268 3524 1353 3570 Van
1379 3521 1605 3568 Chattij)
1632 3516 1995 3567 voord'Cleden,
2023 3513 2135 3561 ende
2162 3511 2332 3558 anders
2357 3513 2443 3560 bij
2470 3512 2723 3559 Chinoenna
2750 3512 2891 3559 Chuty

914 3634 1151 3696 gerooft,
1179 3633 1325 3680 menen
1353 3630 1557 3677 Intrest
1586 3627 1819 3675 voldoen,
1846 3626 2167 3675 adviserende
2196 3627 2284 3673 hij
2313 3626 2574 3673 residendt
2603 3625 2807 3672 hierbij
2836 3624 2925 3670 aen

942 3739 1043 3792 H:r
1074 3733 1399 3784 Gouverneur
1430 3731 1528 3777 dat
1561 3731 1593 3776 E
1624 3728 1950 3776 krammeraje
1982 3729 2112 3776 daer
2144 3729 2339 3776 Comen,
2371 3728 2501 3774 ende
2533 3727 2663 3773 sijn
2694 3725 2760 3772 E.
2793 3723 2891 3771 hem

943 3834 1237 3892 believende
1266 3832 1530 3879 t'hooren,
1559 3829 1648 3877 het
1676 3827 1794 3873 syns
1823 3827 2117 3873 bedunckens
2145 3827 2235 3873 den
2261 3825 2468 3873 rechten
2498 3826 2586 3871 tyt
2615 3826 2703 3871 sal
2732 3825 2881 3872 wesen

938 3942 1058 3990 omme
1086 3940 1147 3986 d'
1177 3936 1416 3985 geroofde
1445 3933 1685 3981 goederen
1711 3928 1924 3977 wederom
1952 3926 2013 3973 te
2043 3924 2284 3972 becomen,

659 4081 726 4142 Nj
748 4070 810 4121 27
837 4065 894 4111 d.
920 4061 980 4109 o.
1006 4054 1178 4104 become
1205 4052 1292 4098 een
1319 4049 1547 4097 olledoor
1576 4049 1661 4094 ent
1689 4049 1974 4095 rammeraije
2002 4050 2202 4096 tevoren
2228 4046 2429 4096 gewesen
2457 4045 2741 4092 Gouverneur
2770 4047 2855 4093 Van

933 4149 1298 4200 palliacatta
1331 4146 1464 4194 ende
1497 4145 1796 4191 andermaek
1828 4145 2194 4191 genomineert
2226 4145 2558 4192 Gouverneur
2591 4147 2691 4192 Van
2723 4145 2862 4196 dito

0 654 140 701 den

2909 4152 2937 4197 -
