3560 4958
1424 792 1555 838 agh
1596 790 1944 844 Register
1986 791 2247 844 wegens
2289 801 2378 847 't
2418 804 2895 853 gepasseerde

1600 1097 1685 1145 dat
1713 1098 1798 1145 ons
1826 1097 2053 1146 'tsedert
2080 1102 2306 1150 vertrecq
2334 1106 2418 1151 van
2447 1106 2503 1152 't
2531 1107 2672 1153 schip
2700 1105 2785 1152 den
2813 1105 3067 1153 salmander
3095 1108 3236 1156 weder
3264 1111 3407 1162 redel

1607 1187 1835 1238 partijen
1863 1186 2061 1232 diverse
2088 1188 2370 1236 sorteringe
2398 1191 2483 1236 van
2511 1192 2736 1238 lijwaten
2763 1192 3102 1239 toegevloeijt
3130 1194 3271 1240 sijn,
3299 1195 3418 1241 ende

1611 1275 1725 1324 daer
1752 1276 1865 1322 door
1893 1278 1977 1323 van
2005 1278 2202 1325 courant
2229 1280 2454 1329 capitael
2482 1282 2707 1329 sodanich
2734 1279 2988 1327 ontbloot,
3015 1278 3100 1324 dat
3128 1276 3213 1323 bij
3240 1274 3411 1322 eenige

1603 1369 1984 1420 voirderlijcke
2013 1368 2364 1414 veranderinge
2392 1370 2480 1417 van
2508 1372 2625 1418 tijt
2654 1370 3004 1418 genootsaeckt
3033 1367 3208 1415 sullen
3236 1363 3413 1411 blijve

1596 1470 1686 1519 den
1715 1467 1891 1513 incoop
1919 1466 2037 1512 inde
2066 1463 2272 1511 suijder
2301 1462 2594 1508 quartieren
2624 1462 2741 1508 ende
2770 1461 2888 1507 onse
2916 1459 3210 1507 contracten
3239 1458 3415 1504 alhier

1589 1568 1682 1615 tot
1713 1567 1866 1613 nader
1896 1568 2111 1613 secours
2141 1566 2234 1613 van
2264 1564 2448 1611 costi,
2478 1561 2602 1608 ofte
2632 1560 2908 1607 Toijouan,
2938 1557 3031 1604 ten
3059 1551 3402 1602 principalen

1590 1655 1651 1702 te
1680 1656 1985 1702 surcheren,
2016 1657 2168 1704 sulcx
2198 1658 2320 1704 oock
2350 1658 2441 1704 tot
2471 1655 2684 1703 progres
2715 1654 2806 1700 van
2836 1653 2958 1699 dien
2988 1651 3171 1697 aenden
3201 1651 3417 1699 masuli„

1585 1748 1956 1797 patnamschen
1990 1747 2125 1793 cant
2157 1747 2360 1795 Immers
2393 1748 2461 1793 so
2493 1745 2629 1794 heer
2662 1744 2730 1789 om
2762 1739 3066 1789 contanten
3099 1728 3405 1784 benodicht

1610 1844 1791 1893 sullen
1820 1845 2030 1892 vallen,
2060 1843 2240 1891 sijnde
2270 1842 2360 1888 als
2389 1841 2510 1887 uEd:
2537 1838 2659 1888 uijt
2689 1836 2809 1883 alle
2838 1825 3258 1880 omstandicheden
3287 1822 3378 1869 wel

1610 1943 1794 1990 cunnen
1824 1943 2099 1991 affmeten,
2125 1939 2372 1991 weijnich
2402 1937 2585 1984 alsnud
2615 1934 2707 1981 met
2737 1925 3194 1978 Coopmanschappen
3223 1920 3407 1971 alhier

1588 2038 1649 2088 te
1679 2037 2001 2085 verrichten,
2030 2040 2148 2086 waer
2176 2040 2295 2085 uijt
2323 2041 2411 2086 dan
2440 2040 2558 2086 oock
2586 2037 2968 2085 veroorsaeckt,
2996 2035 3056 2082 de
3083 2033 3319 2079 voijagie
3348 2033 3409 2082 op

1576 2135 2001 2183 Tegenepatamn,
2033 2137 2130 2183 bij
2163 2137 2325 2183 tslot
2358 2137 2520 2182 onser
2553 2135 2911 2183 affgeleijde
2942 2130 3398 2180 negotieboecken

1597 2235 1779 2284 overd'
1805 2241 2043 2288 ƒ124000:
2071 2237 2339 2288 schuldich
2369 2237 2636 2283 gebleven,
2665 2237 2784 2283 daer
2813 2235 2873 2281 op
2902 2235 2962 2281 't
2991 2233 3170 2280 zedert
3199 2232 3418 2280 ontrent

1568 2334 1601 2381 ƒ
1630 2332 1810 2379 24000:
1841 2334 1901 2379 in
1931 2333 2111 2379 cleden
2141 2331 2322 2378 slaven
2351 2330 2412 2375 &.
2442 2330 2472 2376 a
2501 2327 2652 2375 weder
2682 2327 3013 2374 affgesonden
3043 2329 3134 2374 is,
3163 2325 3405 2375 bestaend

1580 2431 1650 2477 't
1680 2435 2016 2483 resterende
2048 2438 2149 2483 ten
2182 2430 2517 2483 meerendeel
2550 2428 2618 2475 in
2650 2426 2986 2473 Coopmansz.
3019 2427 3052 2472 ,
3086 2426 3187 2472 wat
3220 2426 3320 2472 ons
3354 2426 3405 2473 —

1593 2529 1856 2580 'tsedert
1889 2535 2020 2581 voor
2052 2533 2380 2581 aengetogen
2413 2530 2610 2578 mijnen
2642 2529 2938 2577 Jonghsten
2968 2532 3068 2578 aen
3100 2533 3231 2578 uEd:
3264 2531 3395 2578 door

1592 2627 1746 2673 onsen
1776 2628 1931 2675 novos
1960 2630 2268 2676 schrijver,
2298 2629 2575 2675 aengaende
2605 2626 3128 2674 d'onderhandelinge
3158 2626 3405 2676 tusschen

1591 2726 1682 2772 den
1712 2727 2076 2775 Carnatischen
2106 2726 2319 2774 maij=t,
2350 2724 2471 2771 ende
2501 2722 2775 2769 naijcken,
2804 2721 2896 2767 tot
2925 2718 3139 2765 secours
3168 2717 3321 2764 endse
3348 2714 3382 2762 —

1594 2821 2101 2870 restabilissement
2132 2820 2227 2866 van
2259 2820 2323 2866 't
2354 2821 2513 2868 rijck
2544 2824 2639 2869 als
2670 2823 2861 2870 anders
2893 2821 3019 2868 meer
3051 2818 3412 2865 g'adviseert

1590 2919 1693 2966 is,
1725 2922 1861 2969 wert
1894 2925 2029 2972 uEd:
2061 2926 2164 2972 bij
2196 2924 2367 2971 desen
2400 2923 2468 2969 in
2502 2919 2806 2968 Translaet
2839 2914 3363 2964 gecommuniceert.

1479 3049 1610 3098 uijt
1641 3047 2001 3095 d'voordesen
2033 3051 2131 3097 aen
2164 3051 2294 3096 uEd:
2326 3048 2751 3095 gedeclareerde
2783 3047 3013 3094 redenen
3044 3049 3208 3095 wegen
3240 3050 3407 3101 trumi

1564 3143 1748 3192 „teren
1778 3147 1870 3193 van
1900 3148 2176 3195 penningen
2206 3151 2329 3196 uijt
2359 3151 2604 3196 suratta,
2634 3151 2726 3198 als
2756 3151 2940 3197 persia
2970 3151 3247 3199 herwaerts
3276 3154 3401 3201 over

1581 3248 1763 3297 sullen
1791 3248 1822 3294 u
1852 3247 1942 3293 Ed:
1970 3246 2062 3292 ten
2091 3246 2420 3292 principaele
2450 3246 2630 3292 hebben
2657 3245 2899 3293 gelieven
2929 3244 2988 3290 te
3018 3244 3258 3290 verstaen
3287 3241 3408 3289 naer

1574 3338 1690 3384 mijn
1718 3339 1948 3386 gevoelen
1977 3340 2265 3387 dienstiger
2293 3341 2408 3387 voor
2437 3342 2495 3387 d'
2523 3342 2581 3387 E.
2608 3339 2783 3386 Comp=e
2810 3336 2869 3383 te
2897 3335 3041 3382 sijn,
3070 3336 3272 3382 d'selve
3300 3338 3329 3383 —

1591 3432 1835 3480 remissie
1865 3435 2229 3485 g'excuseert,
2259 3440 2381 3486 ende
2411 3440 2502 3486 wij
2532 3440 2593 3485 in
2623 3437 2836 3484 plaetse
2866 3434 3079 3482 vandien
3108 3432 3170 3479 so
3200 3432 3322 3478 veel

1580 3526 1814 3575 ruijmer
1846 3530 1947 3579 van
1978 3535 2177 3583 silver
2211 3538 2344 3584 ende
2376 3539 2675 3586 contanten
2707 3536 2840 3583 tsij
2873 3535 2973 3581 van
3006 3533 3172 3580 Costi
3205 3528 3348 3578 ofte

1569 3625 1813 3674 Taionan
1847 3630 1951 3678 als
1985 3633 2228 3682 buijten
2263 3635 2713 3682 verachteringe
2748 3634 2956 3681 vanden
2991 3630 3338 3679 suratschen

1569 3723 1752 3771 handel
1781 3726 2084 3777 geschieden
2113 3733 2204 3779 can
2234 3732 2596 3779 geprovideert
2626 3729 2838 3776 werden,
2868 3728 2989 3774 maer
3018 3726 3170 3772 alsoo
3199 3725 3411 3772 tzedert

1580 3825 1841 3872 tusschen
1872 3827 1938 3873 d'
1970 3828 2068 3875 H=r
2100 3830 2393 3878 directeur
2424 3830 2588 3877 Arent
2619 3826 2913 3874 Barentsz,
2944 3820 3076 3869 ende
3108 3818 3205 3864 mij
3238 3812 3401 3862 nader

1585 3922 1914 3972 rescriptie
1946 3927 2078 3974 dien
2111 3929 2407 3976 aengaende
2440 3930 2506 3975 is
2538 3927 2933 3976 voorgevallen
2965 3923 3163 3971 hebben
3195 3920 3397 3968 nodich

1582 4018 1786 4066 geacht
1817 4022 1953 4070 uEd:
1986 4026 2256 4073 daervan,
2289 4025 2424 4071 omme
2456 4024 2560 4070 met
2592 4026 2694 4071 des
2727 4026 2795 4071 te
2828 4024 3064 4071 meerder
3098 4019 3401 4069 fondanien

1580 4116 1703 4163 daer
1733 4118 1857 4166 over
1886 4122 2193 4170 geoordeelt
2223 4124 2285 4169 te
2315 4122 2469 4168 mogen
2500 4120 2714 4167 werden,
2745 4121 2806 4166 te
2836 4120 3052 4166 dienen,
3082 4121 3267 4167 gaende
3296 4121 3392 4168 tot

1581 4212 1709 4259 dien
1739 4214 1931 4263 Eijnde
1962 4219 2216 4266 geseijde
2247 4220 2565 4267 rescriptie
2597 4219 2692 4265 van
2723 4217 3073 4264 wederzijden
3105 4216 3200 4262 bij
3231 4210 3398 4260 desen

1566 4309 1633 4355 in
1665 4310 1863 4358 Copie,
1894 4314 2123 4360 waeraen
2156 4315 2254 4361 mij
2286 4316 2418 4363 omme
2450 4318 2679 4364 rediten
2712 4316 3072 4364 t'eviteren,
3105 4314 3301 4362 voorts
3330 4309 3399 4357 sa

1542 4401 1975 4452 gedragen.

1539 4446 1782 4496 Diwat

1476 4511 1574 4557 Van
1605 4509 1835 4557 geringe
1867 4498 2291 4553 Consideratien
2323 4497 2715 4543 d'aengewesen
2747 4491 3009 4542 Vereuren
3041 4487 3172 4536 inde
3204 4478 3401 4531 geldri

3074 4603 3389 4663 Negotie

718 269 906 327 Julio
942 266 1054 312 ao.
1090 263 1239 310 1696

2019 572 2193 620 pil

1928 445 2380 503 Jonckm

2926 455 3209 505 1646
