3567 4883
1255 760 1792 812 Promoveeren
1838 759 2036 807 ende
2084 758 2426 807 tgesach
2474 762 2671 810 over
2718 765 2817 810 d'
2865 766 3353 814 militeeren

1290 877 1376 923 te
1418 876 1761 922 bevelen,
1803 878 1975 925 ende
2016 880 2189 926 naer
2228 881 2402 927 dien
2444 879 2616 926 sich
2658 874 3044 924 deurgaens
3086 875 3215 925 wel

1253 1000 1951 1074 Gecomporteert
2005 997 2219 1045 ende
2271 997 2539 1044 goedt
2591 991 3287 1041 contentemendt

1258 1133 1402 1186 van
1448 1127 1637 1177 sijn
1684 1125 1872 1173 doen
1919 1124 2061 1170 aen
2103 1124 2295 1170 sijn
2342 1123 2672 1170 meerder
2718 1117 3095 1167 gegeven,
3139 1113 3332 1162 ende

1261 1269 1507 1324 lijnen
1547 1265 1711 1313 tijt
1749 1261 1996 1310 dobbel
2037 1260 2200 1306 uijt
2240 1258 2526 1308 gedient
2566 1253 2811 1303 heeft,
2848 1251 3055 1298 werdt
3095 1250 3177 1296 d'
3218 1251 3381 1299 novo

1257 1405 1456 1454 voor
1497 1406 1754 1452 drije
1804 1404 2054 1452 naest
2100 1397 2501 1452 volgende
2544 1385 2850 1440 jaeren
2895 1382 3398 1432 aengenomen

1264 1538 1463 1591 ende
1510 1536 1610 1582 d'
1653 1528 2153 1582 qualiteijt
2203 1524 2351 1573 van
2397 1516 2746 1568 eersten
2794 1510 3341 1561 Luijtenandt

1259 1678 1715 1731 mitsgaders
1759 1675 1896 1724 een
1941 1664 2398 1719 belooningh
2442 1666 2579 1712 van
2624 1661 2989 1711 tsestich
3033 1656 3354 1706 guldens

1247 1820 1402 1869 ter
1452 1815 1709 1864 maent
1759 1812 2067 1859 nevens
2116 1807 2221 1857 't
2270 1800 2682 1850 coopmans
2726 1796 3142 1847 rantsoen

1251 1952 1789 2010 toegeleijdt
1835 1950 1935 1997 d'
1984 1938 2619 1996 verbeteringhe
2666 1932 2863 1982 ende
2911 1930 2960 1976 t
3008 1921 3303 1975 nieuwe

1250 2098 1609 2150 verbandt
1654 2095 1833 2141 dato
1876 2094 2013 2140 22.
2057 2096 2147 2141 en
2188 2089 2417 2141 deser
2460 2083 2596 2133 als
2639 2074 2954 2126 wanneer
2999 2068 3134 2119 wij
3178 2063 3359 2112 daer

1263 2240 1434 2289 toe
1490 2238 1776 2287 Ordre
1830 2234 2232 2287 Becomen
2287 2218 2631 2277 hebben
2687 2211 3315 2262 beginnende—

1242 2493 1384 2567 Jan
1430 2488 1915 2538 Cornelisen
1962 2490 2254 2538 vander
2302 2494 2545 2540 tocht
2592 2496 2739 2543 van
2778 2499 3370 2551 middelharnes

1237 2617 1375 2663 int
1416 2615 1648 2664 landt
1691 2609 2013 2659 gecomen
2056 2607 2150 2654 ao
2195 2608 2378 2655 1621
2423 2608 2560 2654 met
2606 2609 2881 2659 tschip
2924 2615 3199 2665 twapen
3245 2620 3382 2666 van

1236 2747 1471 2796 delft
1514 2738 1704 2790 voor
1750 2728 2079 2782 soldaet
2124 2727 2594 2778 naderhandt
2640 2731 2782 2778 tot
2828 2733 3297 2790 adelborst,

1231 2878 1466 2928 landts
1502 2869 1856 2921 passandt,
1895 2869 2285 2917 Corporael,
2323 2873 2713 2924 sergiandt,
2752 2877 2909 2924 ende
2946 2878 3376 2930 eijndelijck

1219 3007 1380 3064 Bij
1432 3005 1643 3054 haer
1696 3002 1907 3051 ed„s
1958 3002 2117 3051 tot
2170 3006 2540 3056 Batavia
2590 3001 3282 3053 g'ordonneerdt

1220 3148 1364 3196 tot
1411 3145 1460 3192 8
1507 3140 1986 3189 qualiteijt
2033 3142 2178 3188 van
2226 3140 2658 3187 vaendrich
2704 3138 2850 3185 met
2894 3140 2945 3187 4
2992 3133 3329 3184 guldens

1228 3289 1583 3337 smaendts
1626 3283 1805 3334 ende
1849 3279 2071 3326 alsoo
2115 3278 2248 3324 Bij
2292 3278 2603 3327 missive
2646 3281 2870 3327 vande
2913 3280 3003 3327 E.
3045 3275 3313 3326 heeren

1231 3414 1528 3462 Raaden
1575 3416 1726 3462 van
1775 3415 2023 3462 jndia
2068 3413 2172 3460 jn
2220 3414 2419 3461 dato
2468 3417 2517 3462 6
2567 3417 2964 3470 decemb„r
3005 3415 3359 3473 passado

1235 3561 1341 3608 p.
1393 3563 1446 3608 r
1497 3561 1550 3607 t
1602 3561 2179 3613 fluijtschip
2225 3566 2754 3614 maesslandt
2805 3564 3172 3614 becomen

1313 3695 2019 3755 Gerecommandeert
2066 3708 2302 3754 wert,
2348 3710 2489 3756 een
2536 3706 2819 3756 tweede
2865 3704 3383 3751 luijtenandt

1231 3826 1497 3875 nevens
1539 3830 1672 3879 den
1713 3834 1977 3882 eerste
2020 3834 2502 3884 Luijtenandt
2544 3840 2807 3891 pieter
2850 3844 3375 3892 huijbrechtsz

1222 3959 1321 4008 te
1367 3963 1763 4012 stellen,
1811 3967 2008 4015 ende
2058 3968 2500 4016 genoemden
2546 3969 2696 4015 jan
2744 3961 3238 4014 cornelisen

1202 4105 1533 4154 vander
1585 4108 1861 4155 tocht
1916 4109 2354 4156 volcomen
2408 4107 3122 4154 Contentemendt
3175 4104 3344 4152 van

1204 4258 1415 4307 sijn
1466 4260 1674 4306 doen
1725 4255 2037 4304 geven,
2087 4253 2297 4301 wert
2348 4246 2815 4299 derhalven
2867 4246 2971 4292 op
3022 4245 3230 4295 zijn

1166 4389 1632 4445 vertoogh
1688 4395 1862 4445 ene
1909 4397 2611 4447 Bequaemheijt
2636 4398 2956 4446 midts
3011 4391 3359 4449 ruijme

2601 4549 3277 4628 Experatie—
