3567 4801
2759 529 2980 600 935

682 557 1096 619 February
1143 542 1356 599 1646

974 761 1040 809 in
1071 756 1168 805 sin
1200 747 1424 802 staaedt
1456 746 1713 792 wereende
1742 743 1873 792 haer
1905 741 2065 788 soude
2096 741 2514 789 trapailjeren,
2545 742 2642 788 dus
2674 742 2739 788 om
2770 744 2938 795 sulcx

962 873 1021 923 t'
1044 861 1240 915 ontgaen
1264 851 1432 904 hadden
1459 850 1515 896 't
1541 845 1872 894 voorschreven
1899 846 2203 893 aengevangen

869 1015 987 1074 Den
1020 999 1281 1057 Coninck
1317 996 1428 1043 was
1464 990 1612 1040 oocq
1649 980 2054 1033 seerbeducht
2091 980 2165 1026 om
2198 978 2312 1026 dat
2347 977 2533 1024 tegen
2568 975 2644 1020 d'
2680 969 3097 1020 Oismparders

945 1112 1029 1160 den
1054 1102 1193 1154 slagh
1220 1098 1439 1146 gewaeght
1466 1095 1604 1143 hadde
1631 1092 1714 1140 die
1740 1087 1961 1136 nochtans
1988 1087 2070 1132 hem
2098 1087 2153 1132 in
2180 1085 2345 1132 staedt
2372 1082 2564 1130 geseth,
2591 1079 2702 1126 ende
2728 1077 2811 1123 tot
2838 1076 2893 1121 d'
2921 1071 3059 1121 Crone

944 1209 1165 1270 gehoepen
1190 1203 1328 1252 hadde
1355 1201 1410 1247 E.
1435 1196 1546 1245 oocq
1573 1194 1655 1241 Was
1681 1189 1846 1238 gansch
1871 1186 2118 1233 ontbloodt
2145 1187 2227 1232 van
2254 1185 2418 1232 gelet,
2445 1183 2555 1230 ende
2580 1180 2636 1227 d'
2663 1179 2909 1229 rleijcken
2936 1184 2964 1230 —

937 1325 992 1372 en
1016 1315 1179 1368 wilden
1204 1310 1313 1360 niet
1339 1303 1528 1354 hooren,
1554 1302 1661 1348 oocq
1688 1300 1768 1347 was
1793 1297 1849 1345 in
1875 1294 2117 1341 Oudegiere
2143 1293 2224 1339 wel
2251 1292 2331 1338 een
2357 1291 2465 1337 haer
2492 1291 2707 1338 provisie
2732 1288 2870 1336 voor

948 1433 1034 1483 100
1058 1423 1146 1474 man
1173 1417 1399 1467 geweest,
1426 1414 1540 1461 ende
1567 1413 1652 1459 dus
1680 1412 1962 1458 onverdaght
1988 1405 2243 1456 Verloren,
2271 1403 2384 1451 dies
2411 1394 2722 1446 resolveerde
2748 1388 3021 1438 persoonen

950 1543 1039 1592 van
1065 1536 1271 1586 aensien
1299 1531 1474 1580 naerd'
1502 1526 1736 1575 reijcken
1765 1524 1823 1569 te
1851 1521 2056 1568 senden,
2084 1520 2173 1566 ome
2201 1517 2259 1563 In
2289 1513 2434 1562 aller
2462 1510 2696 1558 manieren
2723 1501 2929 1555 accoort
2953 1492 3016 1543 te

947 1655 1186 1715 treffen,
1214 1649 1334 1700 ende
1363 1643 1541 1692 eenich
1570 1637 1777 1688 geldste
1805 1630 2103 1682 procureren
2132 1629 2192 1674 om
2221 1629 2281 1675 d'
2309 1622 2724 1674 goecondaetsche
2754 1621 2825 1671 te

945 1757 1276 1820 retesteren

823 1934 904 1984 De
941 1915 1222 1972 brieven
1261 1906 1502 1959 vanden
1541 1906 1622 1951 H.
1661 1906 1702 1952 r
1741 1899 2142 1953 Gouverneur
2181 1897 2261 1943 In
2298 1885 2742 1942 palliacatta
2780 1875 2996 1930 Waren

938 2032 998 2078 in
1025 2022 1204 2075 Vecour
1232 2014 1586 2066 aengelanght,
1615 2014 1733 2060 ende
1761 2012 1881 2059 door
1909 2010 2204 2058 Nareijnepa
2233 2009 2351 2056 ende
2378 1999 2762 2052 Wengerepuntij
2789 1993 2909 2043 Voor

940 2137 994 2187 8'
1016 2130 1120 2180 mais
1143 2127 1170 2173 t
1195 2123 1422 2172 gebraght,
1445 2119 1522 2167 die
1547 2113 1724 2163 d'selve
1747 2108 2052 2158 hoordelesen,
2074 2104 2177 2152 ende
2202 2099 2530 2149 besonderlijck
2555 2098 2656 2144 oock
2680 2096 2782 2142 naer
2806 2092 2860 2141 de

937 2218 1392 2287 onderteijckeninge
1419 2216 1552 2263 sagh,
1576 2214 1658 2260 and
1684 2208 1951 2258 twoordende
1976 2203 2084 2251 dien
2110 2202 2244 2248 brief
2270 2201 2350 2247 wel
2376 2199 2457 2245 met
2482 2194 2617 2243 heden
2642 2190 2936 2239 geschreven,

944 2341 1059 2397 ende
1082 2323 1360 2383 gefundeert
1388 2322 1498 2368 was,
1525 2320 1581 2366 en
1608 2319 1664 2365 op
1689 2317 1801 2362 dien
1828 2315 1994 2361 manier
2022 2314 2132 2360 oocq
2160 2312 2270 2359 niet
2297 2308 2490 2357 genegen
2514 2303 2601 2353 Was
2627 2297 2766 2347 geldt
2791 2288 2849 2340 te

927 2444 1144 2497 soecken,
1167 2438 1278 2487 maer
1301 2434 1359 2482 om
1384 2432 1440 2479 d'
1466 2427 1628 2476 nodige
1654 2421 1817 2471 gastus
1843 2420 1924 2466 als
1950 2419 2059 2465 oocq
2085 2418 2167 2464 dat
2194 2416 2356 2463 Chinij
2381 2409 2518 2460 sulcx
2544 2404 2733 2452 belooft
2759 2396 2921 2448 hadde,

942 2551 1084 2609 hebbe
1110 2546 1194 2594 hem
1220 2536 1498 2590 toegestaen
1524 2531 1636 2580 dien
1661 2527 1858 2576 orloogh
1885 2526 1941 2571 te
1968 2525 2218 2571 beginnen,
2245 2524 2357 2570 doch
2382 2523 2439 2568 so
2466 2519 2578 2568 mijn
2605 2510 2800 2563 meninge
2824 2499 2938 2552 niet

932 2662 1045 2719 haer
1070 2658 1126 2705 te
1148 2645 1394 2701 bederven,
1420 2639 1529 2689 want
1555 2637 1636 2683 had
1662 2632 1851 2681 desulcx
1877 2629 2094 2676 webillen
2120 2627 2228 2673 doen
2255 2626 2389 2672 soude
2416 2625 2524 2671 mijn
2550 2618 2686 2670 macht
2712 2611 2847 2661 selfs
2871 2605 2981 2654 daer

958 2755 1041 2802 wel
1065 2751 1278 2805 gesonden
1302 2745 1463 2795 hebben
1488 2742 1570 2789 hij
1594 2737 1835 2786 schrijfft
1861 2735 1994 2783 beter
2021 2735 2074 2780 in
2100 2732 2233 2779 sijne
2260 2731 2393 2776 macht
2418 2729 2473 2776 Is
2497 2722 2605 2773 veel
2631 2714 2791 2766 geldts
2816 2710 2871 2756 in
2895 2706 2925 2753 —

947 2859 1378 2916 rechtmaticheijt
1405 2855 1493 2903 tot
1518 2846 1752 2899 defentie
1780 2845 1838 2891 te
1866 2842 2125 2890 gasteren,
2153 2841 2240 2887 als
2269 2837 2413 2886 eenen
2439 2826 2672 2880 penninck
2699 2822 2909 2871 buijten

926 2978 1080 3039 reden
1108 2974 1169 3021 te
1196 2964 1465 3017 betaelen,
1494 2963 1554 3009 't
1582 2959 1643 3007 Ho
1671 2954 1762 3002 Wel
1791 2952 1910 2999 laet
1940 2950 2029 2997 hij
2058 2949 2148 2996 mij
2177 2949 2267 2996 met
2296 2943 2474 2992 eenige
2502 2931 2831 2988 schenckagie
2854 2925 2919 2975 te

941 3086 1107 3140 vreden
1133 3079 1354 3130 stellen,
1380 3074 1491 3123 ende
1518 3073 1601 3118 wat
1627 3072 1683 3117 s'
1709 3067 1903 3117 questie
1930 3063 2150 3113 tusschen
2177 3058 2452 3109 Chinannoe,
2478 3055 2562 3102 ene
2588 3048 2672 3099 ed'
2696 3037 2973 3092 hollanders

945 3204 1162 3261 aengaet,
1187 3198 1322 3247 laten
1347 3196 1428 3242 sij
1453 3185 1748 3240 Verdraegen,
1774 3182 1881 3231 ende
1907 3181 1961 3226 in
1987 3172 2334 3227 gerechticheyt
2358 3169 2467 3217 haer
2493 3160 2680 3213 saecken
2705 3150 2947 3204 handelen,

944 3328 1028 3377 ick
1053 3321 1164 3371 sall
1189 3316 1273 3364 een
1299 3312 1383 3360 ble
1407 3306 1492 3355 Van
1519 3298 1820 3350 besweeringe
1846 3293 2011 3342 geven,
2037 3291 2202 3337 Chitij
2230 3289 2339 3336 noyt
2366 3288 2504 3335 tegen
2529 3285 2586 3332 d'
2611 3274 2886 3330 Hollanders

943 3444 1059 3499 niet
1083 3431 1420 3487 t'adsisteren
1445 3426 1559 3476 noch
1586 3424 1643 3470 te
1669 3415 1949 3469 voorstaen,
1975 3409 2255 3459 desesaecke
2282 3403 2450 3453 salmen
2477 3401 2534 3448 d'
2560 3392 2843 3444 Hollanders

931 3559 1212 3618 schrijven,
1239 3557 1351 3604 ende
1378 3555 1435 3601 d'
1462 3551 1601 3600 reste
1627 3546 1823 3595 salhaer
1848 3540 1934 3589 Van
1960 3532 2239 3584 Mareijnepa
2267 3528 2379 3577 Aals
2405 3520 2629 3572 weengere
2656 3516 2827 3566 puttij

937 3681 1326 3740 aengecundight
1353 3675 1564 3725 werden,
1593 3668 1864 3720 welcquers
1893 3662 2162 3712 schrijven
2191 3658 2432 3706 vermeldt
2461 3655 2551 3703 den
2579 3636 2969 3699 Coninckgroote

929 3807 1117 3862 liefde
1145 3801 1240 3852 tot
1269 3798 1333 3844 d'
1362 3786 1672 3842 hollanders
1700 3783 1888 3831 droegh
1918 3780 2042 3827 ende
2072 3775 2258 3824 hadden
2289 3772 2413 3819 oocq
2442 3767 2598 3817 goede
2628 3761 2782 3811 reden
2813 3761 2907 3807 van

929 3915 1164 3974 Daerdoen
1190 3907 1423 3959 gegeven,
1450 3904 1539 3952 dan
1567 3903 1654 3948 soo
1682 3902 1799 3947 dese
1827 3897 1972 3946 reijs
2000 3893 2087 3942 den
2115 3889 2318 3937 Conincq
2347 3879 2693 3934 contentement
2720 3874 2896 3922 dedeij

889 4042 985 4089 met
1011 4036 1079 4086 10
1109 4024 1393 4080 Operdauws
1424 4014 1771 4068 schenckagie
1802 4013 1865 4059 en
1895 4009 2023 4057 noch
2053 4008 2086 4054 4
2117 4007 2149 4053 0
2179 4004 2243 4052 d.
2274 4001 2338 4048 ms
2368 3997 2558 4046 voord'
2588 3994 2780 4042 groote

915 4142 1005 4190 van
1034 4138 1094 4184 8'
1122 4134 1333 4182 Connicx
1362 4133 1542 4183 Voort,
1571 4128 1721 4178 soude
1749 4125 1840 4172 den
1868 4120 2139 4170 Conincken
2167 4116 2288 4164 haer
2317 4114 2408 4160 soo
2436 4111 2677 4159 tevreden
2706 4106 2948 4156 stellen,

931 4255 1047 4306 daer
1073 4249 1301 4298 voortaen
1328 4246 1442 4293 niet
1468 4242 1583 4291 meer
1610 4240 1752 4288 soude
1779 4229 2094 4284 ontbreecken

85 919 215 966 erckte

0 920 38 967 e
