3451 4937
701 240 938 296 Mayo
992 239 1231 286 1646

1198 404 1264 452 om
1294 408 1391 456 met
1422 412 1520 462 syn
1551 418 1872 472 eygenvolcq
1904 427 2034 478 ende
2064 434 2419 488 guarnisoen,
2450 444 2579 493 doen
2610 448 2867 504 besetten
2898 460 3092 507 heeft,
3124 461 3316 515 onder„

1160 525 1455 576 „tusschen
1488 531 1687 581 hebben
1718 539 1817 588 hum
1849 544 1948 591 die
1980 546 2244 599 Chinesen
2276 554 2408 601 niet
2440 557 2573 606 meer
2604 563 2933 620 aengetogen
2965 575 2999 621 2
3030 576 3299 637 Joncquen

1187 644 1325 694 uijt
1358 649 1530 698 China
1563 654 1769 704 vanden
1802 659 2113 716 mandorijn
2145 673 2318 720 Jquan
2350 677 2626 732 aendesen
2658 689 2899 742 Coningh
2932 698 3139 748 alhier
3171 704 3271 752 in

1183 763 1511 815 ambassade
1547 770 1839 826 gekomen,
1873 783 2166 842 tegenden
2199 799 2419 849 Prince
2454 806 2601 855 seer
2635 811 2782 860 ofte
2815 816 3037 872 Jongen
3070 829 3325 883 Coningh

1181 887 1318 933 seer
1351 888 1624 940 arrogant
1657 896 1794 944 ende
1826 901 2167 959 ondiscreet
2199 916 2506 972 gedragen,
2539 928 2846 981 denselven
2878 938 3015 989 niet
3047 946 3320 1004 willende

1182 998 1424 1050 kennen,
1457 1006 1664 1057 nochte
1697 1014 1766 1060 na
1799 1015 1939 1065 syne
1971 1022 2452 1088 gecommitteerde
2484 1044 2622 1094 (die
2656 1049 2794 1102 haer
2827 1058 2931 1106 tot
2964 1062 3349 1122 verscheijde

1183 1116 1351 1165 nalen
1384 1121 1552 1174 hadde
1583 1130 1984 1187 toegesonden,
2016 1143 2052 1189 )
2083 1146 2418 1201 luysteren,
2449 1158 2718 1211 waeromme
2749 1168 2884 1219 syne
2915 1176 3115 1225 Maij:t
3148 1180 3282 1228 niet

1145 1229 1304 1276 veel
1341 1232 1816 1291 contentement
1853 1247 2052 1299 hadde
2089 1256 2368 1310 genomen

952 1346 1083 1394 adij
1115 1348 1247 1395 30:e
1276 1349 1376 1396 d:o
1408 1348 1801 1402 schoondroogh
1831 1358 2126 1411 wederliet
2157 1367 2256 1415 ons
2288 1371 2355 1417 de
2385 1374 2549 1426 Mai:t
2580 1382 2647 1430 op
2678 1386 2745 1434 't
2776 1390 3037 1446 versoeck
3069 1401 3168 1447 van
3197 1388 3297 1444 P=a

1158 1461 1510 1510 Broechorst
1540 1463 1753 1510 tehove
1787 1463 2103 1517 ontbieden
2136 1473 2417 1525 derwarts
2450 1482 2591 1533 niet
2625 1490 2905 1545 weijnigh
2938 1500 3289 1560 vereeringe

1142 1567 1389 1620 „gingen
1422 1568 1703 1618 teneinde
1735 1575 1841 1624 hem
1874 1580 1980 1629 van
2013 1585 2188 1633 sijne
2222 1589 2433 1642 keijse
2465 1599 2711 1646 (gelijk
2743 1603 3091 1661 aldewerelt
3125 1617 3301 1669 dede)

1158 1680 1363 1727 welcom
1395 1680 1463 1726 te
1497 1680 1700 1728 heten,
1734 1683 1870 1729 waer
1902 1686 2039 1735 over
2071 1690 2175 1739 ons
2207 1695 2342 1744 dide
2376 1699 2714 1757 bedancken,
2747 1713 2951 1764 sonder
2984 1720 3187 1776 eenige
3215 1726 3255 1776 —

1159 1787 1346 1834 andre
1383 1787 1643 1836 redenen
1680 1791 1829 1841 meer
1865 1797 1979 1847 van
2014 1803 2238 1855 emprte
2274 1810 2349 1856 te
2385 1811 2795 1872 gebruijken,
2830 1828 3019 1882 onder
3053 1840 3284 1900 wijlen

1143 1905 1519 1955 despecheerde
1550 1907 1674 1953 twee
1704 1908 1799 1955 van
1829 1911 1954 1960 syne
1984 1916 2233 1969 opperste
2264 1924 2576 1977 schrijvers
2605 1933 2918 1993 treffelijk
2946 1950 3320 2004 gehabitueert

1152 2014 1220 2060 in
1254 2015 1426 2061 goude
1459 2017 1527 2063 en
1560 2017 1972 2071 koodelakense
2004 2027 2279 2080 trocken,
2311 2036 2483 2085 naden
2515 2042 2825 2101 oppersten
2856 2058 2960 2107 van
2993 2064 3301 2120 voorhaeld

1140 2126 1283 2172 twee
1317 2127 1566 2174 Chinese
1599 2130 1917 2185 Joncquen,
1952 2140 2165 2191 gaende
2198 2147 2271 2193 wy
2304 2150 2763 2208 ondertusschen
2798 2164 3116 2220 beneffens
3150 2176 3263 2226 des

1108 2229 1246 2280 Mai.
1279 2234 1349 2282 ts
1380 2234 1759 2286 schenckagie
1791 2242 2169 2297 (:bestaende
2202 2254 2272 2301 in
2304 2258 2374 2305 10
2407 2261 2716 2314 vandesen,
2748 2271 2853 2320 met
2885 2276 3233 2334 alderhande

1132 2342 1288 2389 cost)
1319 2344 1444 2391 uijt
1475 2346 1537 2392 't
1568 2347 1724 2395 hoff:
1754 2350 1879 2399 ende
1910 2355 2191 2408 Empassant
2220 2365 2314 2413 tot
2344 2368 2440 2416 den
2468 2373 2657 2424 Capado
2686 2380 2904 2433 Ongaton
2934 2388 3028 2434 ten
3059 2387 3247 2435 eijnde

1139 2446 1335 2494 voors:z
1362 2449 1475 2496 aen:
1502 2451 1671 2500 alwaer
1698 2455 1756 2502 na
1782 2459 1951 2508 gedane
1978 2465 2315 2522 Eerbiedigh:t
2341 2478 2427 2526 byj
2452 2482 2538 2529 hem
2565 2485 2707 2534 neder
2732 2491 2957 2540 sittende
2984 2496 3154 2544 vanden

1135 2561 1314 2612 selven
1341 2568 1637 2619 verstonden
1665 2575 1755 2622 hoe
1783 2578 1872 2626 dat
1900 2581 1960 2628 op
1989 2584 2137 2633 heden
2165 2589 2284 2636 syne
2313 2592 2431 2639 gem:
2459 2595 2637 2646 maij:t
2666 2602 2960 2651 voornoemde
2989 2606 3227 2658 Chinesen

1092 2683 1265 2732 hadde
1298 2688 1368 2734 te
1401 2690 1538 2736 hove
1572 2690 1882 2746 ontboden:
1915 2701 2054 2749 omme
2087 2706 2191 2754 hem
2224 2710 2363 2761 hare
2395 2717 2705 2774 Commissie
2739 2730 2842 2778 tot
2876 2734 2980 2781 wat
3013 2736 3185 2782 eynde

1128 2811 1358 2859 gekomen
1390 2811 1556 2860 waren
1586 2817 1947 2869 t'openbaren
1979 2825 2111 2874 maer
2142 2831 2436 2888 cregendes
2469 2843 2731 2895 Coninghs
2763 2850 3221 2900 gecommitteerde

1112 2933 1198 2980 tot
1226 2933 1480 2981 bescheijt
1508 2937 1734 2987 waeromme
1762 2943 1876 2990 sijn
1902 2947 2074 2996 maij:t
2100 2952 2185 2999 met
2213 2954 2384 3004 selffs
2410 2961 2467 3007 in
2495 2963 2722 3015 persoon,
2748 2971 2835 3019 den
2861 2976 3115 3025 oppersten
3143 2978 3229 3025 der

1081 3045 1316 3094 Joncquen
1345 3049 1522 3098 aldaer
1550 3053 1786 3104 aenboort
1815 3060 1963 3108 quame
1991 3064 2285 3119 versoeken,
2314 3075 2403 3122 als
2431 3078 2522 3126 hem
2548 3083 2872 3139 arrogerende
2900 3094 2989 3139 ten
3018 3092 3259 3141 respecte

1114 3154 1212 3205 van
1240 3160 1402 3209 synen
1432 3166 1529 3214 H„r
1560 3170 1655 3215 uyt
1687 3170 1847 3220 wiens
1878 3175 2006 3223 name
2037 3178 2197 3228 quam:
2228 3183 2323 3231 van
2355 3186 2579 3241 grooter
2609 3197 2928 3250 qualiteijt
2959 3205 3024 3251 te
3055 3207 3214 3252 wesen

1123 3263 1393 3320 beneffens
1422 3276 1543 3323 meer
1572 3279 1722 3327 andre
1750 3282 2200 3342 absurditeijten,
2229 3297 2440 3351 evenoff
2468 3307 2560 3356 den
2588 3313 2798 3363 Coningh
2827 3318 2948 3367 haer
2976 3323 3142 3370 eerst

1107 3385 1354 3437 behoorde
1381 3393 1444 3439 te
1473 3395 1628 3442 comen
1657 3398 1994 3450 sombaeijen:
2023 3407 2147 3455 omde
2176 3411 2512 3465 verhooginge
2543 3420 2667 3469 daer
2695 3426 2971 3482 voorgaven
3001 3438 3155 3486 sijne
3178 3437 3215 3486 —

1084 3504 1267 3553 maij:t
1296 3507 1601 3559 medequamen
1630 3515 2056 3573 gratifficeren,
2084 3529 2176 3577 syn
2206 3532 2420 3587 Hoogh:t
2448 3544 2571 3594 over
2600 3551 2722 3600 dese
2751 3555 3270 3615 onhebbelijckheden

1107 3626 1236 3672 meer
1268 3627 1365 3674 als
1396 3630 1461 3676 te
1493 3632 1687 3683 vooren
1718 3638 1783 3685 in
1814 3640 2009 3687 toorne
2039 3643 2363 3698 brandende,
2393 3654 2620 3710 namvoor
2650 3667 2875 3715 deselve
2907 3670 3005 3718 met
3034 3673 3198 3722 force

1095 3740 1155 3788 te
1184 3740 1302 3786 doen
1329 3742 1505 3791 tomen,
1533 3747 1680 3795 edogh
1707 3749 1883 3797 wierde
1910 3751 2028 3797 door
2057 3751 2174 3799 syne
2202 3754 2320 3806 Rijx
2348 3762 2524 3816 kaden,
2551 3772 2669 3819 ende
2697 3775 2844 3827 wysen
2871 3783 2930 3829 in
2958 3784 3046 3831 syn

1766 3812 1794 3857 n

1060 3855 1365 3906 voornemen
1398 3862 1634 3912 gestith
1668 3867 1770 3914 end
1803 3865 2006 3913 graden
2040 3865 2312 3917 derwarts
2344 3873 2549 3927 andere
2580 3884 3056 3945 gecommitteerde
3086 3901 3290 3953 welcke

2860 4036 3182 4086 verhaelde
