3567 4801
2686 572 2860 622 844.

913 669 1162 721 Bonne
1195 677 1510 728 Sibels
1553 688 1707 734 van
1755 689 2007 740 Balck
2048 696 2155 742 jn
2204 698 2453 750 jndia
2502 706 2851 754 gecomen

890 787 979 835 ao
1022 784 1198 831 1638
1239 780 1373 827 met
1415 783 1722 833 'tschip
1765 787 2159 836 seelandia
2203 790 2291 838 jn
2330 793 2772 841 qualiteijt
2816 794 2947 840 van

862 898 1316 951 Trompetter
1362 898 1408 944 a
1443 897 1498 944 ƒ
1541 897 1634 947 16
1679 901 1815 948 pr:
1860 900 2088 946 maent
2133 900 2542 952 naderhant
2586 905 2996 952 gevordert

888 1021 1011 1071 met
1050 1020 1250 1066 gagie
1290 1019 1409 1065 van
1449 1019 1490 1065 ƒ
1526 1020 1610 1067 22
1648 1023 1728 1069 p.
1767 1024 1848 1071 r.
1887 1025 2008 1072 mr.
2047 1027 2206 1072 wert
2246 1027 2326 1075 op
2362 1024 2526 1075 sijn
2563 1020 2884 1071 vertoogh

885 1137 990 1187 en
1040 1133 1715 1182 bequaemheijt,
1767 1132 1975 1179 mits
2026 1130 2339 1181 ruijme
2389 1131 2857 1186 experatie

879 1255 1156 1312 sijnes
1200 1251 1523 1299 jongste
1567 1255 1888 1304 verbant
1934 1254 2071 1301 Bij
2115 1250 2299 1298 dese
2345 1250 2437 1296 d'
2482 1248 2665 1294 Novo
2711 1242 2896 1293 voor

874 1388 1097 1440 drije
1139 1382 1408 1431 achter
1450 1377 1586 1426 een
1630 1368 1987 1420 volgende
2029 1361 2253 1411 jaren
2298 1358 2388 1406 in
2431 1353 2876 1405 qualiteijt

872 1517 1015 1566 van
1062 1509 1539 1561 trompetter
1585 1495 2110 1554 aengenomen,
2157 1493 2253 1539 en
2297 1490 2443 1538 een
2491 1476 2967 1535 belooningh

855 1632 1008 1686 van
1049 1611 1806 1674 vijffentwintich
1827 1598 2204 1652 guldens
2252 1596 2404 1642 ter
2454 1589 2704 1641 maent
2750 1581 2903 1632 toe

880 1743 1254 1806 Geleijt
1306 1727 1839 1787 innegaende
1891 1720 2211 1771 nieuwe
2264 1711 2691 1766 verbant,
2740 1697 2956 1752 ende

860 1856 1595 1924 d'verbeteringhe
1643 1849 1790 1899 van
1837 1837 2084 1892 gagie
2129 1827 2329 1882 dato
2377 1825 2524 1873 als
2572 1823 2867 1872 vooren

782 2148 935 2203 Jan
983 2144 1485 2195 Tjericksen
1501 2141 1734 2190 van.
1775 2143 1833 2188 .
1855 2140 1932 2185 .
1974 2141 2080 2186 jn
2117 2138 2380 2185 jndia
2424 2131 2780 2185 gecomen

877 2270 1010 2316 met
1052 2268 1273 2317 schip
1316 2262 1492 2313 niew
1535 2259 1843 2307 Haarlem
1886 2257 1975 2304 ao
2014 2253 2195 2301 1639
2234 2241 2415 2296 voor
2458 2225 2900 2283 Bootsgesel

865 2390 914 2440 a
954 2386 1001 2433 ƒ
1043 2384 1134 2431 12
1176 2379 1310 2430 p=r
1354 2372 1577 2421 maent
1618 2367 1973 2422 hebbende
2016 2359 2283 2410 alhier
2326 2354 2459 2402 een
2503 2348 2901 2398 geruijmen

863 2502 1052 2553 tijt
1096 2498 1379 2547 sijnen
1424 2489 1706 2544 dienst
1752 2487 1846 2534 in
1891 2483 2080 2532 alle
2126 2466 2734 2527 gelegentheden

858 2612 1034 2664 daer
1076 2609 1208 2658 den
1250 2601 1511 2653 selven
1553 2589 1989 2644 vereijlcht
2031 2587 2249 2636 heeft
2292 2586 2423 2632 tot
2465 2583 2597 2631 wel
2639 2581 2988 2631 genougen

832 2727 985 2780 van
1035 2718 1241 2770 sijn
1291 2714 1650 2763 meerder
1699 2710 2315 2762 waergenomen,
2360 2709 2569 2758 ende
2620 2702 2876 2753 goede

847 2844 1382 2904 experentie
1433 2835 1595 2886 int
1648 2821 2183 2878 constapels
2235 2819 2450 2866 Ampt
2502 2813 2879 2864 becomen

854 2967 1054 3016 ende
1103 2960 1552 3011 aengesien
1577 2955 1850 3002 Campt
1891 2947 2050 3000 van
2098 2926 2597 2991 Constapels
2641 2914 2847 2969 maet

2873 2914 2899 2959 -

850 3083 932 3130 te
970 3078 1176 3129 deser
1217 3072 1584 3123 fortresse
1624 3071 1910 3118 vacandt
1950 3071 2073 3118 is,
2113 3069 2276 3116 wert
2317 3068 2399 3114 op
2436 3056 2603 3112 sijn
2642 3052 2969 3100 vertoogh

853 3206 1027 3253 ende
1070 3192 1636 3250 bequaemheijt,
1678 3193 1852 3239 ende
1893 3193 2069 3241 omme
2111 3192 2200 3239 d'
2243 3184 2547 3237 Luijden
2590 3181 2724 3229 die
2761 3176 2938 3231 haer

811 3331 1008 3388 well
1052 3311 1640 3374 Comporteeren
1684 3303 1884 3356 meer
1932 3303 2030 3349 en
2079 3298 2274 3347 meer
2321 3292 2421 3343 jn
2467 3286 2569 3334 dE
2613 3286 2907 3338 Comp=e

830 3460 1117 3515 dienst
1163 3456 1260 3503 te
1301 3423 1829 3497 Couragieren
1875 3419 2019 3467 Bij
2065 3419 2305 3468 desen
2351 3416 2828 3472 gevoordert

832 3586 974 3638 tot
1019 3582 1113 3629 d'
1158 3570 1623 3625 qualiteijt
1665 3570 1808 3617 van
1853 3556 2504 3615 constapelsmaet
2550 3553 2643 3600 en
2688 3549 2831 3598 een

823 3692 1340 3751 tracktament
1386 3689 1527 3736 van
1574 3686 1809 3735 seven
1852 3681 2090 3733 thien
2136 3671 2464 3725 guldens
2508 3665 2651 3715 ter
2697 3664 2987 3712 maendt

806 3821 1292 3875 toegeleijt,
1330 3815 1512 3866 daer
1556 3812 1733 3860 voor
1773 3797 2129 3855 gehouden
2172 3787 2436 3839 Blijft
2480 3787 2570 3834 d'
2612 3791 2656 3836 E
2699 3791 2968 3842 Comp=e

854 3957 1073 4006 noch
1126 3947 1399 3997 drije
1424 3938 1780 3988 achter
1834 3932 1998 3981 een
2050 3915 2488 3974 volgende
2542 3914 2872 3960 jaeren

826 4090 930 4141 te
980 4084 1333 4132 dienen,
1383 4080 1485 4129 de
1533 4068 2139 4121 verbeteringh
2189 4062 2341 4113 van
2389 4054 2644 4106 gagie
2693 4045 2897 4098 ende

821 4213 1210 4265 tnieuwe
1263 4204 1651 4259 verbant
1705 4203 1982 4253 primo
2037 4199 2424 4248 october
2479 4201 2590 4248 ao
2643 4203 2865 4254 1645

832 4352 1346 4404 aenvanck
1408 4342 1858 4395 Bemende
