3505 4801
2783 464 3013 537 998

937 574 1238 622 tselllde
1274 575 1387 621 soo
1425 572 1575 620 veel
1612 571 1915 621 gestouws
1949 577 2026 623 (:
2062 578 2401 625 Bevoorens
2437 578 2738 626 tleedige
2775 574 2963 622 ruijm

926 680 1360 739 g'visiseert
1398 675 1752 725 hebbende)
1791 670 1909 717 dat
1948 670 2184 718 eenige
2222 674 2457 721 waters
2497 674 2810 722 leggers,
2849 668 3007 719 ende

932 794 1083 841 alle
1120 790 1196 838 d'
1232 780 1649 834 vleijsvaten
1685 777 1762 824 op
1798 772 1913 820 den
1949 765 2252 815 overloop
2289 765 2516 811 hebben
2553 765 2780 811 moeten
2817 760 3055 810 voeren

922 893 1314 950 Bedragende
1353 892 1510 938 d=os
1549 889 1903 938 Cargesoen
1941 885 2059 932 int
2098 883 2334 931 geheel
2373 887 2413 933 /
2449 875 3000 935 110681//7////-

925 1007 1307 1064 bestaande
1346 1004 1433 1052 jn
1476 1001 1603 1049 soo
1643 993 1898 1044 danige
1940 993 2362 1041 sorteringe
2404 990 2742 1039 cleeden,
2784 982 2954 1034 ende

928 1107 1399 1168 specerijen,
1440 1103 1570 1151 als
1608 1097 1699 1147 de
1741 1092 1956 1141 corte
1997 1094 2297 1141 facture
2339 1090 2554 1140 onder
2595 1086 2725 1133 N:o
2764 1081 2853 1131 6:
2895 1078 3025 1125 aen

894 1215 1154 1274 wijlen
1197 1211 1369 1259 sal,
1410 1207 1584 1254 waer
1624 1204 1755 1254 aen
1797 1203 1970 1249 niet
2012 1197 2529 1247 gemancqueert
2572 1193 2830 1240 heeft,
2872 1189 3002 1237 als

958 1330 1123 1381 5000
1164 1316 1327 1375 ldle
1366 1311 1733 1357 spiaulder
1773 1310 2059 1358 twelcke
2096 1307 2262 1355 noch
2303 1306 2425 1352 ter
2466 1302 2752 1350 rechter
2792 1297 2955 1346 tijt

932 1430 1070 1480 v=r
1116 1420 1387 1475 tjacht
1430 1412 1703 1462 Bergen
1748 1412 1839 1457 op
1883 1408 2064 1458 soom
2107 1397 2606 1452 aengebracht
2651 1398 2968 1447 wierde,

932 1522 1201 1578 jndien
1242 1514 1558 1566 slechts
1603 1511 1916 1558 ruijmte
1959 1509 2273 1556 geweest
2317 1509 2541 1555 hadde
2585 1509 2675 1554 om
2714 1507 2899 1554 over
2942 1505 3033 1555 Te

926 1627 1246 1686 schepen,
1286 1624 1445 1671 maer
1485 1624 1605 1671 soo
1642 1624 1763 1671 vol
1803 1623 2002 1670 (:als
2041 1622 2281 1669 vooren
2319 1617 2599 1666 gesecht
2638 1616 2718 1661 :)
2754 1612 3077 1661 gelaaden

933 1738 1113 1796 ende
1155 1724 1734 1781 seijlvaerdich
1778 1722 2046 1771 sijnde
2090 1721 2179 1766 om
2222 1721 2356 1767 des
2401 1718 2712 1766 anderen
2753 1710 3024 1763 daaghs

946 1849 1028 1894 te
1069 1836 1522 1894 vertrecken,
1563 1836 1645 1881 is
1686 1834 1851 1881 goet
1891 1831 2262 1880 gevonden,
2302 1828 2468 1876 alle
2508 1826 2797 1873 tspiaul
2838 1827 2968 1876 ter

930 1948 1112 2002 hier
1155 1941 1246 1991 te
1290 1933 1695 1985 behouden,
1738 1933 1829 1979 te
1873 1931 2053 1978 meer
2097 1930 2187 1976 om
2232 1928 2366 1976 dat
2409 1921 2725 1972 geducht
2769 1918 3058 1969 wierd,

934 2043 1075 2095 dat
1119 2038 1213 2088 jn
1258 2028 1534 2081 mocha.
1575 2021 1946 2072 nietveel
1991 2019 2222 2065 aende
2265 2017 2405 2066 man
2451 2014 2680 2062 soude
2725 2014 3002 2062 willen

928 2136 1004 2186 de
1040 2128 1225 2180 wijle
1258 2122 1336 2172 d'
1371 2114 1594 2165 engels
1630 2111 1705 2158 op
1741 2109 1778 2155 t
1815 2107 2111 2154 vertreck
2146 2104 2332 2152 vande
2368 2102 2443 2148 te
2480 2101 2627 2147 uijt
2662 2100 3038 2146 overschie,

929 2235 1064 2287 met
1108 2228 1373 2280 groote
1415 2213 1902 2272 quantiteijt
1945 2202 2387 2256 onvercocht
2430 2200 2695 2246 waaren
2739 2200 3048 2247 Blijven

926 2340 1212 2400 sitten,
1250 2333 1414 2383 ende
1451 2328 1576 2378 dat
1616 2325 1779 2372 niet
1818 2322 1981 2369 meer
2022 2321 2103 2367 (:
2142 2315 2265 2365 als
2305 2311 2387 2358 om
2426 2307 2508 2355 't
2548 2301 2873 2352 contract
2904 2293 3000 2346 te

901 2445 1233 2505 voldoen)
1274 2441 1397 2490 van
1437 2429 1765 2485 Taijovan
1805 2421 2093 2473 gecomen
2134 2416 2298 2464 was,
2336 2412 2421 2460 in
2459 2408 2666 2458 voege
2705 2391 3035 2452 geseijde

928 2565 1345 2630 valckend:j
1385 2562 1511 2611 den
1552 2557 1677 2607 3=e
1716 2546 2009 2600 passado
2048 2529 2589 2589 gedespecheert
2628 2526 3006 2576 hebbende,

930 2680 1053 2739 den
1091 2671 1327 2724 selven
1367 2667 1524 2716 dach
1563 2660 1916 2712 souhalijs
1951 2650 2112 2703 Chom
2151 2645 2308 2693 uijt
2346 2636 2661 2689 geseijlt
2700 2634 2818 2680 is,
2857 2630 3015 2678 niet

933 2780 1469 2839 dubiteerende
1513 2776 1736 2826 offte
1780 2772 1914 2820 den
1958 2764 2361 2817 oppersten
2401 2758 2717 2810 piloodt
2759 2757 2895 2805 sal
2939 2757 3076 2806 hem

928 2893 1052 2945 een
1090 2882 1415 2937 spoedige
1453 2874 1658 2927 salvo
1697 2873 2021 2923 voijagie
2060 2873 2426 2923 verleendt
2464 2867 2749 2918 hebben,
2788 2861 2911 2911 dat

936 2989 1107 3043 mijn
1149 2985 1320 3032 ende
1362 2984 1618 3031 uedle
1659 2983 1746 3029 t'
1789 2983 2045 3030 sijner
2087 2980 2258 3029 tijt
2301 2978 2386 3024 te
2429 2970 2770 3023 vernemen
2812 2970 3026 3018 staat

997 3182 1200 3233 Vijff
1239 3182 1481 3228 daagen
1521 3183 1602 3229 t'
1641 3178 1884 3227 vooren
1924 3175 2126 3223 hadde
2163 3174 2246 3222 d'
2286 3173 2528 3221 Engels
2567 3170 2931 3219 President

1009 3273 1292 3342 tjacht
1335 3270 1429 3318 d'
1474 3263 1797 3314 francis
1843 3263 1980 3309 met
2025 3260 2302 3309 vracht
2347 3256 2716 3304 goederen
2761 3258 2945 3303 naer

962 3363 1403 3425 swaackijn
1451 3352 1940 3408 (:leggende
1988 3347 2233 3396 aende
2281 3341 2673 3392 athiopis
2720 3336 2927 3382 Cust

945 3475 1165 3526 tegen
1205 3466 1383 3518 over
1426 3460 1820 3511 swjedda:)
1862 3459 1995 3505 alf
2038 3457 2520 3504 gevaardicht
2563 3460 2738 3507 ende
2781 3458 2966 3506 daer

938 3579 1125 3631 mede
1169 3572 1311 3623 den
1357 3567 1776 3616 marchandt
1818 3566 2102 3613 giorge
2147 3563 2474 3612 oscjden
2520 3561 2707 3608 voor
2752 3555 2939 3603 uijt

928 3686 1116 3739 naer
1161 3680 1395 3731 mocha
1440 3673 1859 3724 gesonden,
1904 3674 2044 3720 tot
2089 3669 2276 3719 geen
2321 3663 2554 3713 ander
2600 3653 2972 3707 jntentie

920 3791 1017 3847 (:
1060 3783 1199 3833 soo
1244 3773 1473 3826 conde
1518 3767 1977 3817 vernemen:)
2021 3765 2159 3813 als
2204 3764 2297 3812 om
2342 3750 2663 3808 partije
2707 3746 2942 3793 Couwa

932 3881 1026 3930 te
1071 3871 1628 3924 negotieeren,
1674 3868 1813 3916 des
1859 3868 1952 3914 t'
1998 3868 2323 3918 meerder
2367 3870 2509 3919 met
2552 3861 2694 3912 het
2738 3853 2974 3904 laten

925 3975 1066 4027 van
1109 3963 1661 4018 Valckenburgh
1706 3964 2118 4011 gespoijt,
2164 3965 2347 4011 ende
2391 3963 2484 4010 de
2528 3951 3040 4006 Coopluijden

910 4076 1247 4136 Wilhelm
1295 4075 1583 4120 aleman
1630 4070 1823 4120 ende
1870 4065 2111 4116 Isack
2152 4063 2445 4110 maijer
2492 4062 2589 4109 (:
2636 4061 2781 4109 soo
2828 4062 3068 4110 haest

919 4182 1304 4246 doenlijck
1346 4177 1560 4226 was:)
1599 4171 1815 4221 laten
1857 4167 2113 4216 volgen
2154 4168 2368 4215 hebbe
2409 4168 2539 4216 soo
2581 4168 2710 4214 dat
2751 4168 3053 4216 verhope

921 4300 1096 4347 noch
1139 4295 1270 4344 wel
1312 4290 1400 4338 t'
1442 4287 1792 4335 gelijck,
1835 4285 1967 4334 off
2003 4279 2097 4329 t'
2139 4273 2402 4322 jmmers
2445 4271 2663 4318 corts
2707 4273 3014 4327 naarden

2300 4394 2740 4464 anderen

0 570 218 617 van

30 614 203 670 vl

0 656 103 703 nb

0 738 115 786 den
153 738 192 784 2

0 836 34 886 i

11 935 78 987 a

0 1026 48 1071 en

145 1026 256 1072 can

166 846 250 892 vand

135 1247 269 1297 emon

18 1349 261 1397 quade

0 1475 259 1523 congo

0 1752 130 1800 oos

0 1836 89 1886 in
133 1834 268 1880 een

0 1963 274 2014 achten

0 2053 270 2105 amron

0 2147 271 2201 ntrar

0 2258 79 2309 ge

0 2362 271 2411 asseras

51 2446 267 2493 hreven

0 2448 43 2494 8

136 2559 256 2605 hier

0 2651 257 2699 oogen

162 2842 257 2890 aer

191 2943 262 2991 14

180 3051 238 3096 lv

159 1664 271 1712 ende

175 1569 263 1616 md

0 1247 86 1295 een

0 4143 262 4191 heeb=

0 4237 127 4287 de

158 3970 260 4018 lven
