3642 4883
1037 626 1430 675 Decembr.
1477 631 1625 680 Ao.
1672 635 1873 684 1645

1360 776 1418 825 te
1443 768 1772 820 continueren,
1798 763 1990 813 wijders
2015 759 2181 808 d'eden
2207 757 2400 803 gemelte
2426 758 2700 806 Engelschen
2726 761 2999 813 grootelicx
3026 768 3136 814 haer
3162 770 3356 828 beclagh

1354 871 1495 918 wegen
1522 869 1579 916 d'
1606 863 1831 913 goederen
1858 860 1971 908 door
1998 857 2195 904 maleija
2223 856 2364 902 Vande
2391 857 2448 903 E.
2474 858 2728 905 Compagnie
2755 861 2979 907 gerooft,
3007 860 3231 906 seggende
3259 860 3344 906 met

1336 968 1470 1024 hooge
1493 962 1600 1012 ende
1625 958 1757 1006 diere
1782 952 1966 1002 Woorden
1991 951 2071 997 syn
2097 951 2201 996 noyt
2228 951 2411 998 gedacht
2436 952 2541 998 veel
2567 953 2646 998 min
2671 951 2751 997 van
2777 951 3013 999 meyjninge
3038 954 3195 1001 hadden
3221 955 3406 1002 geweest

1338 1072 1519 1125 d'selve
1543 1064 1750 1117 (gelijck
1774 1062 1827 1108 wy
1851 1054 2161 1107 sustimeerden
2186 1053 2290 1098 ende
2316 1053 2496 1099 bericht
2521 1053 2625 1100 sijn
2650 1051 2804 1100 gedaen
2830 1051 3010 1097 hadden)
3035 1053 3113 1099 aen
3138 1052 3190 1098 te
3215 1051 3347 1098 slaen
3368 1054 3397 1101 —

1340 1174 1488 1227 ,ende
1515 1169 1633 1218 voor
1661 1164 1807 1213 haere
1835 1160 2097 1208 Compagnie
2125 1159 2184 1204 te
2213 1159 2387 1205 Coopen
2416 1160 2532 1207 niet
2561 1161 2852 1207 tegenstaen
2881 1161 3055 1206 Vanden
3083 1159 3289 1209 Coninck
3314 1164 3345 1210 —

1343 1267 1709 1326 gelicentieert
1736 1263 1848 1311 ende
1876 1260 2155 1308 gemandeert
2183 1259 2379 1306 wierden
2406 1258 2546 1304 sulcx
2573 1256 2686 1302 doen
2712 1253 2909 1301 souden,
2937 1252 3049 1299 doch
3076 1247 3247 1296 seggen

1337 1377 1609 1429 daernevens
1635 1373 1854 1421 naerdien
1880 1371 1962 1417 den
1989 1366 2180 1415 Coninck
2206 1364 2343 1411 macht
2370 1364 2424 1409 en
2451 1362 2588 1409 ordre
2614 1360 2805 1406 daertoe
2831 1359 2914 1405 gaf
2940 1359 2995 1405 't
3022 1355 3158 1403 selve
3186 1354 3294 1400 vrij
3321 1353 3404 1399 end

1341 1487 1511 1539 vrancq
1538 1479 1820 1531 geschieden
1847 1478 2017 1524 moght,
2044 1475 2157 1522 daer
2185 1475 2241 1520 op
2268 1473 2326 1520 Wy
2353 1472 2438 1518 wel
2465 1471 2551 1517 ten
2578 1468 2776 1515 rechten
2803 1459 3141 1514 sistineerden
3169 1457 3253 1503 van
3281 1454 3422 1501 Neen,

1349 1603 1572 1656 gemerckt
1598 1598 1710 1647 niet
1735 1593 1821 1642 des
1847 1585 2042 1637 Conincx
2069 1585 2181 1631 maer
2208 1584 2319 1630 onse
2346 1578 2568 1628 goederen
2596 1575 2762 1623 waeren
2788 1571 2900 1618 ende
2927 1570 3011 1615 ons
3038 1568 3094 1614 bi
3120 1561 3267 1613 sijne

1338 1713 1587 1768 onderdanen
1611 1709 1712 1758 ende
1734 1703 1886 1752 eijgen
1909 1698 2060 1747 natien
2084 1696 2209 1742 (daer
2234 1695 2309 1741 met
2333 1693 2433 1740 naer
2457 1691 2558 1738 sijn
2582 1688 2757 1735 gevalle
2781 1684 2832 1732 en
2855 1675 3031 1728 gelieve
3054 1669 3180 1719 konde
3201 1655 3429 1712 handelijk

1337 1828 1453 1880 niet
1480 1814 1820 1871 Vergelijcken
1848 1807 2018 1858 nochte
2045 1802 2385 1852 uytheenische
2413 1795 2696 1847 Copluijden
2723 1787 2951 1839 (gelijck
2976 1785 3065 1831 myj
3091 1787 3176 1835 syn
3202 1782 3290 1832 )In
3317 1779 3402 1825 syn

1327 1941 1468 1992 landt
1494 1936 1608 1986 geen
1634 1925 1859 1980 sodanige
1884 1918 2053 1969 Wetten
2080 1910 2276 1962 stellen
2303 1907 2471 1955 konde,
2497 1905 2610 1952 noch
2638 1905 2694 1950 te
2721 1897 2945 1949 toelaten
2971 1893 3083 1941 onse
3111 1885 3339 1938 goederen

1345 2048 1398 2095 te
1421 2040 1578 2091 rooven
1603 2037 1708 2085 veel
1732 2033 1811 2081 min
1835 2031 1888 2077 te
1912 2028 2017 2076 doen
2042 2024 2275 2072 Verwoopen
2300 2022 2379 2069 off
2404 2018 2663 2067 vermochten
2687 2013 2947 2062 daertegens
2973 2012 3050 2058 met
3075 2009 3179 2056 alle
3204 2004 3334 2054 recht

1333 2151 1448 2206 ende
1474 2140 1778 2195 billickheyt
1804 2139 1888 2186 ons
1913 2133 2108 2183 guarand
2133 2130 2190 2176 te
2217 2125 2438 2174 soecken,
2464 2122 2576 2169 onse
2600 2117 2823 2168 goederen
2850 2117 2905 2162 te
2932 2114 3208 2162 vervolgen,
3234 2111 3290 2158 en

1339 2262 1422 2310 als
1446 2252 1584 2304 eygen
1611 2249 1747 2296 weder
1773 2247 1856 2293 aen
1882 2244 1937 2291 te
1964 2236 2128 2288 slaen,

1320 2402 1439 2457 den
1475 2381 1942 2446 ondercoopman
1981 2371 2214 2425 Willem
2251 2366 2407 2414 Pauw
2444 2361 2717 2411 blijffs
2755 2360 2833 2406 in
2871 2359 2949 2405 d'
2985 2351 3264 2403 Vyandts

1347 2504 1489 2559 wercq
1517 2502 1573 2547 in
1599 2491 1881 2546 echtenisse
1909 2486 2218 2535 eijsschende
2244 2483 2358 2530 door
2385 2481 2497 2527 sijn
2524 2476 2778 2526 handtsoen
2805 2475 2862 2521 d'
2889 2473 3030 2519 somme
3056 2468 3142 2518 van
3167 2463 3282 2512 2000

1337 2611 1531 2674 pagoden
1556 2606 1665 2654 door
1690 2601 1853 2650 alleer
1879 2598 1960 2645 hem
1985 2596 2041 2642 in
2065 2591 2256 2640 Vrijdom
2282 2585 2551 2635 herstellen
2577 2582 2743 2632 willen

1150 2748 1243 2810 den
1266 2739 1325 2787 9.
1350 2734 1381 2781 '
1407 2729 1465 2776 d.
1491 2725 1522 2772 o
1546 2717 1690 2768 sagen
1716 2711 1803 2761 een
1830 2702 1999 2754 engels
2025 2694 2280 2746 Vaertuych
2307 2691 2449 2739 synen
2476 2688 2618 2736 Cours
2645 2687 2702 2732 om
2729 2685 2787 2732 d'
2812 2677 2956 2730 zuijd
2983 2675 3096 2721 naer

1315 2818 1665 2883 Madrespatam
1694 2809 1949 2862 stellen,
1980 2803 2233 2852 verhalen
2263 2794 2611 2847 voorgemelte
2641 2783 2959 2838 Engelschen
2987 2774 3211 2827 'tselve
3241 2771 3341 2818 van

1318 2918 1608 2988 Bengaele
1643 2915 1786 2962 over
1819 2898 2213 2958 masulipatam
2249 2895 2356 2943 met
2391 2884 2819 2940 maintementos
2852 2876 2997 2928 ende
3030 2862 3247 2920 eenige

1353 3011 1692 3075 Contanten
1727 3002 1990 3056 gecomen
2026 2999 2102 3045 te
2138 2999 2251 3046 syn

1148 3163 1206 3215 Af
1230 3158 1286 3206 10
1312 3156 1366 3202 d.
1391 3155 1419 3201 o
1442 3150 1526 3198 syn
1550 3141 1845 3194 meergemelte
1871 3134 2138 3186 Engelschen
2164 3131 2271 3177 maer
2297 3130 2377 3175 dat
2403 3127 2484 3174 tot
2510 3127 2618 3172 haer
2643 3123 2857 3173 genougen
2882 3119 2990 3167 ende
3015 3111 3339 3164 contentement

1337 3253 1512 3304 alhier
1540 3248 1801 3297 onthaeldt
1830 3248 1917 3294 syn
1945 3245 2149 3294 geweest
2177 3240 2323 3289 weder
2351 3238 2467 3284 maer
2496 3238 2815 3284 madrespatam
2843 3230 3221 3283 geresourneert

1156 3454 1212 3502 An
1234 3446 1292 3496 11
1313 3437 1371 3488 en
1394 3433 1450 3481 12
1474 3427 1556 3476 d.o
1581 3423 1636 3471 be
1661 3419 1743 3467 den
1768 3417 1822 3463 vy
1848 3415 1929 3461 iet
1954 3414 2088 3460 weder
2114 3413 2195 3459 met
2221 3412 2435 3460 schreten
2461 3413 2621 3459 doende
2647 3414 2860 3461 geweest,
2887 3413 3046 3459 hebben
3071 3410 3179 3458 haer
3205 3408 3314 3458 oock

1341 3528 1525 3584 onder't
1549 3519 1756 3572 geschiet
1779 3517 1858 3563 van
1883 3514 2064 3561 destaet
2088 3513 2166 3559 soo
2191 3512 2243 3557 in
2267 3511 2346 3557 als
2371 3513 2449 3559 dan
2474 3515 2680 3564 begeven,
2705 3519 2808 3565 ende
2833 3519 2885 3564 wy
2910 3519 3168 3566 diveersche
3192 3518 3351 3564 maelen

1330 3639 1424 3687 met
1454 3635 1608 3683 groof
1638 3631 1793 3680 Canon
1823 3629 1885 3675 op
1915 3627 2039 3673 haer
2069 3625 2293 3672 gelost.

1185 3792 1239 3842 Af
1261 3786 1313 3835 13
1335 3783 1388 3829 d.
1411 3781 1438 3827 o
1462 3774 1713 3825 Verschynet
1738 3773 1888 3819 alhier
1913 3773 1963 3818 in
1987 3770 2263 3817 pallumcatta
2288 3769 2363 3814 van
2388 3765 2689 3813 maerespatain
2714 3764 2939 3811 Andermael
2964 3766 3039 3811 den
3062 3762 3215 3810 Engels
3238 3758 3415 3808 Coopman

1339 3871 1516 3920 Meester
1539 3867 1743 3916 grinleij
1767 3866 1844 3912 ten
1869 3866 2147 3911 principaele
2171 3864 2273 3910 omme
2297 3863 2475 3909 seecker
2499 3862 2702 3909 briefken
2726 3860 2954 3907 gedateert
2980 3861 3030 3907 23
3055 3858 3259 3906 November

1335 3976 1419 4029 bij
1444 3969 1580 4018 forme
1606 3967 1687 4014 van
1713 3964 1876 4011 Wissel
1901 3962 2010 4009 door
2037 3962 2117 4007 den
2144 3960 2467 4007 onvercoopman
2494 3961 2548 4006 s.
2575 3961 2602 4006 r
2628 3959 2763 4005 sijme
2790 3959 2871 4004 aen
2898 3959 3113 4005 meesterp
3140 3959 3328 4005 minsten

1335 4086 1507 4142 voord'
1533 4079 1676 4129 somme
1703 4077 1788 4124 Van
1816 4074 1929 4121 2000
1957 4070 2324 4119 Masulipatamse
2351 4069 2550 4116 pagoden
2577 4068 2690 4115 (die
2717 4064 2944 4112 gemelten
2971 4060 3197 4108 Omieston
3225 4060 3317 4111 tot

1324 4187 1619 4242 Masulipatam
1644 4185 1725 4232 aen
1751 4184 1805 4229 d'
1831 4182 1938 4229 onse
1965 4182 2151 4228 voldaen
2177 4180 2311 4227 heeft
2337 4181 2603 4228 verleenet,
2630 4181 2710 4227 ons
2736 4180 2816 4226 toe
2842 4179 2896 4225 te
2922 4177 3135 4224 brengen,
3162 4177 3216 4223 en
3242 4171 3403 4223 gemelt

1320 4309 1382 4356 en
1409 4299 1743 4353 Pallacatsen
1772 4297 1954 4344 agoden
1984 4296 2045 4342 te
2074 4291 2316 4340 bevoore,
2345 4291 2437 4337 och
2466 4291 2557 4337 alo
2587 4288 2980 4337 degewoorditen
3009 4288 3100 4335 van
3129 4282 3401 4333 Contanten
