3567 4801
2712 566 2885 616 847

1094 935 1532 1019 Abraham
1592 927 1718 977 d'
1779 917 2092 970 Vijle
2152 907 2340 960 van
2400 879 2963 950 amsterdam

927 1107 1039 1158 in
1091 1087 1366 1148 Jndia
1418 1061 1802 1129 Gecomen
1855 1056 1966 1104 ao
2020 1048 2238 1103 1643
2288 1039 2456 1094 met
2510 1030 2783 1080 Schip
2834 1024 2954 1074 d'

841 1273 1062 1341 Caan
1109 1242 1330 1312 voor
1379 1211 2030 1284 Bootsgeselle
2083 1207 2138 1253 a
2186 1212 2246 1257 ƒ
2298 1202 2514 1259 9vr.
2566 1193 2945 1245 maendt,

837 1432 1047 1492 wert
1097 1427 1200 1476 op
1250 1404 1456 1470 zijn
1506 1395 1917 1448 vertoogh
1962 1378 2173 1438 ende
2222 1353 2942 1421 genegentheijdt

858 1583 955 1632 d'
1000 1569 1098 1625 E.
1133 1552 1382 1607 Comp.
1428 1555 1477 1602 e
1519 1537 1714 1592 noch
1759 1523 2047 1580 langer
2093 1517 2190 1566 jn
2234 1506 2476 1560 jndia
2522 1506 2618 1553 te
2663 1492 3000 1550 dienen.

863 1699 1144 1757 midts
1194 1685 1530 1743 sijnes
1582 1665 2026 1727 verbandt
2079 1658 2191 1707 jn
2246 1647 2577 1700 corten
2631 1633 2964 1691 staedt

865 1820 1407 1878 t'expireren
1452 1807 1602 1864 Bij
1649 1799 1896 1849 desen
1944 1797 2043 1844 d'
2090 1797 2288 1843 novo
2336 1799 2533 1846 voor
2580 1796 2827 1847 drije

838 1975 1165 2038 achter
1219 1967 1382 2018 een
1435 1942 1870 2011 volgende
1920 1930 2250 1985 jaeren
2301 1929 2412 1976 in
2465 1915 2851 1974 deselve

832 2127 1357 2202 qualiteijt
1407 2098 1928 2170 aengenomen
1978 2088 2187 2139 ende
2237 2083 2395 2133 een
2447 2074 2967 2127 behooningh

857 2282 1018 2329 van
1068 2269 1286 2324 eell
1337 2249 1712 2311 guldens
1765 2240 1926 2291 ter
1977 2229 2300 2284 maendt
2351 2215 2942 2278 toegeleijdt

853 2425 958 2474 d'
1009 2403 1644 2474 verbeteringe
1695 2393 1854 2444 van
1905 2383 2224 2436 gagie,
2272 2370 2487 2434 ende
2537 2364 2591 2411 t
2641 2346 2963 2406 nieuwe

856 2556 1316 2610 verbandt
1372 2547 1603 2598 dato
1658 2535 1833 2590 als
1890 2524 2238 2577 vooren
2281 2491 2865 2575 innegaende

1055 2892 1232 2945 Jan
1290 2866 1764 2935 Jacobsen
1821 2833 2354 2907 Berritius
2406 2822 2530 2880 in
2586 2807 2884 2862 jndia

1060 2996 1453 3067 Gecomen
1507 3006 1678 3059 met
1728 2985 2012 3043 schip
2065 2976 2180 3028 d'
2236 2958 2460 3020 haen
2514 2949 2628 2999 ao
2683 2949 2908 2999 1643

882 3166 1068 3218 voor
1110 3134 1618 3208 bootsgesell
1663 3118 2032 3176 hebbende
2076 3112 2216 3161 een
2258 3100 2675 3155 geruijmen
2720 3094 2905 3144 tijt

863 3301 916 3347 t
963 3279 1470 3341 schrijvers
1519 3264 1722 3323 ampt
1769 3256 1874 3307 t'
1922 3238 2177 3300 deser
2224 3227 2681 3280 fortresse
2732 3226 2934 3274 waer

850 3417 1283 3486 genomen,
1335 3412 1552 3462 ende
1603 3400 1822 3456 daer
1872 3385 1982 3437 in
2033 3359 2572 3426 Continueel
2624 3352 2843 3401 sijn

847 3569 1263 3628 meerder
1318 3553 1559 3612 goet
1618 3528 2388 3595 contentemendt
2413 3504 2870 3565 gegeven

831 3717 1029 3767 wert
1076 3709 1226 3760 ten
1274 3697 1473 3753 dien
1521 3672 1915 3738 jnsichte
1964 3665 2162 3715 ende
2211 3661 2310 3708 om
2357 3654 2507 3705 die
2554 3650 2705 3698 wel
2752 3640 2952 3694 doen

846 3846 1061 3895 meer
1114 3845 1329 3892 ende
1377 3835 1597 3889 meer
1650 3831 1758 3879 te
1809 3806 2453 3873 Couragieeren
2506 3801 2721 3850 ende
2774 3792 2936 3844 ten

835 3974 1178 4033 dienste
1224 3972 1470 4021 vand'
1515 3969 1616 4022 E.
1661 3956 1909 4011 Comp.
1950 3952 2006 4005 e
2053 3934 2541 3993 t'ammeren,
2588 3931 2688 3979 d'
2736 3929 2932 3976 novo

813 4116 1016 4170 voor
1064 4105 1319 4159 drije
1369 4099 1673 4149 achter
1723 4097 1875 4144 een
1925 4069 2329 4140 volgende
2379 4062 2683 4112 jaeren
2728 4051 2835 4102 in

2391 4306 2844 4361 gemelte

2082 4262 2369 4325 El
