3642 4828
1068 595 1304 656 Juny
1361 580 1597 637 1646

1324 771 1411 823 soo
1438 769 1521 815 wel
1548 761 1796 814 ghij,aleu
1822 754 2127 805 Coopluyjden
2154 753 2264 798 heef
2290 751 2485 798 verlren
2512 751 2595 796 als
2622 748 2843 795 ontroost
2871 748 2927 794 &s
2953 750 3037 795 soo
3064 749 3229 796 leeden
3257 749 3479 799 koopmans

1331 869 1626 927 oliphanten
1654 865 1772 913 ende
1801 863 1977 910 anders
2006 859 2211 908 daervan
2240 859 2298 905 1¼
2327 854 2590 905 bedraegen
2620 853 2737 900 2000
2766 852 3000 898 pardauws
3028 850 3117 897 van
3146 850 3263 895 dese
3292 850 3446 899 pacht

1331 974 1544 1029 Jaerlicx
1568 969 1676 1018 sult
1701 961 1941 1014 Inhouden,
1967 959 2047 1006 ter
2073 959 2179 1004 tijt
2205 958 2286 1004 toe
2311 957 2391 1002 dat
2418 954 2604 1002 volgens
2628 952 2683 997 d'
2709 950 2868 997 reeck.
2895 950 2921 995 e
2947 949 3055 995 sult
3080 948 3292 995 betaeldt
3319 943 3453 993 wesen

3381 1014 3450 1062 ƒ

1334 1081 1442 1134 ende
1466 1077 1521 1124 d'
1546 1071 1705 1121 andere
1731 1070 1810 1116 2/¾
1836 1066 1941 1115 sult
1968 1062 2178 1111 gehouden
2202 1059 2309 1107 sijn
2336 1057 2441 1104 alle
2466 1054 2625 1101 maendt
2650 1051 2756 1099 naer
2782 1045 2940 1095 beloop
2967 1044 3098 1090 vande
3124 1043 3370 1095 resteren/

1334 1195 1452 1248 6000
1478 1181 1712 1238 perdauws
1739 1178 1828 1226 aen
1855 1174 1944 1223 mij
1971 1171 2030 1218 te
2058 1166 2320 1216 betaelen,
2349 1165 2465 1211 oocq
2493 1166 2551 1211 Is
2580 1166 2638 1211 te
2667 1160 2899 1210 verstaen
2928 1158 3015 1205 dat
3043 1155 3160 1203 alle
3187 1148 3363 1199 rroote

1339 1302 1561 1356 oorlogen
1587 1298 1671 1346 die
1698 1296 1755 1343 op
1781 1287 2087 1340 palliacatta
2114 1283 2308 1331 mochten
2335 1281 2502 1327 vallen
2529 1278 2641 1325 ofte
2668 1274 2779 1322 vocq
2806 1273 2890 1319 dat
2917 1270 3112 1317 sommige
3137 1263 3335 1314 Iaeren—

1334 1427 1449 1480 geen
1475 1420 1617 1470 regen
1643 1410 1897 1464 vallende,
1922 1403 2092 1453 dieren
2119 1399 2204 1447 tit
2230 1396 2344 1443 was,
2372 1394 2512 1441 sulcx
2539 1390 2680 1438 alles
2706 1383 2876 1435 blijft
2903 1382 2988 1428 tot
3015 1380 3156 1427 onsen
3182 1372 3324 1424 laste

1344 1542 1453 1595 ende
1477 1538 1584 1586 sald
1609 1538 1636 1584 o
1661 1533 1794 1583 pacht
1819 1532 1872 1577 in
1897 1528 1977 1576 dat
2001 1523 2134 1572 geval
2159 1520 2265 1568 naer
2290 1516 2396 1564 rato
2421 1515 2475 1561 d'
2501 1511 2685 1560 schaede
2710 1509 2816 1556 voor
2841 1506 2920 1553 dat
2946 1502 3104 1551 Caypen
3129 1494 3392 1546 vermindert

1338 1661 1536 1708 werden,
1564 1661 1676 1706 ende
1703 1659 1788 1706 met
1816 1657 1901 1703 dit
1928 1651 2153 1701 contract
2181 1648 2322 1696 loopt
2349 1643 2519 1693 winst,
2546 1641 2602 1687 en
2630 1631 2855 1685 Verlies,
2881 1624 3024 1675 beyde
3050 1619 3136 1667 tot
3163 1617 3276 1663 uwen
3303 1617 3451 1663 last,

1341 1778 1447 1824 ende
1472 1774 1606 1822 bate,
1631 1770 1738 1818 ende
1764 1770 1871 1815 hier
1897 1770 1950 1815 op
1976 1767 2109 1814 moght
2135 1766 2189 1812 op
2213 1763 2321 1811 mijn
2346 1760 2480 1808 voedt
2505 1756 2692 1805 rusten,
2717 1752 2824 1800 ende
2849 1749 2957 1797 doet
2981 1744 3168 1793 grooter
3194 1744 3248 1789 en
3273 1741 3465 1792 meerder

1342 1891 1710 1950 Coopmanschap
1740 1888 1832 1935 tot
1862 1888 1893 1933 u
1923 1883 2197 1933 proffijt,
2227 1880 2380 1927 alsoo
2408 1876 2501 1925 dit
2531 1873 2623 1920 een
2652 1866 2836 1917 Cauwel
2866 1864 2958 1911 Van
2987 1854 3416 1907 verseeckeringh

1339 2017 1431 2066 van
1461 2014 1613 2062 pacht
1643 2010 1735 2058 Is,
1765 2007 1826 2054 d'
1856 2003 2038 2050 dorper
2067 2000 2160 2048 van
2188 1993 2372 2044 Crican
2401 1988 2524 2037 ende
2552 1976 2918 2033 Wangiewacke,
2948 1969 3283 2021 midtsgaders
3308 1965 3343 2013 —

1312 2125 1567 2181 d'Verdere
1596 2119 1850 2170 verleende
1877 2115 2020 2164 Vrij,
2048 2113 2162 2159 ende
2189 2105 2586 2157 gerechticheden
2614 2100 2812 2149 beijven
2840 2097 2954 2144 Voor
2981 2096 3010 2142 u
3038 2092 3123 2140 Int
3151 2089 3325 2136 geheel

1325 2237 1539 2293 gelijck
1568 2230 1809 2281 voordeen
1838 2229 1928 2275 tot
1958 2224 2289 2274 recognistie
2318 2222 2498 2268 voord'
2528 2216 2828 2267 tweedorpen
2855 2212 3068 2261 geweest
3096 2210 3188 2258 Is,
3217 2208 3369 2255 niets

1336 2352 1430 2405 mij
1459 2345 1698 2397 Iaerlicx
1727 2341 2056 2389 schenckagie
2085 2341 2175 2387 van
2204 2340 2235 2386 2
2264 2335 2473 2385 paerden
2502 2333 2592 2378 met
2621 2329 2801 2377 andere
2830 2319 3160 2373 hariteijten

1347 2462 1547 2515 doende,
1574 2459 1688 2506 ende
1715 2458 1773 2504 om
1801 2456 1886 2502 dat
1914 2454 2028 2501 ghij
2055 2453 2311 2500 debestadt
2338 2451 2537 2499 gepacht
2565 2449 2678 2496 hebt
2706 2446 2792 2494 soo
2818 2442 2933 2490 sult
2958 2434 3074 2485 ghij
3101 2427 3333 2477 d'dorpen

1340 2571 1569 2633 arsoer,
1599 2562 1793 2614 Auwoer
1824 2556 2209 2606 Ajanabadoer,
2241 2556 2530 2602 waweloer,
2561 2547 3012 2601 terrapaabacque
3043 2536 3366 2591 weunbacque

1334 2681 1484 2733 endde
1512 2667 1896 2725 oppenelewaeij
1925 2664 2132 2711 hebben,
2161 2662 2279 2709 ende
2309 2662 2368 2707 't
2396 2659 2604 2707 Incomen
2632 2657 2899 2704 genieten,
2927 2652 3135 2701 gelijck
3162 2641 3371 2696 Maleije

1341 2782 1534 2839 gehadt
1564 2776 1755 2826 heeft,
1786 2772 1945 2821 midts
1975 2768 2229 2816 saerlicx
2260 2768 2356 2813 een
2386 2765 2641 2813 oliphamn
2671 2769 2767 2815 een
2797 2768 2988 2814 paerdt
3019 2766 3083 2812 en
3114 2763 3305 2811 andere

1328 2887 1684 2952 Schenckagie
1716 2884 1812 2932 aen
1844 2883 1941 2929 mij
1972 2876 2165 2927 doende

1303 3507 1432 3563 Jnt
1472 3493 1638 3548 saer
1678 3482 1885 3534 veija
1926 3480 2009 3528 d'
2050 3475 2300 3525 maendt
2337 3473 2630 3523 sesthum
2671 3469 2878 3517 naere
2918 3459 3334 3513 Wollemaen—

1375 3601 1698 3659 serangereij
1726 3600 1786 3647 E.
1811 3591 1959 3642 sendt
1987 3588 2163 3636 aenden
2192 3588 2395 3635 Capteyn
2424 3587 2541 3633 moor
2569 3585 2657 3631 der
2685 3579 2977 3629 hollanders
3004 3577 3064 3624 op
3092 3569 3414 3622 palliacatta

1359 3706 1503 3759 desen
1529 3700 1701 3750 brief,
1729 3697 1814 3745 den
1842 3693 1984 3741 brief
2012 3692 2098 3738 van
2126 3692 2154 3737 u
2183 3692 2325 3737 hebbe
2353 3691 2608 3737 ontfangen
2635 3689 2750 3736 ende
2777 3685 3005 3734 verstaen
3032 3682 3118 3729 dat
3147 3676 3346 3727 'slegen

1323 3821 1417 3872 van
1446 3803 1787 3865 Siporwarina
1817 3797 2157 3847 Couttepouca
2188 3796 2312 3842 ofte
2342 3796 2590 3842 golconda
2620 3796 2714 3842 soo
2744 3795 2899 3842 dicht
2929 3794 3023 3840 bij
3050 3789 3269 3841 gecomen
3299 3785 3394 3833 was

1353 3926 1468 3976 ende
1495 3919 1613 3970 ghij
1638 3913 1699 3962 d'
1726 3907 1871 3957 stadt
1899 3903 2073 3951 tegens
2101 3901 2217 3947 haer
2245 3896 2591 3945 gedefenseert
2618 3896 2821 3944 haddet,
2850 3893 2937 3942 soo
2965 3893 3052 3939 dat
3079 3890 3167 3939 sij
3193 3886 3282 3933 die

1349 4031 1471 4085 niet
1499 4021 1677 4075 hebben
1705 4014 1883 4065 Cunnen
1911 4011 1972 4059 de
2000 4008 2208 4055 binnen,
2237 4008 2385 4054 hebbe
2413 4006 2503 4053 ick
2532 4005 2650 4053 mede
2677 4004 2915 4051 Vernomen
2945 4005 3181 4051 waermede
3210 3999 3447 4051 openbaer

1356 4141 1434 4198 Is
1466 4125 1754 4182 geworden
1787 4120 1896 4169 uwe
1931 4112 2431 4165 getrouwnchere,
2466 4110 2609 4157 ende
2643 4105 3002 4155 verstandt,
3037 4106 3215 4159 altyt

1906 3030 2131 3079 volcht
2166 3024 2430 3076 seecker
2466 3021 2805 3069 translaet
2835 3018 2954 3069 van
2990 3017 3104 3064 een
3139 3006 3254 3061 ole

1927 3129 2142 3177 nevens
2177 3129 2285 3174 den
2319 3130 2676 3179 pachtbrief
2708 3125 2925 3176 Vanden
2959 3118 3210 3169 Coninck

1984 3220 2078 3271 van
2108 3226 2387 3272 Careatica
2417 3226 2512 3272 aen
2542 3226 2635 3272 den
2665 3226 2975 3274 gouverneur
3005 3226 3192 3273 Arnold
3222 3221 3443 3270 Heussen

1951 3319 2214 3369 gesonden

3048 4201 3291 4258 goede
