3567 4801
2759 542 2922 590 889

494 580 895 641 octob:r
949 581 1231 633 Annos
1286 576 1468 627 645

932 792 1088 839 eenige
1113 790 1347 837 pretentie
1373 790 1425 836 op
1450 791 1528 838 hun
1552 792 1657 838 sult
1683 790 1864 837 hebben,
1889 788 1993 835 ende
2019 788 2149 834 desen
2174 790 2252 835 heb
2277 791 2356 837 ick
2381 793 2459 842 als
2484 794 2665 843 geseght
2690 789 2854 839 gedaen

922 906 1024 958 ende
1046 902 1222 950 alsnoch
1245 898 1496 947 Invoijabel
1520 896 1867 945 maintinerende,
1892 896 1992 942 niet
2016 898 2313 945 twijffelende
2337 897 2438 943 dese
2462 898 2735 945 aenbrengers
2760 897 2987 944 valschenj

921 1029 997 1078 UE:
1020 1024 1120 1073 niet
1144 1015 1539 1068 particulierlijck
1563 1015 1711 1061 maerd'
1734 1011 1835 1060 geli
1857 1006 1982 1055 delit
2007 1005 2228 1051 weereldet
2253 1005 2450 1051 bekendt)
2475 1006 2524 1051 te
2549 1004 2721 1051 maecken

924 1186 1146 1243 echter
1181 1179 1366 1230 soude
1402 1178 1513 1224 uE.
1547 1172 1696 1223 sich
1731 1166 1916 1216 laten
1953 1161 2209 1210 duncken
2246 1161 2356 1207 dat
2393 1161 2504 1208 Ick
2539 1163 2614 1210 d'
2650 1159 2945 1211 goederen

928 1294 1001 1342 van
1021 1288 1119 1337 onse
1142 1281 1404 1333 Coopluijden
1428 1281 1500 1326 die
1522 1279 1642 1325 aende
1666 1276 1880 1324 Compagnie
1904 1275 1975 1321 ten
1998 1275 2190 1321 achteren
2213 1275 2332 1322 sijn,
2355 1274 2451 1320 ende
2474 1275 2546 1321 aen
2569 1276 2617 1321 uE
2641 1275 2760 1321 niets
2782 1275 2813 1324 —

919 1396 1212 1452 verobligeert
1235 1394 1285 1441 :)
1307 1391 1406 1438 niet
1430 1388 1624 1435 behooren
1647 1386 1697 1432 te
1719 1382 1939 1429 ontfangen
1963 1383 2060 1428 uijt
2084 1380 2231 1428 Vreete
2254 1381 2327 1426 dat
2351 1380 2497 1426 eenich
2520 1379 2595 1425 van
2618 1380 2691 1425 uE:
2714 1374 3038 1425 g'arresteerde

915 1508 1113 1563 lijnwaet
1134 1504 1260 1552 onder
1283 1503 1334 1549 d'
1358 1501 1482 1547 selve
1505 1499 1654 1546 mochte
1677 1498 1802 1544 sijn,
1825 1495 1900 1542 t's
1923 1494 1949 1540 o
1973 1494 2072 1539 deer
2096 1491 2293 1538 buijtens
2317 1489 2465 1536 heden,
2490 1488 2564 1534 dat
2588 1486 2687 1533 onse
2710 1480 2908 1530 meesters

916 1625 1049 1675 lijden
1069 1618 1203 1669 souden
1224 1615 1358 1663 voord'
1379 1611 1579 1660 affrouten
1601 1610 1645 1655 en
1668 1606 1845 1655 onlusten
1867 1606 1933 1651 die
1955 1602 2021 1651 uE.
2043 1602 2154 1647 hebt,
2175 1601 2265 1647 ende
2287 1600 2464 1646 daerdoor
2485 1598 2685 1646 mitschien
2706 1592 2906 1642 Verliesen
2924 1589 2951 1637 —

924 1737 1071 1797 geldt,
1092 1731 1190 1779 ende
1213 1726 1430 1775 goederen,
1452 1724 1550 1770 ende
1574 1724 1646 1770 ick
1669 1724 1790 1769 selfs
1813 1721 2054 1768 onwaerdich
2077 1722 2149 1768 der
2173 1720 2318 1768 charge
2341 1719 2390 1765 en
2413 1716 2653 1763 Vertrouwen
2676 1715 2726 1762 op
2748 1711 2821 1759 mij
2844 1710 2871 1757 —

910 1859 1140 1912 verlaten,
1163 1854 1266 1903 niet
1291 1847 1596 1898 tegenstaende
1620 1845 1672 1892 om
1698 1842 1749 1890 't
1773 1839 1876 1886 alle
1900 1836 2105 1885 disputen
2128 1837 2205 1884 die
2230 1836 2307 1882 uE.
2331 1833 2485 1881 hierop
2509 1826 2637 1877 moght
2661 1819 2891 1870 ghouderen
2915 1814 2993 1864 ter

905 1982 1053 2038 sijden
1074 1978 1125 2026 te
1147 1970 1318 2022 leggen,
1340 1966 1438 2014 seck
1461 1963 1607 2010 versoo
1630 1957 1848 2008 vermoehet
1872 1954 2065 2002 geweest:
2087 1950 2161 1997 snt
2185 1946 2378 1995 oversien
2402 1945 2475 1991 van
2497 1940 2740 1989 slijnwaedt
2763 1938 2837 1985 dat
2860 1937 2933 1983 wij

914 2086 1151 2141 ontfangen
1177 2083 1360 2130 hebben,
1384 2080 1464 2128 dat
1488 2077 1543 2125 't
1568 2075 1699 2121 mijne
1725 2073 1934 2120 kennisse
1960 2071 2065 2118 nies
2090 2069 2169 2116 een
2194 2066 2326 2113 stuck
2351 2064 2430 2110 met
2456 2063 2535 2109 ons
2559 2060 2691 2107 schip
2716 2058 2955 2106 vertreckt

910 2211 996 2261 dat
1022 2205 1107 2254 met
1133 2204 1217 2251 UE.
1245 2205 1384 2251 mercq
1409 2198 1688 2248 geteeckent
1715 2197 1800 2243 Is,
1826 2196 1939 2243 ende
1966 2195 2160 2242 alwaert
2188 2193 2271 2239 soo
2297 2189 2410 2237 naer
2437 2188 2493 2233 d'
2518 2180 2687 2233 saecke

905 2336 1011 2387 sich
1033 2332 1087 2379 un
1112 2321 1368 2376 Verthoont,
1392 2318 1495 2365 ende
1521 2313 1828 2363 d'eygenschap
1852 2311 1930 2357 der
1955 2309 2160 2355 goederen
2185 2307 2415 2354 verandert
2441 2303 2595 2352 sijnde
2619 2296 2774 2346 sullen
2795 2287 2850 2338 de

925 2457 1102 2513 rechten
1125 2453 1203 2501 van
1225 2444 1380 2497 Europa
1404 2441 1506 2488 (die
1531 2439 1607 2485 uE.
1632 2436 1708 2483 soo
1733 2434 1835 2481 hart
1860 2433 1911 2479 op
1936 2432 2012 2477 mij
2036 2427 2315 2477 pretendeert
2340 2425 2442 2472 ende
2466 2423 2670 2469 eenlijck
2694 2420 3024 2469 gerespecteert

907 2586 1093 2639 werden)
1116 2582 1172 2631 in
1196 2576 1303 2626 mijn
1329 2573 1487 2621 faveur
1511 2566 1830 2618 Concluderen,
1855 2563 1962 2610 want
1988 2560 2225 2608 bovendien
2251 2557 2331 2604 een
2355 2555 2436 2601 Van
2462 2553 2542 2600 UE.
2565 2545 2834 2597 residenten

905 2713 1009 2763 niet
1032 2707 1137 2756 vele
1161 2702 1290 2751 sares
1315 2697 1521 2746 verleden
1545 2694 1598 2741 op
1621 2690 1751 2738 porto
1775 2685 1905 2735 rlovo
1930 2684 2007 2730 van
2033 2685 2135 2730 waer
2161 2685 2238 2730 een
2262 2684 2340 2730 der
2365 2680 2572 2729 Jonghste
2596 2677 2802 2728 agtenten

900 2848 978 2900 van
999 2838 1125 2891 deser
1148 2829 1323 2882 plaetse
1346 2821 1569 2873 verereven
1594 2817 1742 2866 sijnde
1765 2815 1841 2862 een
1865 2810 2162 2860 uwverschepen
2187 2800 2459 2855 bucitelijck
2482 2797 2755 2844 arriveerde,
2780 2790 2979 2842 sexplact

893 2970 962 3016 soo
982 2962 1099 3013 dight
1119 2952 1282 3005 beleght
1302 2944 1442 2997 sijnde
1464 2941 1602 2989 voord'
1624 2937 1762 2985 handt,
1783 2931 1968 2981 echterd'
1989 2926 2173 2975 goederen
2195 2923 2265 2971 van
2286 2917 2402 2967 dien,
2424 2914 2494 2961 die
2514 2908 2677 2958 alsdoen
2699 2907 2745 2952 en
2768 2907 2884 2956 langh

891 3083 1107 3133 daernaer
1130 3078 1186 3126 om
1211 3074 1320 3122 dier
1345 3069 1561 3119 respecte
1586 3061 1828 3113 schuldich
1854 3056 2015 3104 waeren
2041 3053 2122 3100 aen
2149 3051 2256 3097 onse
2282 3023 2495 3095 achtbare
2520 3023 2658 3069 H=ren
2680 3026 2896 3073 Weesters
2921 3027 2951 3073 —

860 3275 950 3322 wat
979 3267 1189 3318 aengaet
1217 3264 1309 3312 uE.
1338 3257 1488 3308 ordre
1517 3254 1637 3301 onse
1666 3251 1877 3299 schepen
1906 3249 2116 3296 alsints
2145 3247 2265 3293 daer
2294 3242 2505 3291 d'selve
2534 3236 2714 3287 sullen
2744 3234 2983 3281 gemoeten

898 3374 951 3420 te
977 3374 1084 3419 doen
1111 3368 1429 3419 veisenteren,
1455 3366 1562 3413 ende
1589 3366 1855 3412 genughsaem
1881 3362 2041 3411 besien
2067 3360 2227 3407 dunckt
2253 3360 2333 3406 mij
2359 3359 2466 3406 seer
2492 3356 2652 3405 vremdt
2678 3355 2733 3401 te
2758 3357 2891 3405 sijn,

888 3497 962 3542 dat
987 3496 1086 3542 omme
1109 3494 1186 3541 dat
1210 3493 1310 3541 ghij
1332 3487 1433 3536 ende
1458 3484 1657 3531 maleijte
1681 3485 1731 3531 in
1754 3485 1805 3531 't
1829 3484 1978 3530 warren
2002 3481 2103 3529 tijt
2126 3477 2226 3525 (met
2250 3471 2449 3522 welckers
2472 3466 2623 3515 beijde
2647 3464 2722 3511 wij
2746 3463 2895 3513 niets—

892 3623 946 3670 te
969 3617 1076 3666 doen
1101 3611 1286 3662 hebben,
1311 3608 1391 3655 dan
1413 3604 1469 3652 in
1494 3602 1574 3649 een
1599 3597 1914 3646 Vrundelijcke
1941 3595 2124 3642 maniere
2150 3594 2203 3640 en
2228 3582 2648 3639 Conrespondentie)
2673 3579 2779 3627 onse
2803 3575 2991 3624 schepen

884 3747 934 3793 d'
951 3737 1033 3791 zee
1056 3734 1154 3780 niet
1179 3732 1302 3779 mogen
1326 3726 1523 3777 passeren
1547 3720 1720 3771 buijten
1744 3718 1818 3764 uE:
1842 3717 1990 3763 vinte,
2013 3714 2113 3761 ende
2136 3712 2186 3758 om
2210 3706 2407 3756 revengie
2430 3703 2505 3750 soo
2529 3698 2702 3747 dreyght
2726 3695 2825 3743 ghij
2848 3693 2923 3740 ons

892 3861 994 3908 niet
1016 3855 1095 3904 van
1119 3851 1223 3899 Bat.
1247 3853 1299 3898 a,
1322 3846 1477 3897 alwaer
1501 3840 1756 3889 voornemens
1780 3838 1857 3884 tit
1882 3833 2060 3882 hiervan
2085 3831 2137 3877 te
2160 3825 2416 3876 schrijven,
2441 3821 2543 3869 ende
2568 3819 2721 3866 aldaer
2745 3814 2875 3863 geen—

870 3978 1017 4032 macht
1045 3970 1335 4022 Mancqueren
1363 3964 1480 4014 omme
1507 3961 1566 4008 ul
1595 3957 1856 4006 Voornemen
1883 3953 1943 4000 en
1970 3949 2116 3997 wille
2143 3946 2203 3994 t'
2230 3937 2550 3990 executeren,
2577 3935 2666 3982 oft
2694 3935 2753 3981 't
2779 3927 2934 3980 sijde

868 4093 1094 4155 goederen
1120 4089 1232 4137 uijt
1257 4084 1315 4132 't
1341 4079 1480 4128 schip
1507 4078 1563 4123 te
1588 4069 1978 4123 Constringeren,
2004 4064 2116 4113 ofte
2142 4057 2448 4109 andersints,
2473 4052 2558 4101 Ick
2585 4049 2669 4097 kan
2696 4048 2862 4094 anders
2888 4049 2921 4097 —

877 4203 986 4252 niet
1012 4200 1174 4247 seggen
1200 4198 1282 4245 ter
1307 4195 1389 4242 tyt
1415 4193 1470 4239 d'
1494 4189 1738 4238 effecten,
1764 4186 1872 4233 ende
1898 4186 2060 4232 eijnde
2087 4184 2168 4231 van
2194 4181 2302 4227 dien
2327 4178 2435 4225 sich
2462 4174 2678 4223 verthoon
2704 4174 2902 4222 waervan
