3642 4883
1083 569 1415 621 novembr.
1453 568 1621 616 1645

1373 769 1466 814 ende
1488 768 1559 814 die
1581 766 1791 813 ontfangen
1814 762 1954 810 hebben
1977 761 2116 807 sullen
2139 761 2534 813 eenigeschenckagie
2557 768 2767 817 beneffens
2790 772 2861 819 ons
2882 775 3161 825 Volcqsenden,
3184 780 3277 826 alle
3301 781 3440 828 andere

1353 871 1540 925 saecken
1564 868 1644 916 sal
1670 866 1775 913 uE:n
1802 864 1986 911 Wengena
2011 862 2143 908 onsen
2169 863 2352 909 bramine
2378 864 2642 916 Vertellen,
2667 871 2720 916 op
2746 872 2825 918 dit
2851 873 2983 919 alles
3008 874 3088 921 wat
3113 876 3351 928 andtwoort

1361 980 1411 1027 uE
1431 973 1606 1024 belieft
1631 973 1679 1018 te
1704 969 1948 1018 schrijven,
1971 965 2046 1014 als
2070 963 2145 1009 wat
2168 965 2317 1011 dienst
2338 967 2437 1013 hier
2461 968 2510 1013 te
2534 968 2632 1014 doen
2657 969 2754 1014 hebf
2778 968 2926 1015 sullen
2949 971 3195 1018 verwachten

1243 1112 1357 1166 Aght
1381 1109 1411 1155 d
1436 1107 1465 1152 o
1492 1105 1601 1152 niet
1627 1104 1981 1152 remarcquabels
2007 1103 2366 1152 voorgevallen.

1207 1256 1288 1309 A22
1312 1253 1364 1299 d.
1389 1253 1416 1298 o
1441 1247 1725 1299 verschijndt
1748 1243 1904 1291 alhier
1930 1242 2007 1288 vel
2033 1242 2290 1287 onverwacht
2316 1242 2419 1288 ende
2444 1242 2626 1288 buijten
2651 1242 2884 1290 vermoeden
2908 1245 2960 1290 in
2985 1242 3280 1293 palliacatta

1357 1351 1439 1397 den
1465 1348 1711 1396 adsistent
1738 1346 1929 1393 Abraham
1956 1344 2038 1391 Van
2065 1343 2337 1389 Cavesteijn
2364 1344 2474 1389 uijt
2500 1345 2664 1393 velour
2691 1345 3045 1393 rapporterende
3072 1346 3154 1392 hoe
3181 1347 3263 1394 dat
3290 1347 3401 1395 door

1352 1457 1717 1508 d'gemachtichde
1742 1458 1820 1503 van
1846 1456 2053 1503 Chinanna
2079 1455 2416 1501 gevanckelijck
2442 1456 2520 1501 van
2546 1453 2780 1502 allenbuse
2805 1452 3039 1498 vervoerst
3065 1452 3300 1501 geworden,
3320 1454 3351 1502 —

1349 1570 1423 1616 den
1448 1566 1621 1616 arreecq
1645 1566 1720 1612 die
1743 1565 1819 1610 bij
1843 1562 1942 1611 sich
1966 1561 2090 1607 hadde
2114 1561 2337 1607 afgenomen
2360 1560 2460 1606 ende
2485 1561 2560 1607 hem
2583 1560 2855 1608 Clevesteijn
2879 1560 2955 1606 van
2978 1562 3103 1608 d'een
3127 1564 3275 1612 plaets

1348 1684 1448 1735 naer
1471 1682 1520 1728 d'
1543 1678 1665 1726 ander
1689 1678 1906 1724 vervoeret
1930 1675 2100 1722 hebben,
2123 1674 2390 1720 eijndelijck
2413 1675 2510 1721 half
2534 1676 2631 1721 wege
2654 1673 2800 1721 Delour
2823 1673 2993 1721 (alwaer
3017 1675 3067 1723 d'
3089 1676 3313 1724 engelsche

1340 1803 1421 1852 met
1446 1800 1551 1847 haer
1577 1795 1864 1845 schenckagie
1889 1792 2256 1839 rencontreerde)
2281 1794 2464 1840 gecomen
2490 1793 2569 1839 Es,
2594 1791 2699 1838 omme
2724 1789 2856 1835 alsoo
2882 1788 3039 1835 Voorts
3063 1788 3143 1834 ten
3168 1781 3274 1832 hove

1340 1918 1420 1967 bij
1444 1914 1524 1962 den
1549 1912 1733 1959 Coninck
1756 1911 1837 1958 van
1860 1906 2098 1956 Carnatica
2124 1906 2333 1953 gebraght
2358 1906 2411 1952 te
2437 1904 2620 1951 werden,
2645 1901 2881 1951 Iinwoegen
2906 1900 2959 1946 in
2985 1900 3220 1946 Compagnie
3245 1900 3328 1949 van

1336 2030 1389 2078 d'
1412 2026 1664 2075 Engelschen
1688 2025 1738 2070 en
1763 2022 1913 2069 velour
1938 2021 2114 2067 gecomen
2139 2022 2314 2067 sijnde,
2339 2022 2464 2068 heeft
2489 2021 2690 2068 Chinanna
2713 2018 2765 2065 d'
2788 2015 3040 2063 Engelschen
3064 2013 3140 2059 met
3165 2009 3266 2058 alle

1332 2135 1701 2191 eerbiedichetijt
1724 2136 1822 2181 ende
1846 2135 2090 2181 Courtoisie
2115 2136 2163 2181 op
2188 2136 2310 2182 haere
2334 2136 2529 2183 Coustume
2552 2135 2846 2183 Verwillecomt
2870 2135 2944 2181 Int
2967 2133 3041 2179 hof
3065 2126 3431 2177 g'agcompagneert

1332 2261 1428 2307 ende
1450 2258 1691 2306 naderhandt
1714 2255 1811 2302 sijn
1835 2254 1955 2300 mats.
1978 2254 2003 2299 s
2026 2254 2147 2300 haere
2170 2254 2314 2300 comste
2337 2254 2409 2300 als
2433 2255 2530 2302 oocq
2551 2255 2625 2302 die
2648 2255 2721 2301 van
2744 2255 2793 2301 d'
2816 2255 2912 2301 onse
2936 2255 3033 2302 doch
3055 2250 3368 2302 gevanckelijck

1323 2382 1500 2434 bekent,
1524 2380 1625 2426 ende
1648 2378 1724 2425 den
1749 2377 1923 2423 Coninck
1948 2377 2048 2423 Vele
2073 2377 2297 2424 valschend
2321 2378 2446 2424 Wegen
2471 2378 2522 2425 d'
2545 2380 2645 2426 onse
2670 2380 2770 2426 wijs
2794 2379 3019 2425 gemaeckt,
3042 2378 3168 2425 sulcx
3191 2374 3268 2423 soo
3291 2373 3319 2420 —

1316 2503 1489 2550 wanneer
1513 2503 1711 2549 gemelten
1735 2501 2032 2550 Clevesteijn,
2056 2505 2155 2550 over
2179 2503 2550 2551 d'onlijdelijcke
2574 2503 2821 2552 extorsien,
2846 2505 2945 2551 ende
2969 2502 3168 2550 gewelden
3190 2499 3266 2545 die
3290 2501 3317 2547 —

1325 2621 1614 2672 Chinannas.
1642 2621 1989 2668 gemachtichde
2016 2617 2075 2664 d'
2101 2617 2161 2667 E.
2189 2622 2449 2667 Compagnie
2477 2622 2564 2667 int
2593 2622 2708 2668 wegh
2736 2620 2882 2668 nemen
2909 2617 3083 2666 Vanden
3111 2612 3346 2661 arreecq—

1313 2741 1420 2790 ende
1445 2739 1498 2785 d'
1524 2738 1734 2784 trapalje
1760 2738 1839 2783 die
1865 2736 2153 2784 daerenboven
2179 2736 2258 2782 van
2284 2737 2388 2783 haer
2415 2738 2546 2786 heeft
2572 2741 2729 2787 moeten
2754 2738 3017 2785 uijtstaen,
3042 2736 3122 2782 het
3146 2732 3226 2779 Wes
3252 2731 3333 2777 tot

1316 2858 1717 2907 verandtwoordinge
1741 2855 1993 2903 Ingebraght
2017 2858 2167 2906 hadde,
2192 2860 2317 2906 soude
2343 2861 2493 2907 tselve
2518 2862 2568 2907 in
2593 2860 2843 2907 dierpougen
2868 2858 2969 2905 niet
2994 2852 3269 2903 aengenomen,
3293 2846 3395 2896 maer

1312 2984 1410 3032 door
1433 2981 1604 3029 maleije
1627 2981 1749 3027 alles
1771 2980 1990 3027 Contrarie
2014 2980 2207 3026 geduijdt
2231 2980 2426 3027 geworden
2449 2983 2570 3030 sijn,
2593 2983 2667 3029 als
2691 2982 2836 3028 sijnee
2859 2980 3174 3026 tegenwoordich
3198 2979 3349 3029 aldaer

1306 3099 1379 3146 bij
1402 3097 1475 3143 den
1499 3096 1667 3142 Coninck
1691 3096 1741 3142 in
1763 3098 1956 3144 aensien,
1979 3097 2076 3143 doch
2100 3097 2292 3143 weijnich
2316 3097 2461 3145 geaght
2483 3098 2556 3144 bij
2580 3095 2724 3143 andere
2748 3094 2941 3141 grooten,
2964 3092 3205 3140 kauserende
3228 3089 3349 3137 sulcx

1302 3213 1404 3260 niet
1429 3212 1581 3258 alleen
1606 3212 1707 3258 door
1732 3212 1833 3258 sijn
1858 3211 2111 3258 continuele
2135 3211 2389 3260 gepleechde
2414 3213 2691 3259 valscheden,
2717 3212 2818 3258 maer
2843 3211 2919 3257 ten
2944 3211 3222 3257 principaele
3245 3209 3329 3258 van

1281 3336 1360 3385 soo
1386 3333 1515 3380 lagen
1540 3330 1746 3378 afcomste
1770 3327 1875 3373 ende
1900 3326 2004 3372 maer
2029 3326 2107 3372 een
2132 3326 2286 3373 Chitij
2312 3328 2389 3374 Jo,
2415 3329 2596 3375 welcque
2621 3331 2852 3377 reputatie
2878 3331 2955 3377 soo
2981 3330 3110 3377 lange
3135 3329 3213 3375 Van
3237 3329 3264 3375 —

1296 3451 1519 3500 contanten
1543 3452 1839 3499 geprovideert
1862 3454 2060 3501 belijft,
2083 3452 2355 3501 eenichsints
2379 3453 2527 3501 gaende
2551 3453 2699 3499 houden
2723 3452 2823 3498 kan,
2846 3453 2945 3498 doch
2970 3453 2994 3498 d
3019 3453 3216 3501 sustenue
3240 3456 3314 3503 Van

1294 3585 1420 3633 velen
1444 3583 1521 3630 so,
1545 3581 1622 3628 syn
1645 3576 1798 3625 meeste
1823 3576 2050 3622 pennitgen
2075 3575 2403 3622 uijtgeschoten
2428 3576 2604 3623 bennen,
2629 3576 2680 3622 en
2704 3573 2831 3621 maert
2855 3571 2932 3618 Det
2956 3569 3083 3614 Ynich
3108 3569 3286 3620 overich
3309 3577 3386 3623 Is,

1285 3711 1340 3758 d'
1364 3701 1662 3754 schenckagie
1687 3698 1769 3746 die
1796 3698 1849 3743 d'
1876 3698 2144 3746 Engelschen
2171 3698 2252 3743 aen
2278 3697 2494 3743 Continck
2520 3696 2681 3742 gedaen
2708 3696 2869 3743 hebben
2895 3692 3084 3742 bestaet
3110 3692 3168 3742 In

1289 3826 1660 3876 naervolgende
1690 3820 2034 3870 Namentlijck

1299 3958 1325 4004 1
1350 3955 1504 4004 groote
1528 3950 1684 3999 swarte
1709 3947 1966 3995 ebbenhoute
1991 3949 2171 3995 spiegel
2195 3949 2273 3994 met
2299 3948 2453 3995 silver
2477 3942 2684 3992 beslagh.

1284 4065 1312 4111 5
1336 4058 1469 4109 goude
1495 4055 1731 4102 kettinghs

1293 4149 1384 4199 wat
1412 4142 1767 4193 roodelaecken

1251 4251 1281 4298 3
1305 4241 1553 4295 broeckade
1580 4238 1746 4286 rollen

1250 4328 1281 4374 3
1308 4324 1548 4374 dubbelde
1577 4320 1824 4370 damasten

2888 4482 2917 4528 1
2941 4476 3085 4527 groen

1256 4407 1286 4453 2
1314 4405 1543 4452 enckelde
1571 4403 1658 4450 do.
