<?xml version="1.0" encoding="UTF-8"?>
<PcGts xmlns="http://schema.primaresearch.org/PAGE/gts/pagecontent/2013-07-15">
  <Metadata externalRef="5c91d033-e0ff-47a7-91e1-6361e084da6a">
    <Creator>Laypa</Creator>
    <Created>2023-09-08T02:22:20</Created>
    <LastChange>2023-09-08T03:38:17</LastChange>
    <Comment>license: CC0</Comment>
    <MetadataItem type="processingStep" name="layout-analysis" value="laypa">
      <Labels>
        <Label value="228a7d24385cff0e51687c00d0e65a2c2a9703d5" type="githash"/>
        <Label value="61334eb4-edff-4af5-b036-b5927f35bbcf" type="uuid"/>
        <Label value="https://hdl.handle.net/10622/VMSCBR" type="laypamodelremote"/>
      </Labels>
    </MetadataItem>
    <MetadataItem type="processingStep" name="region-analysis" value="laypa">
      <Labels>
        <Label value="0a3442b4-835c-44bc-9115-3fd08263a5dc" type="uuid"/>
        <Label value="https://hdl.handle.net/10622/DMAS2T" type="laypamodelremote"/>
      </Labels>
    </MetadataItem>
    <MetadataItem type="processingStep" name="htr" value="loghi-htr">
      <Labels>
        <Label value="9efb3e0ff4338dc6e07d110ac4d435f27f5b0e16&#10;" type="githash"/>
        <Label value="3a9bdaa3-493c-483e-bbb2-f51961b8e5a0" type="uuid"/>
        <Label value="64" type="batch_size"/>
        <Label value="https://hdl.handle.net/10622/X2JZYY" type="loghihtrmodelremote"/>
      </Labels>
    </MetadataItem>
    <MetadataItem type="processingStep" name="word-splitting" value="loghi-htr-tooling"/>
    <MetadataItem type="other" name="dataset" value="https://hdl.handle.net/10622/LVXSBW">
      <Labels>
        <Label value="VOC transcriptions v2 - GLOBALISE" type="name"/>
        <Label value="Dataset in pagexml and txt format, including data card." type="description"/>
        <Label value="https://globalise.huygens.knaw.nl/" type="creator"/>
        <Label value="https://hdl.handle.net/10622/LVXSBW" type="url"/>
      </Labels>
    </MetadataItem>
  </Metadata>
  <Page imageFilename="NL-HaNA_1.04.02_1161_0686.jpg" imageWidth="3642" imageHeight="4828">
    <ReadingOrder>
      <OrderedGroup id="orderedgroup_21f247da-e393-4053-82f4-d0eb96d20fdc">
        <RegionRefIndexed index="0" regionRef="region_55ae87d6-fa67-42a0-9b04-96a30d46c075_3"/>
        <RegionRefIndexed index="1" regionRef="region_d77718d4-e3f3-4c7a-af78-e4c29c352d74_2"/>
        <RegionRefIndexed index="2" regionRef="region_d59d5fde-ff28-4942-b652-acef863084ce_1"/>
      </OrderedGroup>
    </ReadingOrder>
    <TextRegion id="region_55ae87d6-fa67-42a0-9b04-96a30d46c075_3" custom="structure {type:header;}">
      <Coords points="1618,487 1615,484 1615,480 1611,477 1611,473 1608,473 1604,470 1600,470 1597,466 1593,466 1586,459 1579,459 1576,455 1565,455 1561,452 1536,452 1533,448 1465,448 1462,452 1394,452 1391,455 1355,455 1352,459 1316,459 1312,463 1280,463 1277,466 1142,466 1138,470 1131,470 1127,473 1117,473 1113,477 1110,477 1103,484 1099,484 1081,502 1081,505 1078,509 1078,512 1071,519 1071,523 1067,527 1067,530 1063,534 1063,541 1060,544 1060,562 1067,569 1067,573 1085,591 1117,591 1120,587 1124,587 1127,583 1174,583 1177,580 1206,580 1209,583 1216,583 1220,580 1248,580 1252,583 1398,583 1401,580 1526,580 1529,576 1540,576 1544,573 1561,573 1565,569 1576,569 1579,566 1583,566 1604,544 1604,537 1608,534 1608,530 1611,527 1611,523 1615,519 1615,512 1618,509"/>
      <TextLine id="line_00845c33-febc-4286-9a7e-939903067b44">
        <Coords points="1032,415 1245,423 1309,484 1405,484 1425,475 1584,475 1608,494 1649,494 1649,566 1630,572 1500,572 1321,588 1281,619 1225,639 1178,647 1062,647 1050,659 1032,650"/>
        <Baseline points="1067,555 1117,553 1167,552 1217,550 1267,549 1317,546 1367,545 1417,544 1467,542 1517,544 1567,545 1615,549"/>
        <Word id="word_18cc3850-a4c4-48ec-bcbe-9ddd13bc5829">
          <Coords points="1066,520 1116,518 1166,517 1216,515 1266,514 1315,511 1366,510 1386,510 1387,555 1367,555 1318,556 1267,559 1217,560 1167,562 1117,563 1067,565"/>
          <TextEquiv>
            <Unicode>January</Unicode>
          </TextEquiv>
        </Word>
        <Word id="word_a753c95c-4b9c-4edd-9e57-ba437c258520">
          <Coords points="1431,509 1465,507 1518,509 1568,510 1618,514 1614,559 1567,555 1517,554 1467,552 1433,554"/>
          <TextEquiv>
            <Unicode>1646</Unicode>
          </TextEquiv>
        </Word>
        <TextEquiv conf="0.8787778377655264">
          <Unicode>January 1646</Unicode>
        </TextEquiv>
        <TextStyle xHeight="44"/>
      </TextLine>
    </TextRegion>
    <TextRegion id="region_d77718d4-e3f3-4c7a-af78-e4c29c352d74_2" custom="structure {type:paragraph;}">
      <Coords points="3450,868 3450,822 3439,790 3439,768 3443,765 3450,719 3443,701 3414,672 3404,669 3297,669 3293,672 3222,672 3219,676 2788,676 2785,680 2660,680 2657,683 1953,687 1949,690 1832,690 1828,694 1604,694 1600,690 1568,690 1565,687 1465,687 1462,683 1423,687 1419,683 1391,683 1387,687 1341,687 1316,697 1305,708 1284,744 1291,758 1305,772 1312,790 1323,801 1323,840 1330,854 1330,904 1341,914 1344,932 1355,943 1362,957 1366,975 1373,986 1373,996 1384,1014 1384,1032 1398,1053 1419,1064 1458,1064 1476,1057 1576,1050 1579,1046 1593,1046 1597,1050 1604,1046 1622,1046 1625,1050 1689,1050 1693,1053 1825,1053 1871,1035 1889,1014 1896,989 1910,975 1931,968 1974,964 1977,961 2276,957 2280,961 2344,961 2347,964 2440,961 2443,964 2547,968 2550,964 2611,964 2614,961 2796,961 2799,957 3397,954 3411,946 3432,918 3439,900 3439,886"/>
      <TextLine id="c5e374c2-582d-4d32-815c-fa202fb25f08">
        <Coords points="1118,645 1619,640 1695,644 1727,656 2338,660 2354,676 2446,676 2506,685 2922,676 3006,680 3026,700 3053,709 3121,657 3213,657 3221,649 3269,648 3309,688 3426,690 3426,761 3390,764 3213,764 3125,772 2770,771 2734,788 2678,788 2626,779 2542,784 2518,763 2023,760 1999,780 1440,784 1384,840 1372,840 1340,868 1224,819 1188,819 1160,807 1118,808"/>
        <Baseline points="1153,763 1203,762 1253,764 1303,759 1353,763 1403,762 1453,758 1503,755 1553,754 1603,755 1653,755 1703,753 1753,752 1803,752 1853,752 1903,751 1953,750 2003,750 2053,751 2103,750 2153,750 2203,750 2253,749 2303,749 2353,749 2403,749 2453,748 2503,748 2553,747 2603,746 2653,746 2703,746 2753,746 2803,746 2853,747 2903,748 2953,749 3003,748 3053,748 3103,748 3153,748 3203,748 3253,747 3303,745 3353,742 3392,744"/>
        <Word id="word_5a980b13-3eb3-487f-92cb-a30fb885702d">
          <Coords points="1152,728 1202,727 1254,729 1289,725 1294,770 1253,774 1203,772 1153,773"/>
          <TextEquiv>
            <Unicode>Mede</Unicode>
          </TextEquiv>
        </Word>
        <Word id="word_53a1b111-560a-4860-a7d0-5163b3c4ca05">
          <Coords points="1336,723 1362,729 1396,727 1397,772 1351,773 1325,766"/>
          <TextEquiv>
            <Unicode>d'</Unicode>
          </TextEquiv>
        </Word>
        <Word id="word_be005df0-b00d-438d-9c40-29ec7da01efd">
          <Coords points="1426,727 1447,723 1501,720 1552,719 1604,720 1641,720 1641,765 1603,765 1553,764 1504,765 1455,768 1433,771"/>
          <TextEquiv>
            <Unicode>mooren</Unicode>
          </TextEquiv>
        </Word>
        <Word id="word_2f5b078b-2009-47fb-9dd7-a1cf34c598ba">
          <Coords points="1674,720 1700,718 1752,717 1803,717 1853,717 1902,716 1921,716 1922,761 1903,761 1853,762 1803,762 1753,762 1704,763 1677,765"/>
          <TextEquiv>
            <Unicode>volgens</Unicode>
          </TextEquiv>
        </Word>
        <Word id="word_9039ebe8-4848-42d0-8859-26a1ef0c64f9">
          <Coords points="1956,715 2003,715 2027,715 2026,760 2003,760 1956,760"/>
          <TextEquiv>
            <Unicode>d'</Unicode>
          </TextEquiv>
        </Word>
        <Word id="word_80881adb-7b14-41d7-8811-cdab2b28c3b4">
          <Coords points="2060,716 2102,715 2153,715 2203,715 2252,714 2271,714 2271,759 2253,759 2203,760 2153,760 2103,760 2062,761"/>
          <TextEquiv>
            <Unicode>Westen</Unicode>
          </TextEquiv>
        </Word>
        <Word id="word_b5e3dc5e-de06-456a-a30f-afe9d3e223f0">
          <Coords points="2306,714 2353,714 2376,714 2376,759 2353,759 2306,759"/>
          <TextEquiv>
            <Unicode>en</Unicode>
          </TextEquiv>
        </Word>
        <Word id="word_9f24a726-e0f9-4760-a9cd-3133a2697161">
          <Coords points="2410,714 2452,713 2503,713 2552,712 2586,711 2586,756 2553,757 2503,758 2453,758 2412,759"/>
          <TextEquiv>
            <Unicode>mogen</Unicode>
          </TextEquiv>
        </Word>
        <Word id="word_c84d0fb6-1c72-4f16-aced-57517a9ae15e">
          <Coords points="2622,711 2653,711 2703,711 2753,711 2761,711 2761,756 2753,756 2703,756 2653,756 2621,756"/>
          <TextEquiv>
            <Unicode>byde</Unicode>
          </TextEquiv>
        </Word>
        <Word id="word_d4190c5b-516d-4c46-8bac-8531b98ef347">
          <Coords points="2796,711 2803,711 2854,712 2867,712 2866,757 2853,757 2803,756 2796,756"/>
          <TextEquiv>
            <Unicode>Pr</Unicode>
          </TextEquiv>
        </Word>
        <Word id="word_f7c6283f-4139-4229-95b9-b0336c904db9">
          <Coords points="2902,713 2904,713 2954,714 3002,713 3053,713 3103,713 3153,713 3203,713 3216,713 3216,758 3203,758 3153,758 3103,758 3053,758 3003,758 2953,759 2903,758 2901,758"/>
          <TextEquiv>
            <Unicode>sentieven</Unicode>
          </TextEquiv>
        </Word>
        <Word id="word_93a5427e-fae1-4fd9-b966-9c9251881292">
          <Coords points="3251,712 3252,712 3302,710 3319,709 3322,754 3303,755 3253,757 3251,757"/>
          <TextEquiv>
            <Unicode>In</Unicode>
          </TextEquiv>
        </Word>
        <Word id="word_17b46bff-76a6-4201-8c4e-48700ea1fb18">
          <Coords points="3358,707 3393,709 3390,754 3355,752"/>
          <TextEquiv>
            <Unicode>—</Unicode>
          </TextEquiv>
        </Word>
        <TextEquiv conf="0.7786380506492019">
          <Unicode>Mede d' mooren volgens d' Westen en mogen byde Pr sentieven In —</Unicode>
        </TextEquiv>
        <TextStyle xHeight="46"/>
      </TextLine>
      <TextLine id="line_66157347-cab8-418b-9abd-1ce3e72e7110">
        <Coords points="1336,866 1370,843 1382,843 1442,783 2001,779 2021,760 2229,759 2518,763 2525,770 2585,770 2597,782 2677,787 2737,787 2769,770 3437,777 3437,849 3120,852 3076,879 2761,871 2734,848 2373,856 2341,887 2301,899 2281,898 2253,882 2089,882 2077,870 1937,879 1914,860 1774,860 1754,879 1718,883 1710,891 1550,891 1518,878 1378,887 1336,867"/>
        <Baseline points="1371,862 1421,857 1471,854 1521,854 1571,853 1621,852 1671,851 1721,851 1771,851 1821,852 1871,851 1921,849 1971,847 2021,847 2071,847 2121,846 2171,845 2221,844 2271,843 2321,843 2371,844 2421,843 2471,843 2521,843 2571,842 2621,841 2671,841 2721,839 2771,839 2821,838 2871,838 2921,837 2971,837 3021,836 3071,836 3121,836 3171,835 3221,834 3271,833 3321,831 3371,830 3403,832"/>
        <Word id="word_fb08d4e4-8b13-41ea-bddb-047e30fbfb8d">
          <Coords points="1368,827 1418,822 1469,819 1472,819 1472,864 1472,864 1422,867 1372,872"/>
          <TextEquiv>
            <Unicode>geen</Unicode>
          </TextEquiv>
        </Word>
        <Word id="word_5e8cd25a-f25f-49e1-998b-c51e805938fc">
          <Coords points="1498,819 1521,819 1570,818 1620,817 1670,816 1676,816 1676,861 1671,861 1621,862 1571,863 1521,864 1498,864"/>
          <TextEquiv>
            <Unicode>aensien</Unicode>
          </TextEquiv>
        </Word>
        <Word id="word_5af62f9d-6f5a-4c13-84bd-cceb78d30238">
          <Coords points="1701,816 1721,816 1771,816 1822,817 1870,816 1903,815 1905,860 1871,861 1821,862 1771,861 1721,861 1701,861"/>
          <TextEquiv>
            <Unicode>gehouden</Unicode>
          </TextEquiv>
        </Word>
        <Word id="word_fe0d6a05-0228-41a9-8f22-de676c4203c8">
          <Coords points="1928,814 1970,812 2021,812 2071,812 2081,812 2082,857 2071,857 2021,857 1971,857 1930,859"/>
          <TextEquiv>
            <Unicode>wesen,</Unicode>
          </TextEquiv>
        </Word>
        <Word id="word_a37e1131-f9a8-4fe5-944f-960b4d033407">
          <Coords points="2107,811 2120,811 2170,810 2220,809 2259,808 2260,853 2221,854 2171,855 2121,856 2108,856"/>
          <TextEquiv>
            <Unicode>echter</Unicode>
          </TextEquiv>
        </Word>
        <Word id="word_e5e9f732-96c2-44d9-999a-4b03bf6e50e6">
          <Coords points="2286,808 2321,808 2337,808 2336,853 2321,853 2285,853"/>
          <TextEquiv>
            <Unicode>en</Unicode>
          </TextEquiv>
        </Word>
        <Word id="word_489fc798-4c2d-4bf3-bb76-07cd76208dce">
          <Coords points="2362,809 2372,809 2420,808 2471,808 2488,808 2488,853 2471,853 2421,853 2371,854 2361,854"/>
          <TextEquiv>
            <Unicode>houdt</Unicode>
          </TextEquiv>
        </Word>
        <Word id="word_d5d02355-f386-4243-bc30-3269dc45288d">
          <Coords points="2514,808 2521,808 2570,807 2620,806 2641,806 2641,851 2621,851 2571,852 2521,853 2514,853"/>
          <TextEquiv>
            <Unicode>desen</Unicode>
          </TextEquiv>
        </Word>
        <Word id="word_38aa5d0b-ee03-4f5d-93c0-f3d7a154ae75">
          <Coords points="2666,806 2671,806 2720,804 2771,804 2820,803 2844,803 2844,848 2821,848 2771,849 2721,849 2671,851 2666,851"/>
          <TextEquiv>
            <Unicode>Coninck</Unicode>
          </TextEquiv>
        </Word>
        <Word id="word_993d3089-f25d-4b68-8d38-134c4723c90e">
          <Coords points="2870,803 2871,803 2920,802 2970,802 2971,802 2971,847 2971,847 2921,847 2871,848 2870,848"/>
          <TextEquiv>
            <Unicode>niet</Unicode>
          </TextEquiv>
        </Word>
        <Word id="word_aafa322b-4013-4694-9036-256ecda7a988">
          <Coords points="2996,801 3020,801 3071,801 3121,801 3170,800 3220,799 3270,798 3275,798 3276,843 3271,843 3221,844 3171,845 3121,846 3071,846 3021,846 2997,846"/>
          <TextEquiv>
            <Unicode>alleenlijck</Unicode>
          </TextEquiv>
        </Word>
        <Word id="word_f2622ef6-524c-46c7-812b-32b4c5fb6c49">
          <Coords points="3300,797 3320,796 3370,795 3405,797 3402,842 3371,840 3321,841 3302,842"/>
          <TextEquiv>
            <Unicode>daer</Unicode>
          </TextEquiv>
        </Word>
        <TextEquiv conf="0.9300409865205229">
          <Unicode>geen aensien gehouden wesen, echter en houdt desen Coninck niet alleenlijck daer</Unicode>
        </TextEquiv>
        <TextStyle xHeight="36"/>
      </TextLine>
      <TextLine id="ac99add6-a2d3-47d0-a648-8b54e0d4b2b2">
        <Coords points="1363,880 1709,889 1717,881 1745,881 1773,861 1913,857 1932,876 2004,876 2036,896 2077,896 2092,884 2268,884 2280,896 2320,897 2372,860 2636,861 2644,853 2680,849 2733,849 2760,873 2836,868 2844,876 3075,881 3091,865 3111,860 3267,860 3283,875 3432,875 3432,947 3195,947 3171,965 2780,965 2760,981 2556,981 2536,1001 1801,1004 1749,1000 1741,992 1545,992 1529,984 1363,989"/>
        <Baseline points="1398,946 1448,949 1498,946 1548,946 1598,946 1648,944 1698,942 1748,942 1798,942 1848,941 1898,940 1948,939 1998,937 2048,936 2098,936 2148,935 2198,936 2248,936 2298,935 2348,934 2398,933 2448,933 2498,933 2548,933 2598,933 2648,933 2698,933 2748,932 2798,931 2848,932 2898,932 2948,932 2998,931 3048,931 3098,931 3148,929 3198,929 3248,928 3298,927 3348,927 3398,930"/>
        <Word id="word_368e5f5e-7438-4183-b4f8-29389b0d6f34">
          <Coords points="1400,911 1450,914 1496,911 1512,911 1512,956 1499,956 1447,959 1397,956"/>
          <TextEquiv>
            <Unicode>veel</Unicode>
          </TextEquiv>
        </Word>
        <Word id="word_6af31403-f73c-472d-9767-484905e52a96">
          <Coords points="1541,911 1548,911 1598,911 1625,910 1627,955 1598,956 1548,956 1541,956"/>
          <TextEquiv>
            <Unicode>van</Unicode>
          </TextEquiv>
        </Word>
        <Word id="word_953f36d2-93ba-45b8-a838-c3c5d582b5dc">
          <Coords points="1654,909 1697,907 1748,907 1798,907 1847,906 1897,905 1940,904 1941,949 1898,950 1848,951 1798,952 1748,952 1698,952 1655,954"/>
          <TextEquiv>
            <Unicode>maersteldt</Unicode>
          </TextEquiv>
        </Word>
        <Word id="word_71ad0500-7ae9-4dd6-ab2c-fe2343b219dd">
          <Coords points="1967,904 1996,902 2047,901 2098,901 2147,900 2170,900 2169,945 2148,945 2098,946 2048,946 1999,947 1970,949"/>
          <TextEquiv>
            <Unicode>deselve</Unicode>
          </TextEquiv>
        </Word>
        <Word id="word_f92d2bd0-ed19-4352-8308-184f3be2296d">
          <Coords points="2199,901 2199,901 2248,901 2297,900 2311,900 2312,945 2298,945 2248,946 2198,946 2198,946"/>
          <TextEquiv>
            <Unicode>Inde</Unicode>
          </TextEquiv>
        </Word>
        <Word id="word_b32246a4-7c02-496a-b83d-7850786cc4d7">
          <Coords points="2340,899 2347,899 2397,898 2448,898 2498,898 2548,898 2598,898 2648,898 2698,898 2712,898 2712,943 2698,943 2648,943 2598,943 2548,943 2498,943 2448,943 2398,943 2348,944 2341,944"/>
          <TextEquiv>
            <Unicode>principaelste</Unicode>
          </TextEquiv>
        </Word>
        <Word id="word_2b543a66-09e1-4102-93d0-6527a226d1d6">
          <Coords points="2740,897 2747,897 2797,896 2849,897 2898,897 2948,897 2997,896 2998,896 2998,941 2998,941 2948,942 2898,942 2848,942 2798,941 2748,942 2741,942"/>
          <TextEquiv>
            <Unicode>gouvernos</Unicode>
          </TextEquiv>
        </Word>
        <Word id="word_f61e7b0a-14ad-494c-ac21-b08e1b99a3bb">
          <Coords points="3027,896 3048,896 3098,896 3111,895 3113,940 3098,941 3048,941 3027,941"/>
          <TextEquiv>
            <Unicode>Int</Unicode>
          </TextEquiv>
        </Word>
        <Word id="word_22a4ee86-292c-4dea-8a09-6ad792e45b0a">
          <Coords points="3139,894 3147,894 3198,894 3247,893 3297,892 3348,892 3400,895 3397,940 3348,937 3298,937 3248,938 3198,939 3148,939 3141,939"/>
          <TextEquiv>
            <Unicode>regiement</Unicode>
          </TextEquiv>
        </Word>
        <TextEquiv conf="0.9280355491424144">
          <Unicode>veel van maersteldt deselve Inde principaelste gouvernos Int regiement</Unicode>
        </TextEquiv>
        <TextStyle xHeight="40"/>
      </TextLine>
      <TextLine id="d4441264-e3e4-4ea0-b9a7-4b3e9b58cb79">
        <Coords points="1339,970 1988,978 1988,1050 1887,1043 1800,1047 1772,1063 1588,1063 1564,1087 1536,1087 1485,1070 1369,1071 1361,1079 1339,1079"/>
        <Baseline points="1374,1059 1424,1053 1474,1050 1524,1049 1574,1046 1624,1044 1674,1042 1724,1041 1774,1041 1824,1040 1874,1037 1924,1034 1954,1033"/>
        <Word id="word_23eb8437-1021-4097-8f42-91130d6882a4">
          <Coords points="1370,1024 1420,1018 1472,1015 1478,1015 1479,1060 1475,1060 1425,1063 1375,1069"/>
          <TextEquiv>
            <Unicode>over</Unicode>
          </TextEquiv>
        </Word>
        <Word id="word_13948a44-8616-4161-8850-be965a317a85">
          <Coords points="1505,1014 1523,1014 1556,1012 1559,1057 1524,1059 1506,1059"/>
          <TextEquiv>
            <Unicode>d'</Unicode>
          </TextEquiv>
        </Word>
        <Word id="word_5c7ef5d4-9017-44a4-a873-7d0474e24835">
          <Coords points="1583,1010 1623,1009 1662,1007 1664,1052 1624,1054 1585,1055"/>
          <TextEquiv>
            <Unicode>s.r</Unicode>
          </TextEquiv>
        </Word>
        <Word id="word_b41903d7-2b72-47c3-8ecf-0b45961b3e5a">
          <Coords points="1690,1006 1724,1006 1774,1006 1823,1005 1872,1002 1922,999 1953,998 1954,1043 1925,1044 1875,1047 1824,1050 1774,1051 1724,1051 1690,1051"/>
          <TextEquiv>
            <Unicode>sentieven.</Unicode>
          </TextEquiv>
        </Word>
        <TextEquiv conf="0.775865888353724">
          <Unicode>over d' s.r sentieven.</Unicode>
        </TextEquiv>
        <TextStyle xHeight="34"/>
      </TextLine>
    </TextRegion>
    <TextRegion id="region_d59d5fde-ff28-4942-b652-acef863084ce_1" custom="structure {type:paragraph;}">
      <Coords points="1323,1174 1273,1227 1273,1249 1327,1281 1344,1309 1341,1612 1355,1782 1344,2487 1334,2636 1337,3149 1295,3622 1312,3750 1309,3835 1327,3931 1295,4088 1305,4134 1295,4191 1302,4216 1337,4241 1384,4248 2298,4237 2564,4259 2739,4252 2991,4259 3226,4237 3315,4209 3357,4166 3361,4070 3375,4035 3372,4006 3340,3971 3205,3960 3116,3971 2696,3971 2330,3953 2248,3931 2454,3907 2483,3889 2511,3832 2571,3814 2867,3800 3133,3810 3340,3800 3379,3786 3393,3761 3393,3490 3407,3366 3397,3170 3407,3010 3400,2939 3429,2683 3418,2128 3432,1960 3421,1551 3450,1281 3443,1167 3432,1142 3404,1117 2810,1114 2660,1128 1935,1128 1871,1117 1718,1114 1590,1131 1384,1142"/>
      <TextLine id="line_59793f1d-5744-4823-8379-d2bbdf4afe3a">
        <Coords points="1226,1076 1496,1071 1536,1088 1564,1088 1576,1079 2132,1087 2176,1091 2192,1103 2208,1088 2407,1088 2416,1079 2891,1083 2911,1096 3011,1095 3035,1111 3455,1111 3470,1126 3496,1117 3496,1189 3459,1214 3319,1211 3295,1195 3131,1195 3112,1180 2983,1180 2931,1184 2923,1192 2767,1192 2719,1235 2704,1239 2635,1219 2491,1219 2459,1228 2320,1228 2284,1250 2268,1235 2180,1235 2152,1211 1436,1211 1384,1239 1312,1243 1280,1267 1226,1271"/>
        <Baseline points="1261,1199 1311,1193 1361,1191 1411,1194 1461,1194 1511,1193 1561,1192 1611,1190 1661,1188 1711,1188 1761,1188 1811,1187 1861,1187 1911,1185 1961,1185 2011,1184 2061,1182 2111,1183 2161,1182 2211,1181 2261,1182 2311,1181 2361,1180 2411,1179 2461,1179 2511,1179 2561,1178 2611,1179 2661,1178 2711,1178 2761,1178 2811,1177 2861,1175 2911,1174 2961,1173 3011,1173 3061,1172 3111,1172 3161,1171 3211,1171 3261,1169 3311,1167 3361,1167 3411,1166 3461,1171 3462,1172"/>
        <Word id="word_30c6b3d0-f5aa-4470-bfa0-a27ec8d3418a">
          <Coords points="1257,1164 1307,1158 1360,1156 1413,1159 1461,1159 1493,1158 1494,1203 1461,1204 1410,1204 1361,1201 1312,1203 1262,1209"/>
          <TextEquiv>
            <Unicode>Buijten</Unicode>
          </TextEquiv>
        </Word>
        <Word id="word_e809d3f0-c150-470e-8d6f-2bbc379b46f6">
          <Coords points="1527,1158 1560,1157 1610,1155 1660,1153 1694,1153 1694,1198 1661,1198 1611,1200 1561,1202 1528,1203"/>
          <TextEquiv>
            <Unicode>desen</Unicode>
          </TextEquiv>
        </Word>
        <Word id="word_b6bc4cd1-0a1c-4148-88fe-fef1c514585c">
          <Coords points="1728,1153 1761,1153 1810,1152 1861,1152 1893,1151 1895,1196 1861,1197 1811,1197 1761,1198 1728,1198"/>
          <TextEquiv>
            <Unicode>Inden</Unicode>
          </TextEquiv>
        </Word>
        <Word id="word_e6c44a12-d23a-4bfe-ac27-62c7a1d86ba0">
          <Coords points="1929,1149 1962,1150 2010,1149 2060,1147 2062,1147 2061,1192 2061,1192 2011,1194 1961,1195 1928,1194"/>
          <TextEquiv>
            <Unicode>tijt</Unicode>
          </TextEquiv>
        </Word>
        <Word id="word_134f6a08-69ae-40a1-a822-928aac10eed7">
          <Coords points="2095,1148 2112,1148 2160,1147 2210,1146 2229,1146 2228,1191 2211,1191 2161,1192 2111,1193 2094,1193"/>
          <TextEquiv>
            <Unicode>doen</Unicode>
          </TextEquiv>
        </Word>
        <Word id="word_149a9c28-c286-4a8a-a4dd-f958ecde7a82">
          <Coords points="2261,1147 2310,1146 2360,1145 2394,1144 2395,1189 2361,1190 2311,1191 2262,1192"/>
          <TextEquiv>
            <Unicode>noch</Unicode>
          </TextEquiv>
        </Word>
        <Word id="word_e6ecf00d-a9fe-40e1-83a2-a929bf333e58">
          <Coords points="2429,1144 2461,1144 2495,1144 2495,1189 2461,1189 2428,1189"/>
          <TextEquiv>
            <Unicode>in</Unicode>
          </TextEquiv>
        </Word>
        <Word id="word_f9fa83a8-78d7-4869-b876-7fc6df8462ed">
          <Coords points="2527,1144 2560,1143 2612,1144 2660,1143 2662,1143 2662,1188 2661,1188 2611,1189 2561,1188 2529,1189"/>
          <TextEquiv>
            <Unicode>sijn</Unicode>
          </TextEquiv>
        </Word>
        <Word id="word_f8d9ce60-d051-4bf7-a7e7-682439112086">
          <Coords points="2695,1143 2711,1143 2761,1143 2810,1142 2860,1140 2895,1139 2896,1184 2861,1185 2811,1187 2761,1188 2711,1188 2695,1188"/>
          <TextEquiv>
            <Unicode>staedt</Unicode>
          </TextEquiv>
        </Word>
        <Word id="word_a1b9a358-a941-4ecd-9be9-ba41bb33143e">
          <Coords points="2928,1139 2960,1138 3011,1138 3060,1137 3062,1137 3062,1182 3061,1182 3011,1183 2961,1183 2929,1184"/>
          <TextEquiv>
            <Unicode>niet</Unicode>
          </TextEquiv>
        </Word>
        <Word id="word_f3cc57b2-4014-44d6-bcc7-cd61859bd03f">
          <Coords points="3096,1137 3111,1137 3160,1136 3211,1136 3260,1134 3310,1132 3361,1132 3410,1131 3464,1136 3487,1147 3460,1181 3455,1179 3411,1176 3361,1177 3311,1177 3261,1179 3211,1181 3161,1181 3111,1182 3096,1182"/>
          <TextEquiv>
            <Unicode>verseeckert</Unicode>
          </TextEquiv>
        </Word>
        <TextEquiv conf="0.8965285465071747">
          <Unicode>Buijten desen Inden tijt doen noch in sijn staedt niet verseeckert</Unicode>
        </TextEquiv>
        <TextStyle xHeight="48"/>
      </TextLine>
      <TextLine id="line_9dc31c6c-006d-4a5e-93c7-5cfce6233134">
        <Coords points="1343,1245 1385,1241 1437,1208 2120,1217 2148,1204 2292,1204 2320,1208 2340,1228 2659,1220 2675,1236 2699,1237 2735,1229 2759,1205 3307,1201 3330,1220 3446,1225 3467,1216 3467,1288 3458,1286 3446,1298 3322,1298 3298,1321 2955,1316 2912,1282 2875,1285 2863,1294 2336,1294 2304,1325 2180,1329 2048,1328 2008,1312 1980,1312 1965,1297 1888,1298 1876,1309 1744,1313 1343,1308"/>
        <Baseline points="1378,1300 1428,1295 1478,1294 1528,1292 1578,1289 1628,1287 1678,1286 1728,1285 1778,1284 1828,1283 1878,1283 1928,1282 1978,1280 2028,1278 2078,1278 2128,1277 2178,1277 2228,1277 2278,1276 2328,1275 2378,1276 2428,1275 2478,1274 2528,1274 2578,1274 2628,1273 2678,1274 2728,1274 2778,1273 2828,1273 2878,1274 2928,1273 2978,1273 3028,1272 3078,1271 3128,1270 3178,1270 3228,1269 3278,1268 3328,1268 3378,1269 3428,1268 3433,1271"/>
        <Word id="word_08885a5b-6c6c-4e4f-af50-81c4670d2727">
          <Coords points="1375,1265 1425,1260 1463,1259 1464,1304 1429,1305 1379,1310"/>
          <TextEquiv>
            <Unicode>was</Unicode>
          </TextEquiv>
        </Word>
        <Word id="word_815c393f-c906-446e-b4d2-9b2002f9c1dd">
          <Coords points="1490,1259 1526,1257 1547,1256 1550,1301 1528,1302 1492,1304"/>
          <TextEquiv>
            <Unicode>Io</Unicode>
          </TextEquiv>
        </Word>
        <Word id="word_71e800af-4b54-4eca-a946-2b413f271083">
          <Coords points="1575,1254 1576,1254 1627,1252 1677,1251 1727,1250 1777,1249 1778,1294 1728,1295 1678,1296 1628,1297 1579,1299 1578,1299"/>
          <TextEquiv>
            <Unicode>willego</Unicode>
          </TextEquiv>
        </Word>
        <Word id="word_a59754f8-f555-4cf7-8984-fa6d97e3c262">
          <Coords points="1805,1248 1827,1248 1878,1248 1891,1248 1892,1293 1878,1293 1828,1293 1806,1293"/>
          <TextEquiv>
            <Unicode>tij</Unicode>
          </TextEquiv>
        </Word>
        <Word id="word_74c460da-d914-438a-baf8-369e372f53df">
          <Coords points="1920,1247 1927,1247 1977,1245 2027,1243 2078,1243 2091,1243 2092,1288 2078,1288 2028,1288 1978,1290 1928,1292 1920,1292"/>
          <TextEquiv>
            <Unicode>wencke</Unicode>
          </TextEquiv>
        </Word>
        <Word id="word_7a1c3132-495d-49aa-a67e-cbc63afe8cb0">
          <Coords points="2119,1242 2127,1242 2178,1242 2228,1242 2277,1241 2327,1240 2379,1241 2427,1240 2434,1240 2434,1285 2428,1285 2378,1286 2328,1285 2278,1286 2228,1287 2178,1287 2128,1287 2120,1287"/>
          <TextEquiv>
            <Unicode>tapeneijcke</Unicode>
          </TextEquiv>
        </Word>
        <Word id="word_fdf733d2-43f1-40c1-b34e-ce1e1d024717">
          <Coords points="2462,1239 2477,1239 2528,1239 2548,1239 2548,1284 2528,1284 2478,1284 2463,1284"/>
          <TextEquiv>
            <Unicode>met</Unicode>
          </TextEquiv>
        </Word>
        <Word id="word_2df95b9a-683d-4766-a3fa-1c6c8102e009">
          <Coords points="2577,1239 2578,1239 2627,1238 2663,1239 2663,1284 2628,1283 2578,1284 2577,1284"/>
          <TextEquiv>
            <Unicode>20l</Unicode>
          </TextEquiv>
        </Word>
        <Word id="word_02d7ad61-13ce-458b-8607-c895a4f92153">
          <Coords points="2691,1239 2728,1239 2777,1238 2828,1238 2863,1239 2862,1284 2828,1283 2778,1283 2728,1284 2691,1284"/>
          <TextEquiv>
            <Unicode>mannen</Unicode>
          </TextEquiv>
        </Word>
        <Word id="word_4f5745f6-d0f0-4ce3-a310-7e5acc680b11">
          <Coords points="2890,1239 2927,1238 2948,1238 2948,1283 2928,1283 2892,1284"/>
          <TextEquiv>
            <Unicode>op</Unicode>
          </TextEquiv>
        </Word>
        <Word id="word_0930add4-5a97-4323-a6d1-6a02372001b2">
          <Coords points="2977,1238 2978,1238 3027,1237 3077,1236 3119,1235 3120,1280 3078,1281 3028,1282 2978,1283 2977,1283"/>
          <TextEquiv>
            <Unicode>goedt</Unicode>
          </TextEquiv>
        </Word>
        <Word id="word_8768428d-6c46-48fe-b131-5497c055a4bd">
          <Coords points="3149,1235 3178,1235 3227,1234 3277,1233 3320,1233 3320,1278 3278,1278 3228,1279 3178,1280 3148,1280"/>
          <TextEquiv>
            <Unicode>geloof</Unicode>
          </TextEquiv>
        </Word>
        <Word id="word_6ce701ae-39cc-4b83-8a8b-fe769e3206d2">
          <Coords points="3349,1233 3379,1234 3427,1233 3451,1241 3428,1278 3428,1280 3378,1279 3348,1278"/>
          <TextEquiv>
            <Unicode>hem</Unicode>
          </TextEquiv>
        </Word>
        <TextEquiv conf="0.9173977601789136">
          <Unicode>was Io willego tij wencke tapeneijcke met 20l mannen op goedt geloof hem</Unicode>
        </TextEquiv>
        <TextStyle xHeight="39"/>
      </TextLine>
      <TextLine id="line_94135503-938a-4788-bf80-ac80c70cb1f7">
        <Coords points="1345,1313 1794,1309 1826,1325 1963,1325 1974,1314 2010,1313 2050,1329 2182,1330 2302,1326 2334,1294 2865,1294 2873,1286 2902,1282 2925,1285 2957,1317 3009,1321 3296,1322 3320,1301 3441,1305 3441,1377 3272,1377 3256,1370 3116,1374 3088,1382 2869,1386 2553,1381 2525,1402 2114,1394 2090,1406 2034,1410 1603,1414 1566,1446 1359,1445 1345,1437"/>
        <Baseline points="1380,1389 1430,1390 1480,1388 1530,1385 1580,1383 1630,1383 1680,1383 1730,1380 1780,1379 1830,1380 1880,1379 1930,1377 1980,1377 2030,1376 2080,1376 2130,1375 2180,1374 2230,1373 2280,1372 2330,1371 2380,1370 2430,1369 2480,1369 2530,1369 2580,1369 2630,1368 2680,1368 2730,1368 2780,1367 2830,1367 2880,1367 2930,1368 2980,1368 3030,1368 3080,1367 3130,1366 3180,1364 3230,1364 3280,1363 3330,1362 3380,1362 3407,1360"/>
        <Word id="word_486ef948-949a-440a-b094-9acc57af5734">
          <Coords points="1381,1354 1431,1355 1479,1353 1528,1350 1579,1348 1596,1348 1596,1393 1580,1393 1531,1395 1480,1398 1430,1400 1380,1399"/>
          <TextEquiv>
            <Unicode>terhulpe</Unicode>
          </TextEquiv>
        </Word>
        <Word id="word_19f5e015-597e-48b6-8247-d639ebf1b45f">
          <Coords points="1623,1348 1630,1348 1677,1348 1677,1393 1630,1393 1623,1393"/>
          <TextEquiv>
            <Unicode>In</Unicode>
          </TextEquiv>
        </Word>
        <Word id="word_45cda946-e506-44c2-b7f3-dc28f7f7988d">
          <Coords points="1700,1348 1726,1345 1779,1344 1831,1345 1879,1344 1919,1342 1921,1387 1880,1389 1830,1390 1780,1389 1731,1390 1705,1393"/>
          <TextEquiv>
            <Unicode>tripetij</Unicode>
          </TextEquiv>
        </Word>
        <Word id="word_039d80d5-9656-46db-b843-333a88a9dc46">
          <Coords points="1948,1341 1981,1342 2001,1342 2002,1387 1980,1387 1947,1386"/>
          <TextEquiv>
            <Unicode>bi</Unicode>
          </TextEquiv>
        </Word>
        <Word id="word_787c1491-db29-40b4-8f55-72059de85e6b">
          <Coords points="2028,1341 2029,1341 2080,1341 2129,1340 2179,1339 2217,1338 2218,1383 2180,1384 2130,1385 2080,1386 2030,1386 2029,1386"/>
          <TextEquiv>
            <Unicode>gecomen</Unicode>
          </TextEquiv>
        </Word>
        <Word id="word_71096132-ae9e-4be0-8fee-4f571b7f1857">
          <Coords points="2244,1338 2279,1337 2329,1336 2352,1336 2353,1381 2330,1381 2280,1382 2245,1383"/>
          <TextEquiv>
            <Unicode>ende</Unicode>
          </TextEquiv>
        </Word>
        <Word id="word_ce906894-3a94-46c1-8db9-8c76453d7806">
          <Coords points="2379,1335 2379,1335 2429,1334 2480,1334 2488,1334 2488,1379 2480,1379 2430,1379 2380,1380 2380,1380"/>
          <TextEquiv>
            <Unicode>alle</Unicode>
          </TextEquiv>
        </Word>
        <Word id="word_49a30a2a-3a86-428b-8be7-bce59f92cde1">
          <Coords points="2515,1334 2530,1334 2580,1334 2629,1333 2680,1333 2704,1333 2704,1378 2680,1378 2630,1378 2580,1379 2530,1379 2515,1379"/>
          <TextEquiv>
            <Unicode>grooten</Unicode>
          </TextEquiv>
        </Word>
        <Word id="word_4dacebde-e031-408d-9c0d-b7061d93ca9f">
          <Coords points="2730,1333 2779,1332 2830,1332 2880,1332 2894,1332 2893,1377 2880,1377 2830,1377 2780,1377 2731,1378"/>
          <TextEquiv>
            <Unicode>dienst</Unicode>
          </TextEquiv>
        </Word>
        <Word id="word_fafe8ef3-1408-4df4-bfd2-bc1a24c088f7">
          <Coords points="2921,1333 2931,1333 2980,1333 3030,1333 3079,1332 3129,1331 3135,1331 3137,1376 3130,1376 3080,1377 3030,1378 2980,1378 2930,1378 2920,1378"/>
          <TextEquiv>
            <Unicode>bewesen,</Unicode>
          </TextEquiv>
        </Word>
        <Word id="word_d687f7b0-cc28-49b7-b811-29274c2bdf55">
          <Coords points="3162,1330 3179,1329 3230,1329 3279,1328 3298,1328 3299,1373 3280,1373 3230,1374 3180,1374 3164,1375"/>
          <TextEquiv>
            <Unicode>alsoo</Unicode>
          </TextEquiv>
        </Word>
        <Word id="word_816757db-dca8-4776-a2f2-8798420215c9">
          <Coords points="3325,1327 3329,1327 3380,1327 3404,1325 3408,1370 3380,1372 3330,1372 3326,1372"/>
          <TextEquiv>
            <Unicode>dat</Unicode>
          </TextEquiv>
        </Word>
        <TextEquiv conf="0.8710296823267227">
          <Unicode>terhulpe In tripetij bi gecomen ende alle grooten dienst bewesen, alsoo dat</Unicode>
        </TextEquiv>
        <TextStyle xHeight="34"/>
      </TextLine>
      <TextLine id="line_32616a11-00d3-4bde-a968-7a38d8b936b1">
        <Coords points="1340,1437 1358,1445 1566,1446 1606,1414 2033,1410 2049,1402 2105,1402 2113,1394 2525,1402 3336,1389 3348,1398 3444,1395 3453,1404 3453,1478 3423,1470 3357,1514 3344,1513 3328,1497 3288,1497 3261,1470 3196,1470 3116,1474 3068,1522 3008,1513 2972,1489 2813,1490 2797,1498 2477,1489 2457,1506 2421,1518 2281,1522 2273,1530 1798,1529 1786,1517 1618,1517 1598,1534 1586,1534 1562,1558 1526,1557 1506,1537 1340,1538"/>
        <Baseline points="1375,1494 1425,1491 1475,1488 1525,1486 1575,1484 1625,1482 1675,1481 1725,1480 1775,1479 1825,1479 1875,1478 1925,1479 1975,1479 2025,1477 2075,1476 2125,1476 2175,1475 2225,1474 2275,1473 2325,1472 2375,1471 2425,1472 2475,1470 2525,1470 2575,1469 2625,1468 2675,1467 2725,1467 2775,1467 2825,1466 2875,1466 2925,1465 2975,1465 3025,1465 3075,1465 3125,1465 3175,1462 3225,1462 3275,1460 3325,1460 3375,1461 3419,1460"/>
        <Word id="word_ca2c3669-8f48-4708-9880-8f13de6cd09c">
          <Coords points="1373,1459 1423,1456 1473,1453 1474,1453 1476,1498 1476,1498 1426,1501 1376,1504"/>
          <TextEquiv>
            <Unicode>door</Unicode>
          </TextEquiv>
        </Word>
        <Word id="word_e551ddec-9447-4e16-9855-c7e58fe6bac3">
          <Coords points="1500,1452 1524,1451 1574,1449 1601,1448 1602,1493 1575,1494 1525,1496 1501,1497"/>
          <TextEquiv>
            <Unicode>dese</Unicode>
          </TextEquiv>
        </Word>
        <Word id="word_73b1ea9f-6da9-4b54-9b89-c6a7549c600f">
          <Coords points="1626,1447 1674,1446 1724,1445 1753,1444 1754,1489 1725,1490 1675,1491 1627,1492"/>
          <TextEquiv>
            <Unicode>macht</Unicode>
          </TextEquiv>
        </Word>
        <Word id="word_47761423-469e-432c-80cd-fecafa06ceb1">
          <Coords points="1779,1444 1825,1444 1874,1443 1880,1443 1879,1488 1875,1488 1825,1489 1779,1489"/>
          <TextEquiv>
            <Unicode>alle</Unicode>
          </TextEquiv>
        </Word>
        <Word id="word_a032ecea-637d-423f-97d5-a36b15efb7fa">
          <Coords points="1905,1444 1926,1444 1975,1444 2024,1442 2055,1441 2056,1486 2025,1487 1975,1489 1925,1489 1905,1489"/>
          <TextEquiv>
            <Unicode>andere</Unicode>
          </TextEquiv>
        </Word>
        <Word id="word_8ce06305-0657-4265-9adf-d95bcb676161">
          <Coords points="2082,1441 2125,1441 2174,1440 2224,1439 2274,1438 2324,1437 2374,1436 2426,1437 2474,1435 2525,1435 2560,1434 2561,1479 2525,1480 2475,1480 2425,1482 2375,1481 2325,1482 2275,1483 2225,1484 2175,1485 2125,1486 2081,1486"/>
          <TextEquiv>
            <Unicode>minderelandtsheeren</Unicode>
          </TextEquiv>
        </Word>
        <Word id="word_f4b55d40-4995-4731-8f52-229091f10a05">
          <Coords points="2585,1434 2624,1433 2674,1432 2687,1432 2687,1477 2675,1477 2625,1478 2586,1479"/>
          <TextEquiv>
            <Unicode>mede</Unicode>
          </TextEquiv>
        </Word>
        <Word id="word_9548f0fb-6318-42f4-a7d1-f900400b53b4">
          <Coords points="2712,1432 2725,1432 2775,1432 2824,1431 2875,1431 2924,1430 2975,1430 2990,1430 2990,1475 2975,1475 2925,1475 2875,1476 2825,1476 2775,1477 2725,1477 2712,1477"/>
          <TextEquiv>
            <Unicode>toegevallen</Unicode>
          </TextEquiv>
        </Word>
        <Word id="word_6235a1b9-b7a1-4c55-9867-eeca03ef8701">
          <Coords points="3015,1430 3025,1430 3075,1430 3125,1430 3139,1429 3142,1474 3125,1475 3075,1475 3025,1475 3015,1475"/>
          <TextEquiv>
            <Unicode>sijn,</Unicode>
          </TextEquiv>
        </Word>
        <Word id="word_d4aaf659-df3c-4a99-a778-ae6d8e8a224f">
          <Coords points="3165,1428 3173,1427 3225,1427 3266,1425 3268,1470 3225,1472 3176,1472 3167,1472"/>
          <TextEquiv>
            <Unicode>ende</Unicode>
          </TextEquiv>
        </Word>
        <Word id="word_f91c7c8f-cd06-42bb-a5c8-449d9ca47b9e">
          <Coords points="3294,1424 3326,1425 3376,1426 3418,1425 3419,1470 3375,1471 3325,1470 3293,1469"/>
          <TextEquiv>
            <Unicode>sulcx</Unicode>
          </TextEquiv>
        </Word>
        <TextEquiv conf="0.9238336721587417">
          <Unicode>door dese macht alle andere minderelandtsheeren mede toegevallen sijn, ende sulcx</Unicode>
        </TextEquiv>
        <TextStyle xHeight="40"/>
      </TextLine>
      <TextLine id="line_86be164f-732b-4972-8a01-ebdbd9df0734">
        <Coords points="1332,1538 1507,1538 1526,1557 1561,1558 1622,1511 2185,1510 2193,1518 2413,1519 2457,1507 2481,1486 2633,1486 2701,1499 2797,1499 2821,1490 2980,1490 3008,1514 3068,1523 3116,1475 3196,1471 3261,1471 3288,1498 3332,1498 3352,1515 3372,1503 3397,1506 3397,1578 3276,1579 3264,1591 3224,1595 2785,1599 2773,1590 2525,1586 2505,1599 2449,1599 2409,1619 2233,1619 2209,1602 2113,1602 2097,1615 2073,1615 2061,1606 1562,1607 1526,1638 1490,1637 1454,1606 1350,1606 1332,1598"/>
        <Baseline points="1367,1589 1417,1590 1467,1587 1517,1586 1567,1584 1617,1583 1667,1582 1717,1581 1767,1581 1817,1581 1867,1579 1917,1580 1967,1580 2017,1578 2067,1577 2117,1576 2167,1577 2217,1577 2267,1577 2317,1577 2367,1577 2417,1576 2467,1575 2517,1574 2567,1573 2617,1572 2667,1571 2717,1572 2767,1570 2817,1569 2867,1569 2917,1569 2967,1568 3017,1568 3067,1568 3117,1568 3167,1567 3217,1567 3267,1565 3317,1563 3363,1561"/>
        <Word id="word_0bf5c6de-c8c0-42ff-aa32-a3a8aa96720a">
          <Coords points="1368,1554 1418,1555 1465,1552 1467,1597 1417,1600 1367,1599"/>
          <TextEquiv>
            <Unicode>door</Unicode>
          </TextEquiv>
        </Word>
        <Word id="word_f8a9463f-251d-45a0-960b-cdcf4170d430">
          <Coords points="1492,1551 1518,1551 1566,1549 1591,1549 1592,1594 1567,1594 1517,1596 1491,1596"/>
          <TextEquiv>
            <Unicode>sijn</Unicode>
          </TextEquiv>
        </Word>
        <Word id="word_d48f7b81-58e1-427a-8fd7-788f43d1436e">
          <Coords points="1616,1548 1616,1548 1666,1547 1715,1546 1716,1591 1667,1592 1617,1593 1617,1593"/>
          <TextEquiv>
            <Unicode>doen</Unicode>
          </TextEquiv>
        </Word>
        <Word id="word_1a8bcbb8-5be5-482a-bfa2-1994775cc029">
          <Coords points="1742,1546 1768,1546 1791,1546 1791,1591 1767,1591 1741,1591"/>
          <TextEquiv>
            <Unicode>d'</Unicode>
          </TextEquiv>
        </Word>
        <Word id="word_f36ec87a-5a79-4759-aaeb-7a6d7c341da3">
          <Coords points="1816,1546 1817,1546 1866,1544 1918,1545 1941,1545 1941,1590 1917,1590 1867,1589 1817,1591 1816,1591"/>
          <TextEquiv>
            <Unicode>Crone</Unicode>
          </TextEquiv>
        </Word>
        <Word id="word_8cc0a9f2-e00e-476a-a499-ce1dad5286f7">
          <Coords points="1966,1545 1967,1545 2016,1543 2066,1542 2116,1541 2168,1542 2217,1542 2267,1542 2290,1542 2290,1587 2267,1587 2217,1587 2167,1587 2117,1586 2067,1587 2017,1588 1967,1590 1966,1590"/>
          <TextEquiv>
            <Unicode>verseeckerder</Unicode>
          </TextEquiv>
        </Word>
        <Word id="word_81e081bb-ff03-457d-a2a9-0808be69c810">
          <Coords points="2315,1542 2317,1542 2367,1542 2416,1541 2466,1540 2516,1539 2539,1539 2540,1584 2517,1584 2467,1585 2417,1586 2367,1587 2317,1587 2315,1587"/>
          <TextEquiv>
            <Unicode>geworden,</Unicode>
          </TextEquiv>
        </Word>
        <Word id="word_004f5dc7-876f-4583-a7a9-f09262a95941">
          <Coords points="2564,1538 2566,1538 2616,1537 2666,1536 2718,1537 2763,1535 2765,1580 2717,1582 2667,1581 2617,1582 2567,1583 2565,1583"/>
          <TextEquiv>
            <Unicode>hiernaer</Unicode>
          </TextEquiv>
        </Word>
        <Word id="word_47437f12-9b28-431b-b10a-92091e826c90">
          <Coords points="2789,1534 2817,1534 2867,1534 2917,1534 2963,1533 2964,1578 2917,1579 2867,1579 2817,1579 2789,1579"/>
          <TextEquiv>
            <Unicode>willego</Unicode>
          </TextEquiv>
        </Word>
        <Word id="word_c5dceb59-9c2d-41b0-aa41-89dfdbb04f9c">
          <Coords points="2989,1533 3018,1533 3064,1533 3064,1578 3017,1578 2989,1578"/>
          <TextEquiv>
            <Unicode>sij</Unicode>
          </TextEquiv>
        </Word>
        <Word id="word_c65f3890-ab24-4e7c-8722-61a145244d8e">
          <Coords points="3089,1533 3117,1533 3166,1532 3217,1532 3266,1530 3287,1529 3289,1574 3267,1575 3217,1577 3167,1577 3117,1578 3089,1578"/>
          <TextEquiv>
            <Unicode>Comende)</Unicode>
          </TextEquiv>
        </Word>
        <Word id="word_dc230843-fa37-495f-983d-8795fa01b641">
          <Coords points="3312,1528 3316,1528 3361,1526 3363,1571 3317,1573 3313,1573"/>
          <TextEquiv>
            <Unicode>te</Unicode>
          </TextEquiv>
        </Word>
        <TextEquiv conf="0.9022253505319605">
          <Unicode>door sijn doen d' Crone verseeckerder geworden, hiernaer willego sij Comende) te</Unicode>
        </TextEquiv>
        <TextStyle xHeight="35"/>
      </TextLine>
      <TextLine id="line_5e0a955f-cb93-4292-98f8-740f3b04710e">
        <Coords points="1332,1596 1354,1608 1458,1608 1486,1636 1531,1636 1562,1608 1865,1609 1885,1589 2018,1588 2026,1596 2202,1600 2234,1621 2405,1621 2445,1601 2505,1601 2525,1584 2889,1600 2905,1604 2929,1625 3073,1621 3113,1613 3446,1606 3446,1677 3437,1667 3417,1667 3389,1670 3381,1678 3145,1674 3061,1678 3054,1685 2653,1684 2625,1701 2401,1705 2154,1704 2146,1696 2130,1696 2018,1701 1982,1732 1786,1720 1332,1716"/>
        <Baseline points="1367,1687 1417,1687 1467,1684 1517,1682 1567,1680 1617,1679 1667,1678 1717,1677 1767,1678 1817,1678 1867,1678 1917,1678 1967,1677 2017,1678 2067,1677 2117,1678 2167,1679 2217,1680 2267,1680 2317,1679 2367,1678 2417,1677 2467,1676 2517,1676 2567,1676 2617,1675 2667,1673 2717,1672 2767,1671 2817,1670 2867,1669 2917,1670 2967,1668 3017,1668 3067,1668 3117,1668 3167,1667 3217,1666 3267,1665 3317,1664 3367,1663 3412,1660"/>
        <Word id="word_8b43faf3-0a2f-48a8-ac9c-001fba5ba600">
          <Coords points="1367,1652 1417,1652 1465,1649 1516,1647 1566,1645 1571,1645 1572,1690 1567,1690 1517,1692 1468,1694 1417,1697 1367,1697"/>
          <TextEquiv>
            <Unicode>sterven,</Unicode>
          </TextEquiv>
        </Word>
        <Word id="word_6398034c-abfe-4c69-a1cf-1ba84704cd56">
          <Coords points="1596,1644 1616,1644 1666,1643 1699,1642 1699,1687 1667,1688 1617,1689 1597,1689"/>
          <TextEquiv>
            <Unicode>ende</Unicode>
          </TextEquiv>
        </Word>
        <Word id="word_5b9f256b-9de4-42ee-bc8d-e49c6189b8d7">
          <Coords points="1726,1642 1768,1643 1776,1643 1776,1688 1767,1688 1725,1687"/>
          <TextEquiv>
            <Unicode>d'</Unicode>
          </TextEquiv>
        </Word>
        <Word id="word_26fd109e-3688-4e93-aa6d-5336462ae14c">
          <Coords points="1801,1643 1817,1643 1867,1643 1917,1643 1954,1642 1955,1687 1917,1688 1867,1688 1817,1688 1801,1688"/>
          <TextEquiv>
            <Unicode>mooren</Unicode>
          </TextEquiv>
        </Word>
        <Word id="word_34adc54b-bb4f-46c4-b5e8-44ab5dbe626f">
          <Coords points="1982,1642 2018,1643 2066,1642 2083,1642 2082,1687 2067,1687 2017,1688 1980,1687"/>
          <TextEquiv>
            <Unicode>sijn</Unicode>
          </TextEquiv>
        </Word>
        <Word id="word_5a7ed2d2-a5cb-478e-8a88-eeb85bdc26c3">
          <Coords points="2109,1643 2118,1643 2168,1644 2218,1645 2236,1645 2236,1690 2217,1690 2167,1689 2117,1688 2108,1688"/>
          <TextEquiv>
            <Unicode>landt</Unicode>
          </TextEquiv>
        </Word>
        <Word id="word_dd6989f6-c97f-449e-a676-a583773f8118">
          <Coords points="2262,1645 2267,1645 2316,1644 2366,1643 2416,1642 2440,1642 2441,1687 2417,1687 2367,1688 2317,1689 2267,1690 2262,1690"/>
          <TextEquiv>
            <Unicode>genomen</Unicode>
          </TextEquiv>
        </Word>
        <Word id="word_e2707e11-a633-44bb-a335-7dbd1e87ec23">
          <Coords points="2465,1641 2466,1641 2517,1641 2567,1641 2616,1640 2644,1639 2646,1684 2617,1685 2567,1686 2517,1686 2467,1686 2466,1686"/>
          <TextEquiv>
            <Unicode>hebben,</Unicode>
          </TextEquiv>
        </Word>
        <Word id="word_c215ccb7-ffc1-477a-8d54-86db3c81d058">
          <Coords points="2670,1638 2716,1637 2766,1636 2798,1635 2799,1680 2767,1681 2717,1682 2671,1683"/>
          <TextEquiv>
            <Unicode>heeft</Unicode>
          </TextEquiv>
        </Word>
        <Word id="word_dd03be33-a2cd-4b50-b0d7-f243cea5f153">
          <Coords points="2823,1635 2866,1634 2918,1635 2925,1635 2927,1680 2917,1680 2867,1679 2824,1680"/>
          <TextEquiv>
            <Unicode>niet</Unicode>
          </TextEquiv>
        </Word>
        <Word id="word_9be8e90c-54e0-4b12-9b6f-577715683f32">
          <Coords points="2950,1634 2966,1633 3017,1633 3067,1633 3105,1633 3105,1678 3067,1678 3017,1678 2967,1678 2952,1679"/>
          <TextEquiv>
            <Unicode>willen</Unicode>
          </TextEquiv>
        </Word>
        <Word id="word_73d8bc0e-afa6-4170-89e3-ec5abc3bb9bc">
          <Coords points="3130,1633 3166,1632 3216,1631 3266,1630 3316,1629 3366,1628 3410,1625 3413,1670 3367,1673 3317,1674 3267,1675 3217,1676 3167,1677 3131,1678"/>
          <TextEquiv>
            <Unicode>Consenteren</Unicode>
          </TextEquiv>
        </Word>
        <TextEquiv conf="0.9226194766915353">
          <Unicode>sterven, ende d' mooren sijn landt genomen hebben, heeft niet willen Consenteren</Unicode>
        </TextEquiv>
        <TextStyle xHeight="35"/>
      </TextLine>
      <TextLine id="e86dcde1-a9ce-4ec4-b78f-8b58a1eab287">
        <Coords points="1317,1718 1631,1726 1659,1738 1778,1739 1791,1730 1875,1730 1891,1746 1903,1747 1931,1731 1987,1731 2003,1715 2151,1711 2159,1703 2631,1700 2651,1684 3127,1688 3183,1684 3191,1676 3376,1679 3391,1671 3439,1671 3484,1716 3484,1789 3477,1781 3443,1815 3307,1810 3275,1783 2951,1784 2939,1796 2839,1796 2832,1803 2511,1803 2475,1831 2219,1827 2199,1810 2168,1799 2011,1807 1987,1827 1967,1827 1951,1826 1935,1814 1791,1819 1756,1799 1731,1799 1720,1788 1317,1796"/>
        <Baseline points="1352,1786 1402,1784 1452,1783 1502,1782 1552,1781 1602,1781 1652,1780 1702,1780 1752,1781 1802,1780 1852,1781 1902,1781 1952,1780 2002,1779 2052,1780 2102,1780 2152,1780 2202,1781 2252,1781 2302,1782 2352,1783 2402,1782 2452,1782 2502,1782 2552,1781 2602,1781 2652,1782 2702,1781 2752,1780 2802,1780 2852,1780 2902,1779 2952,1777 3002,1776 3052,1776 3102,1774 3152,1774 3202,1775 3252,1774 3302,1772 3352,1771 3402,1770 3450,1772"/>
        <Word id="word_91ed9030-a401-43c0-b750-d62fc3c96b6f">
          <Coords points="1351,1751 1401,1749 1404,1749 1405,1794 1402,1794 1352,1796"/>
          <TextEquiv>
            <Unicode>d'</Unicode>
          </TextEquiv>
        </Word>
        <Word id="word_dda64b24-ea0c-490c-84e1-72545a5ecdfa">
          <Coords points="1431,1748 1451,1748 1501,1747 1551,1746 1564,1746 1564,1791 1552,1791 1502,1792 1452,1793 1432,1793"/>
          <TextEquiv>
            <Unicode>vrouw</Unicode>
          </TextEquiv>
        </Word>
        <Word id="word_476eb19b-1590-4efe-9848-0d6fd6a3dd7f">
          <Coords points="1591,1746 1602,1746 1651,1745 1671,1745 1671,1790 1652,1790 1602,1791 1591,1791"/>
          <TextEquiv>
            <Unicode>Int</Unicode>
          </TextEquiv>
        </Word>
        <Word id="word_5eb06842-7e57-44f3-b7bf-ae1e0ca788c5">
          <Coords points="1697,1745 1702,1745 1753,1746 1801,1745 1804,1745 1803,1790 1802,1790 1752,1791 1702,1790 1697,1790"/>
          <TextEquiv>
            <Unicode>vier</Unicode>
          </TextEquiv>
        </Word>
        <Word id="word_8060e96e-da9d-4673-88ff-5bb8ab10db0c">
          <Coords points="1831,1746 1853,1746 1902,1746 1951,1745 1962,1745 1963,1790 1952,1790 1902,1791 1852,1791 1830,1791"/>
          <TextEquiv>
            <Unicode>soude</Unicode>
          </TextEquiv>
        </Word>
        <Word id="word_1faace2a-2f69-4ba6-8958-d3edf64f67ff">
          <Coords points="1989,1744 2001,1744 2053,1745 2102,1745 2152,1745 2203,1746 2202,1791 2152,1790 2102,1790 2052,1790 2002,1789 1990,1789"/>
          <TextEquiv>
            <Unicode>springen</Unicode>
          </TextEquiv>
        </Word>
        <Word id="word_237c4f13-fff0-42ee-88ba-0b1c35ff1e69">
          <Coords points="2228,1747 2251,1746 2303,1747 2335,1748 2334,1793 2302,1792 2252,1791 2229,1792"/>
          <TextEquiv>
            <Unicode>maer</Unicode>
          </TextEquiv>
        </Word>
        <Word id="word_7683c196-2031-4216-a2af-ef835ff307f2">
          <Coords points="2360,1748 2401,1747 2452,1747 2502,1747 2546,1746 2547,1791 2502,1792 2452,1792 2402,1792 2361,1793"/>
          <TextEquiv>
            <Unicode>belooft</Unicode>
          </TextEquiv>
        </Word>
        <Word id="word_f406ff36-15f8-41a7-bdf3-da14c69847d7">
          <Coords points="2574,1746 2603,1746 2627,1747 2627,1791 2602,1791 2574,1791"/>
          <TextEquiv>
            <Unicode>'t</Unicode>
          </TextEquiv>
        </Word>
        <Word id="word_23fdcf10-95bc-4a4d-8be2-8ae416a12d6c">
          <Coords points="2653,1747 2701,1746 2751,1745 2786,1745 2786,1790 2752,1790 2702,1791 2654,1792"/>
          <TextEquiv>
            <Unicode>landt</Unicode>
          </TextEquiv>
        </Word>
        <Word id="word_180b9d88-683e-4aaf-8bcb-47e70830a007">
          <Coords points="2813,1745 2852,1745 2901,1744 2944,1742 2946,1787 2902,1789 2852,1790 2813,1790"/>
          <TextEquiv>
            <Unicode>weder</Unicode>
          </TextEquiv>
        </Word>
        <Word id="word_d3638475-5806-49fa-a8e7-0dd89a37c555">
          <Coords points="2972,1741 3002,1741 3025,1741 3025,1786 3002,1786 2972,1786"/>
          <TextEquiv>
            <Unicode>te</Unicode>
          </TextEquiv>
        </Word>
        <Word id="word_4873b36a-51f6-414a-a6a0-1285a843c43f">
          <Coords points="3052,1741 3052,1741 3101,1739 3152,1739 3203,1740 3210,1740 3211,1785 3202,1785 3152,1784 3102,1784 3052,1786 3052,1786"/>
          <TextEquiv>
            <Unicode>winnen</Unicode>
          </TextEquiv>
        </Word>
        <Word id="word_3102fc13-1aca-4a1b-912e-b3b7a7c2548e">
          <Coords points="3237,1739 3251,1739 3289,1737 3291,1782 3252,1784 3238,1784"/>
          <TextEquiv>
            <Unicode>In</Unicode>
          </TextEquiv>
        </Word>
        <Word id="word_24ff2e25-00fa-4c95-9887-51662d914e27">
          <Coords points="3317,1736 3352,1736 3401,1735 3451,1737 3450,1782 3402,1780 3352,1781 3317,1781"/>
          <TextEquiv>
            <Unicode>staet</Unicode>
          </TextEquiv>
        </Word>
        <TextEquiv conf="0.8954209750945412">
          <Unicode>d' vrouw Int vier soude springen maer belooft 't landt weder te winnen In staet</Unicode>
        </TextEquiv>
        <TextStyle xHeight="36"/>
      </TextLine>
      <TextLine id="line_49535ea1-9ca8-497c-8339-d921a4d8b7ae">
        <Coords points="1320,1798 1753,1798 1801,1813 1933,1813 1949,1825 1965,1826 1997,1826 2013,1811 2132,1810 2145,1799 2165,1798 2193,1806 2217,1829 2476,1830 2512,1803 2828,1803 2840,1795 2940,1795 2948,1787 2980,1783 3272,1783 3327,1829 3416,1829 3416,1901 3107,1901 3087,1914 2892,1913 2869,1926 2760,1926 2734,1946 2724,1945 2696,1917 2632,1917 2579,1898 1953,1898 1929,1907 1458,1907 1430,1934 1320,1934"/>
        <Baseline points="1355,1893 1405,1890 1455,1887 1505,1887 1555,1887 1605,1886 1655,1886 1705,1887 1755,1885 1805,1884 1855,1885 1905,1885 1955,1886 2005,1886 2055,1884 2105,1883 2155,1884 2205,1886 2255,1886 2305,1886 2355,1887 2405,1887 2455,1888 2505,1888 2555,1888 2605,1889 2655,1889 2705,1888 2755,1887 2805,1886 2855,1886 2905,1887 2955,1886 3005,1886 3055,1886 3105,1885 3155,1884 3205,1883 3255,1883 3305,1882 3355,1881 3382,1884"/>
        <Word id="word_b9de1965-ecb9-43ba-a22d-34cc126b9e52">
          <Coords points="1353,1858 1403,1855 1453,1852 1505,1852 1555,1852 1593,1851 1594,1896 1555,1897 1505,1897 1456,1897 1406,1900 1356,1903"/>
          <TextEquiv>
            <Unicode>t'helpen</Unicode>
          </TextEquiv>
        </Word>
        <Word id="word_f1b7e233-b605-4d90-85df-ad6beafd068f">
          <Coords points="1624,1851 1655,1851 1706,1852 1754,1850 1804,1849 1833,1850 1832,1895 1805,1894 1755,1895 1705,1897 1655,1896 1623,1896"/>
          <TextEquiv>
            <Unicode>stellen</Unicode>
          </TextEquiv>
        </Word>
        <Word id="word_cff84c62-90b3-4127-8dd2-2a613431688d">
          <Coords points="1862,1850 1905,1850 1922,1850 1921,1895 1905,1895 1862,1895"/>
          <TextEquiv>
            <Unicode>e,</Unicode>
          </TextEquiv>
        </Word>
        <Word id="word_b033cc0a-e043-41ff-b153-5c2b96e6cc0d">
          <Coords points="1952,1851 1956,1851 2005,1851 2039,1850 2041,1895 2005,1896 1955,1896 1951,1896"/>
          <TextEquiv>
            <Unicode>dus</Unicode>
          </TextEquiv>
        </Word>
        <Word id="word_b033294a-c216-4d39-80b5-f337f53144b2">
          <Coords points="2070,1848 2105,1848 2131,1849 2130,1893 2105,1893 2070,1893"/>
          <TextEquiv>
            <Unicode>d'</Unicode>
          </TextEquiv>
        </Word>
        <Word id="word_c5520ad7-76bb-40de-bafe-d30e0a432d4c">
          <Coords points="2161,1849 2206,1851 2255,1851 2305,1851 2339,1852 2338,1897 2305,1896 2255,1896 2205,1896 2159,1894"/>
          <TextEquiv>
            <Unicode>weduwe</Unicode>
          </TextEquiv>
        </Word>
        <Word id="word_3f077ea3-d61d-44a4-8bd5-59d839478815">
          <Coords points="2368,1852 2405,1852 2456,1853 2458,1853 2458,1898 2455,1898 2405,1897 2369,1897"/>
          <TextEquiv>
            <Unicode>Int</Unicode>
          </TextEquiv>
        </Word>
        <Word id="word_d093a107-d436-4e52-a2fc-8d2e2970b0f8">
          <Coords points="2488,1853 2505,1853 2555,1853 2606,1854 2637,1854 2637,1899 2605,1899 2555,1898 2505,1898 2488,1898"/>
          <TextEquiv>
            <Unicode>leven</Unicode>
          </TextEquiv>
        </Word>
        <Word id="word_e8e4467c-7d49-44a2-bbd9-b0a8611d354c">
          <Coords points="2666,1854 2704,1853 2754,1852 2804,1851 2816,1851 2816,1896 2805,1896 2755,1897 2705,1898 2667,1899"/>
          <TextEquiv>
            <Unicode>sinde</Unicode>
          </TextEquiv>
        </Word>
        <Word id="word_cd86d410-50a5-40ac-ad2d-9252c0580ef8">
          <Coords points="2845,1851 2855,1851 2906,1852 2954,1851 3005,1851 3055,1851 3083,1850 3084,1895 3055,1896 3005,1896 2955,1896 2905,1897 2855,1896 2845,1896"/>
          <TextEquiv>
            <Unicode>gebleven</Unicode>
          </TextEquiv>
        </Word>
        <Word id="word_6afe62f8-3f33-431e-acb1-5dc46a8b1deb">
          <Coords points="3113,1850 3154,1849 3204,1848 3255,1848 3262,1848 3263,1893 3255,1893 3205,1893 3155,1894 3114,1895"/>
          <TextEquiv>
            <Unicode>heeft</Unicode>
          </TextEquiv>
        </Word>
        <Word id="word_807f73a8-9e4a-4e82-9b59-c6ae1728e7cd">
          <Coords points="3292,1847 3304,1847 3354,1846 3386,1849 3381,1894 3355,1891 3305,1892 3293,1892"/>
          <TextEquiv>
            <Unicode>van</Unicode>
          </TextEquiv>
        </Word>
        <TextEquiv conf="0.8189347012392844">
          <Unicode>t'helpen stellen e, dus d' weduwe Int leven sinde gebleven heeft van</Unicode>
        </TextEquiv>
        <TextStyle xHeight="39"/>
      </TextLine>
      <TextLine id="eaaaa71a-7c89-4264-930d-1174e9e1a5bf">
        <Coords points="1319,1934 1429,1934 1457,1906 1929,1906 1952,1898 2596,1899 2631,1917 2695,1917 2729,1946 2759,1926 2868,1926 2891,1913 3439,1922 3470,1916 3483,1929 3483,2003 3470,2016 3442,2023 3142,2021 3126,2013 2987,2013 2980,2006 2767,2006 2747,2022 2444,2017 2411,2034 1445,2021 1421,2038 1319,2038"/>
        <Baseline points="1354,2012 1404,2008 1454,2005 1504,2003 1554,2001 1604,2000 1654,1999 1704,1998 1754,1997 1804,1997 1854,1997 1904,1997 1954,1996 2004,1996 2054,1996 2104,1996 2154,1996 2204,1997 2254,1997 2304,1998 2354,1998 2404,1997 2454,1996 2504,1997 2554,1998 2604,1997 2654,1997 2704,1997 2754,1996 2804,1996 2854,1995 2904,1993 2954,1992 3004,1992 3054,1991 3104,1991 3154,1991 3204,1992 3254,1990 3304,1989 3354,1987 3404,1987 3449,1985"/>
        <Word id="word_48767f57-045a-4b19-9541-4c3a27955a1a">
          <Coords points="1351,1977 1401,1973 1411,1973 1413,2017 1405,2018 1355,2022"/>
          <TextEquiv>
            <Unicode>'t</Unicode>
          </TextEquiv>
        </Word>
        <Word id="word_8835b025-413b-45c6-87f7-6beb3d6d3bfa">
          <Coords points="1440,1971 1452,1970 1503,1968 1553,1966 1560,1966 1560,2011 1554,2011 1504,2013 1455,2015 1443,2016"/>
          <TextEquiv>
            <Unicode>gene</Unicode>
          </TextEquiv>
        </Word>
        <Word id="word_2a299c94-7ca9-40da-a37f-18cace5be21a">
          <Coords points="1589,1965 1603,1965 1653,1964 1703,1963 1707,1963 1708,2008 1704,2008 1654,2009 1604,2010 1590,2010"/>
          <TextEquiv>
            <Unicode>noch</Unicode>
          </TextEquiv>
        </Word>
        <Word id="word_ef50049c-aecc-4ae8-ac98-3997235e8e52">
          <Coords points="1737,1962 1753,1962 1804,1962 1854,1962 1885,1962 1885,2007 1854,2007 1804,2007 1754,2007 1738,2007"/>
          <TextEquiv>
            <Unicode>hadde</Unicode>
          </TextEquiv>
        </Word>
        <Word id="word_22568991-e483-44a0-8848-cedb1fde5f42">
          <Coords points="1914,1962 1943,1961 1944,2006 1915,2007"/>
          <TextEquiv>
            <Unicode>3</Unicode>
          </TextEquiv>
        </Word>
        <Word id="word_49c4779d-6f86-45f2-a6f1-26a93392465b">
          <Coords points="1974,1961 2005,1961 2054,1961 2104,1961 2151,1961 2151,2006 2104,2006 2054,2006 2004,2006 1973,2006"/>
          <TextEquiv>
            <Unicode>Jaeren</Unicode>
          </TextEquiv>
        </Word>
        <Word id="word_3dee9de0-771c-4469-a1d7-6f32c37baf92">
          <Coords points="2182,1961 2205,1962 2254,1962 2305,1963 2328,1963 2328,2008 2304,2008 2254,2007 2204,2007 2180,2006"/>
          <TextEquiv>
            <Unicode>langh</Unicode>
          </TextEquiv>
        </Word>
        <Word id="word_9763c4f8-1c18-4dfb-9123-2608078b5e2b">
          <Coords points="2356,1963 2403,1962 2415,1962 2416,2007 2404,2007 2357,2008"/>
          <TextEquiv>
            <Unicode>8'</Unicode>
          </TextEquiv>
        </Word>
        <Word id="word_a310cbb1-0f2c-4ee3-a5f5-7c0cfdc214ed">
          <Coords points="2445,1961 2453,1961 2505,1962 2555,1963 2593,1962 2593,2007 2554,2008 2504,2007 2454,2006 2446,2006"/>
          <TextEquiv>
            <Unicode>Mags.</Unicode>
          </TextEquiv>
        </Word>
        <Word id="word_9dbeacad-e7b2-4d3b-8bbd-1f9ad5501d3b">
          <Coords points="2623,1962 2653,1962 2652,2007 2623,2007"/>
          <TextEquiv>
            <Unicode>t</Unicode>
          </TextEquiv>
        </Word>
        <Word id="word_cc1783bf-e1ed-4bcb-81bb-f61a4b84b51f">
          <Coords points="2681,1962 2703,1962 2753,1961 2770,1961 2770,2006 2754,2006 2704,2007 2682,2007"/>
          <TextEquiv>
            <Unicode>ten</Unicode>
          </TextEquiv>
        </Word>
        <Word id="word_aa779fa6-6f27-4672-b517-238ab919b342">
          <Coords points="2800,1961 2804,1961 2853,1960 2903,1958 2953,1957 3004,1957 3006,1957 3007,2002 3004,2002 2954,2002 2904,2003 2854,2005 2804,2006 2800,2006"/>
          <TextEquiv>
            <Unicode>dienste</Unicode>
          </TextEquiv>
        </Word>
        <Word id="word_d5ab7363-b618-4b52-bab4-d3fecb7a9cff">
          <Coords points="3035,1956 3053,1956 3104,1956 3124,1956 3124,2001 3104,2001 3054,2001 3036,2001"/>
          <TextEquiv>
            <Unicode>met</Unicode>
          </TextEquiv>
        </Word>
        <Word id="word_2f10d138-134d-4599-9ba5-17c6fa29e625">
          <Coords points="3154,1956 3154,1956 3184,1957 3183,2002 3154,2001 3154,2001"/>
          <TextEquiv>
            <Unicode>4</Unicode>
          </TextEquiv>
        </Word>
        <Word id="word_18b1b779-68ca-4b33-8b9e-4f4a67460413">
          <Coords points="3211,1957 3241,1956 3243,2001 3213,2002"/>
          <TextEquiv>
            <Unicode>a</Unicode>
          </TextEquiv>
        </Word>
        <Word id="word_ea3ebe4c-1fab-4a70-888a-5609a2f1f4d1">
          <Coords points="3272,1954 3304,1954 3330,1953 3331,1998 3304,1999 3272,1999"/>
          <TextEquiv>
            <Unicode>5O</Unicode>
          </TextEquiv>
        </Word>
        <Word id="word_4279ca1a-0cf0-4a53-8bbf-ce36726f110a">
          <Coords points="3361,1952 3404,1952 3447,1950 3449,1995 3404,1997 3360,1997"/>
          <TextEquiv>
            <Unicode>man</Unicode>
          </TextEquiv>
        </Word>
        <TextEquiv conf="0.8787869065972276">
          <Unicode>'t gene noch hadde 3 Jaeren langh 8' Mags. t ten dienste met 4 a 5O man</Unicode>
        </TextEquiv>
        <TextStyle xHeight="42"/>
      </TextLine>
      <TextLine id="line_0f03fdca-e5ac-4843-9bb4-47c40f338d47">
        <Coords points="1324,2041 1414,2041 1442,2020 2414,2033 2446,2016 2498,2025 2746,2021 2758,2012 2862,2021 3298,2021 3306,2013 3442,2012 3467,2036 3467,2109 3427,2101 3194,2109 3059,2183 2986,2124 2910,2124 2878,2141 2798,2145 2222,2145 2198,2136 1490,2136 1478,2145 1426,2149 1324,2144"/>
        <Baseline points="1359,2113 1409,2116 1459,2114 1509,2111 1559,2110 1609,2109 1659,2108 1709,2108 1759,2107 1809,2106 1859,2106 1909,2106 1959,2106 2009,2107 2059,2107 2109,2107 2159,2106 2209,2107 2259,2107 2309,2109 2359,2110 2409,2110 2459,2109 2509,2110 2559,2110 2609,2110 2659,2110 2709,2110 2759,2108 2809,2108 2859,2107 2909,2106 2959,2105 3009,2104 3059,2103 3109,2101 3159,2099 3209,2099 3259,2097 3309,2095 3359,2093 3409,2091 3433,2092"/>
        <Word id="word_3ae30622-621c-4c0b-acb3-d065d6d02527">
          <Coords points="1361,2078 1411,2081 1416,2081 1418,2126 1408,2126 1358,2123"/>
          <TextEquiv>
            <Unicode>op</Unicode>
          </TextEquiv>
        </Word>
        <Word id="word_d1d80bc6-7986-4da1-80e9-4e818027fd11">
          <Coords points="1445,2080 1458,2079 1507,2076 1558,2075 1592,2074 1593,2119 1559,2120 1510,2121 1459,2124 1447,2124"/>
          <TextEquiv>
            <Unicode>haere</Unicode>
          </TextEquiv>
        </Word>
        <Word id="word_d8ec4779-4f33-44e6-9c26-922e9eae3f34">
          <Coords points="1621,2074 1658,2073 1709,2073 1758,2072 1808,2071 1859,2071 1909,2071 1959,2071 2002,2072 2001,2117 1959,2116 1909,2116 1859,2116 1809,2116 1759,2117 1709,2118 1659,2118 1622,2119"/>
          <TextEquiv>
            <Unicode>Costegeweest,</Unicode>
          </TextEquiv>
        </Word>
        <Word id="word_333ac957-4444-431e-9ee2-e3033b62edf9">
          <Coords points="2030,2072 2058,2072 2109,2072 2147,2071 2148,2116 2109,2117 2059,2117 2031,2117"/>
          <TextEquiv>
            <Unicode>ende</Unicode>
          </TextEquiv>
        </Word>
        <Word id="word_54c05536-dbe8-4f57-b57a-ab64684ad75c">
          <Coords points="2178,2071 2210,2072 2259,2072 2310,2074 2324,2074 2323,2119 2309,2119 2259,2117 2209,2117 2176,2116"/>
          <TextEquiv>
            <Unicode>veele</Unicode>
          </TextEquiv>
        </Word>
        <Word id="word_fa590ed9-3326-40b2-bb5e-452e8698ebcb">
          <Coords points="2353,2075 2360,2075 2409,2075 2458,2074 2510,2075 2527,2075 2527,2120 2509,2120 2459,2119 2409,2120 2359,2120 2352,2120"/>
          <TextEquiv>
            <Unicode>tegens</Unicode>
          </TextEquiv>
        </Word>
        <Word id="word_9fe60c65-0245-4f25-a606-c84bb7d6677d">
          <Coords points="2557,2075 2559,2075 2609,2075 2644,2075 2644,2120 2609,2120 2559,2120 2557,2120"/>
          <TextEquiv>
            <Unicode>den</Unicode>
          </TextEquiv>
        </Word>
        <Word id="word_3852d016-16bc-479f-bb64-7eb234f15cc4">
          <Coords points="2674,2075 2709,2075 2758,2073 2809,2073 2848,2072 2849,2117 2809,2118 2759,2118 2709,2120 2674,2120"/>
          <TextEquiv>
            <Unicode>vyandt</Unicode>
          </TextEquiv>
        </Word>
        <Word id="word_ff83eee0-35f2-4303-bcca-0ae8a222a1f0">
          <Coords points="2877,2072 2908,2071 2958,2070 3008,2069 3058,2068 3108,2066 3158,2064 3199,2064 3199,2109 3159,2109 3109,2111 3059,2113 3009,2114 2959,2115 2909,2116 2878,2117"/>
          <TextEquiv>
            <Unicode>uytgestaen,</Unicode>
          </TextEquiv>
        </Word>
        <Word id="word_a95a6b91-9291-4ae1-922a-0c05d4f5fb7b">
          <Coords points="3226,2064 3257,2062 3308,2060 3358,2058 3373,2057 3375,2102 3359,2103 3309,2105 3260,2107 3229,2109"/>
          <TextEquiv>
            <Unicode>alsoo</Unicode>
          </TextEquiv>
        </Word>
        <Word id="word_551aa945-e3cd-4dcc-8fa9-70874d28ed53">
          <Coords points="3402,2056 3408,2056 3434,2057 3433,2102 3409,2101 3404,2101"/>
          <TextEquiv>
            <Unicode>—</Unicode>
          </TextEquiv>
        </Word>
        <TextEquiv conf="0.8725885387210528">
          <Unicode>op haere Costegeweest, ende veele tegens den vyandt uytgestaen, alsoo —</Unicode>
        </TextEquiv>
        <TextStyle xHeight="42"/>
      </TextLine>
      <TextLine id="line_59da817d-63df-4c57-9afa-f23b42c45757">
        <Coords points="1311,2144 1425,2149 1477,2145 1489,2136 2197,2136 2221,2145 2797,2145 2877,2141 2909,2124 2989,2124 3057,2181 3125,2148 3221,2152 3229,2160 3249,2160 3265,2176 3405,2184 3417,2184 3457,2153 3471,2152 3482,2161 3482,2232 3469,2232 3441,2260 3413,2256 3401,2265 3081,2268 3033,2232 2777,2233 2749,2261 2717,2260 2705,2248 2633,2249 2608,2273 2466,2276 2429,2275 2377,2252 1933,2252 1921,2244 1489,2244 1463,2265 1311,2265"/>
        <Baseline points="1346,2228 1396,2228 1446,2226 1496,2224 1546,2224 1596,2223 1646,2221 1696,2220 1746,2220 1796,2220 1846,2219 1896,2218 1946,2219 1996,2218 2046,2217 2096,2218 2146,2219 2196,2221 2246,2221 2296,2221 2346,2222 2396,2223 2446,2223 2496,2223 2546,2224 2596,2224 2646,2224 2696,2224 2746,2225 2796,2223 2846,2224 2896,2223 2946,2223 2996,2222 3046,2222 3096,2222 3146,2222 3196,2222 3246,2221 3296,2220 3346,2219 3396,2220 3446,2218 3448,2215"/>
        <Word id="word_87d85230-2d31-4f34-8c56-96ddb57d4a45">
          <Coords points="1346,2193 1396,2193 1426,2192 1427,2237 1396,2238 1346,2238"/>
          <TextEquiv>
            <Unicode>dat</Unicode>
          </TextEquiv>
        </Word>
        <Word id="word_4d089748-753f-4c12-8d28-78d58d6d40d3">
          <Coords points="1452,2191 1495,2189 1546,2189 1561,2189 1562,2234 1546,2234 1496,2234 1454,2236"/>
          <TextEquiv>
            <Unicode>alle</Unicode>
          </TextEquiv>
        </Word>
        <Word id="word_9d1978e7-e203-406c-8c60-3e12afa9025f">
          <Coords points="1588,2188 1595,2188 1641,2186 1643,2231 1596,2233 1589,2233"/>
          <TextEquiv>
            <Unicode>'t</Unicode>
          </TextEquiv>
        </Word>
        <Word id="word_73e3ef95-7f90-4364-93ff-07ac39e84475">
          <Coords points="1669,2185 1696,2185 1746,2185 1796,2185 1804,2185 1805,2230 1796,2230 1746,2230 1696,2230 1670,2230"/>
          <TextEquiv>
            <Unicode>landt</Unicode>
          </TextEquiv>
        </Word>
        <Word id="word_0864f621-9cea-4814-ae5a-7eae5acb3841">
          <Coords points="1831,2184 1845,2184 1895,2183 1913,2183 1912,2228 1896,2228 1846,2229 1832,2229"/>
          <TextEquiv>
            <Unicode>van</Unicode>
          </TextEquiv>
        </Word>
        <Word id="word_a47a2ad4-35da-4c07-8cee-57d4b2d91c0f">
          <Coords points="1940,2184 1947,2184 1995,2183 2045,2182 2097,2183 2129,2184 2128,2229 2096,2228 2046,2227 1996,2228 1946,2229 1939,2229"/>
          <TextEquiv>
            <Unicode>willego</Unicode>
          </TextEquiv>
        </Word>
        <Word id="word_3bc8c83a-a521-42ae-a45e-e366e0d16596">
          <Coords points="2157,2184 2198,2186 2236,2186 2236,2231 2196,2231 2155,2229"/>
          <TextEquiv>
            <Unicode>tij</Unicode>
          </TextEquiv>
        </Word>
        <Word id="word_5fba1df8-5239-4bae-ad00-b96eac736f5f">
          <Coords points="2263,2186 2296,2186 2347,2187 2397,2188 2398,2188 2398,2233 2396,2233 2346,2232 2296,2231 2263,2231"/>
          <TextEquiv>
            <Unicode>weder</Unicode>
          </TextEquiv>
        </Word>
        <Word id="word_40fda4e8-b2c1-4383-b445-abd1c05c3d31">
          <Coords points="2425,2188 2446,2188 2479,2188 2479,2233 2446,2233 2425,2233"/>
          <TextEquiv>
            <Unicode>Is</Unicode>
          </TextEquiv>
        </Word>
        <Word id="word_a5c8f35b-befa-4de5-990a-e35f3c1512c9">
          <Coords points="2507,2188 2547,2189 2596,2189 2646,2189 2696,2189 2722,2190 2721,2235 2696,2234 2646,2234 2596,2234 2546,2234 2505,2233"/>
          <TextEquiv>
            <Unicode>gewonnen</Unicode>
          </TextEquiv>
        </Word>
        <Word id="word_cab239e8-a04e-4734-8983-e9bd12d7b98a">
          <Coords points="2747,2190 2794,2188 2847,2189 2895,2188 2937,2188 2937,2233 2896,2233 2846,2234 2796,2233 2749,2235"/>
          <TextEquiv>
            <Unicode>geweest</Unicode>
          </TextEquiv>
        </Word>
        <Word id="word_9e84cd3d-c62e-40d9-828f-ee6d2322202d">
          <Coords points="2963,2188 2995,2187 3046,2187 3072,2187 3072,2232 3046,2232 2996,2232 2964,2233"/>
          <TextEquiv>
            <Unicode>voor</Unicode>
          </TextEquiv>
        </Word>
        <Word id="word_a5b68d30-50e3-41b7-9373-fb73a8e45610">
          <Coords points="3099,2187 3146,2187 3153,2187 3153,2232 3146,2232 3099,2232"/>
          <TextEquiv>
            <Unicode>al</Unicode>
          </TextEquiv>
        </Word>
        <Word id="word_db66e816-0b29-4e79-844f-3356c904fbeb">
          <Coords points="3180,2187 3196,2187 3233,2186 3234,2231 3196,2232 3180,2232"/>
          <TextEquiv>
            <Unicode>'t</Unicode>
          </TextEquiv>
        </Word>
        <Word id="word_e0cbece5-3ae2-4a22-902a-9094e122346f">
          <Coords points="3260,2186 3295,2185 3345,2184 3397,2185 3419,2196 3445,2183 3456,2221 3446,2228 3396,2230 3346,2229 3296,2230 3261,2231"/>
          <TextEquiv>
            <Unicode>welcqui</Unicode>
          </TextEquiv>
        </Word>
        <TextEquiv conf="0.9050082904338731">
          <Unicode>dat alle 't landt van willego tij weder Is gewonnen geweest voor al 't welcqui</Unicode>
        </TextEquiv>
        <TextStyle xHeight="39"/>
      </TextLine>
      <TextLine id="line_38c17600-e104-4c27-979c-0123a63ad5cd">
        <Coords points="1307,2266 1461,2267 1493,2243 1920,2243 1932,2251 2372,2250 2432,2278 2460,2279 2564,2270 2607,2275 2632,2251 2664,2247 2697,2247 2732,2263 2748,2259 2776,2232 3028,2232 3063,2243 3087,2266 3123,2266 3135,2278 3379,2282 3395,2298 3423,2306 3433,2306 3472,2275 3472,2348 3438,2382 3399,2374 3255,2374 3223,2394 3151,2393 3139,2382 3111,2382 3075,2410 2967,2405 2924,2370 2856,2366 2780,2366 2749,2393 2730,2386 2704,2398 2284,2397 2260,2386 2213,2340 2092,2340 2006,2421 1972,2401 1928,2401 1880,2382 1833,2378 1401,2382 1385,2366 1307,2367"/>
        <Baseline points="1342,2341 1392,2340 1442,2339 1492,2337 1542,2337 1592,2337 1642,2337 1692,2335 1742,2334 1792,2333 1842,2333 1892,2332 1942,2332 1992,2332 2042,2333 2092,2331 2142,2330 2192,2331 2242,2332 2292,2332 2342,2333 2392,2334 2442,2336 2492,2336 2542,2335 2592,2335 2642,2335 2692,2334 2742,2334 2792,2332 2842,2332 2892,2332 2942,2332 2992,2332 3042,2332 3092,2332 3142,2331 3192,2330 3242,2330 3292,2331 3342,2332 3392,2330 3438,2330"/>
        <Word id="word_8341553c-741c-4559-bcef-6b1e4d1551fd">
          <Coords points="1341,2306 1391,2305 1441,2304 1452,2304 1454,2349 1442,2349 1392,2350 1342,2351"/>
          <TextEquiv>
            <Unicode>niet</Unicode>
          </TextEquiv>
        </Word>
        <Word id="word_0561d8fd-e120-4ee3-80e2-c8c92a25d25d">
          <Coords points="1480,2302 1491,2302 1542,2302 1566,2302 1566,2347 1542,2347 1492,2347 1482,2347"/>
          <TextEquiv>
            <Unicode>een</Unicode>
          </TextEquiv>
        </Word>
        <Word id="word_0277c769-8a37-4c2c-beb7-81584e65060b">
          <Coords points="1594,2302 1642,2302 1691,2300 1733,2299 1733,2344 1692,2345 1642,2347 1594,2347"/>
          <TextEquiv>
            <Unicode>voedt</Unicode>
          </TextEquiv>
        </Word>
        <Word id="word_bcbb6bf4-714c-433a-8019-2c03957ba036">
          <Coords points="1760,2299 1791,2298 1842,2298 1891,2297 1929,2297 1929,2342 1892,2342 1842,2343 1792,2343 1761,2344"/>
          <TextEquiv>
            <Unicode>landts</Unicode>
          </TextEquiv>
        </Word>
        <Word id="word_c769d7e4-d71a-45d0-b12b-b2a71bba39a0">
          <Coords points="1957,2297 1992,2297 2043,2298 2067,2297 2069,2342 2042,2343 1992,2342 1957,2342"/>
          <TextEquiv>
            <Unicode>ofte</Unicode>
          </TextEquiv>
        </Word>
        <Word id="word_45ecb88f-4a5d-4ef8-a82c-a7c3a694580b">
          <Coords points="2096,2296 2141,2295 2193,2296 2243,2297 2292,2297 2343,2298 2393,2299 2433,2301 2431,2346 2392,2344 2342,2343 2292,2342 2242,2342 2192,2341 2142,2340 2097,2341"/>
          <TextEquiv>
            <Unicode>erkentenisse</Unicode>
          </TextEquiv>
        </Word>
        <Word id="word_a5f6620e-8591-4acc-8fb1-e6b6b07191be">
          <Coords points="2459,2302 2491,2301 2541,2300 2592,2300 2627,2300 2627,2345 2592,2345 2542,2345 2492,2346 2460,2347"/>
          <TextEquiv>
            <Unicode>vanden</Unicode>
          </TextEquiv>
        </Word>
        <Word id="word_480b7898-5522-4970-b9f4-a7a253f02bd2">
          <Coords points="2654,2300 2691,2299 2742,2299 2791,2297 2842,2297 2851,2297 2851,2342 2842,2342 2792,2342 2742,2344 2692,2344 2656,2345"/>
          <TextEquiv>
            <Unicode>Coninck</Unicode>
          </TextEquiv>
        </Word>
        <Word id="word_e86bbbb9-5050-4d15-b6c0-6100456c02f6">
          <Coords points="2879,2297 2892,2297 2942,2297 2992,2297 3019,2297 3019,2342 2992,2342 2942,2342 2892,2342 2879,2342"/>
          <TextEquiv>
            <Unicode>heeft</Unicode>
          </TextEquiv>
        </Word>
        <Word id="word_02e72167-a3b1-4f46-9d70-eb6aa78e0d3e">
          <Coords points="3047,2297 3092,2297 3141,2296 3191,2295 3242,2295 3293,2296 3327,2297 3326,2342 3292,2341 3242,2340 3192,2340 3142,2341 3092,2342 3047,2342"/>
          <TextEquiv>
            <Unicode>ontfangen,</Unicode>
          </TextEquiv>
        </Word>
        <Word id="word_54f32d1b-25dc-4554-8a9e-81e9884444f6">
          <Coords points="3352,2297 3390,2295 3438,2295 3438,2340 3393,2340 3355,2342"/>
          <TextEquiv>
            <Unicode>soo</Unicode>
          </TextEquiv>
        </Word>
        <TextEquiv conf="0.911772821610737">
          <Unicode>niet een voedt landts ofte erkentenisse vanden Coninck heeft ontfangen, soo</Unicode>
        </TextEquiv>
        <TextStyle xHeight="45"/>
      </TextLine>
      <TextLine id="d309c50e-4c4a-4a87-aab1-4f3dc17fcb11">
        <Coords points="1308,2398 1386,2398 1406,2381 1878,2381 1906,2397 1974,2401 2006,2427 2098,2339 2207,2339 2282,2397 2705,2398 2736,2385 2750,2393 2781,2366 2926,2370 2965,2405 2997,2410 3077,2410 3109,2381 3141,2381 3153,2393 3425,2393 3434,2402 3479,2398 3490,2386 3490,2459 3477,2459 3437,2498 3333,2497 3309,2489 2725,2493 2692,2510 2668,2489 2589,2485 2342,2486 2290,2490 2282,2498 2153,2498 1950,2493 1930,2477 1694,2477 1653,2458 1498,2463 1470,2486 1406,2486 1382,2510 1308,2510"/>
        <Baseline points="1343,2453 1393,2451 1443,2450 1493,2450 1543,2448 1593,2446 1643,2446 1693,2446 1743,2444 1793,2444 1843,2444 1893,2444 1943,2443 1993,2442 2043,2442 2093,2442 2143,2443 2193,2442 2243,2443 2293,2443 2343,2443 2393,2443 2443,2444 2493,2445 2543,2445 2593,2445 2643,2445 2693,2445 2743,2445 2793,2445 2843,2445 2893,2446 2943,2445 2993,2445 3043,2447 3093,2448 3143,2447 3193,2447 3243,2447 3293,2448 3343,2446 3393,2445 3443,2444 3456,2441"/>
        <Word id="word_e518993b-eb58-4059-8f70-4e2ca91576e6">
          <Coords points="1342,2418 1392,2416 1429,2415 1430,2460 1393,2461 1343,2463"/>
          <TextEquiv>
            <Unicode>dat</Unicode>
          </TextEquiv>
        </Word>
        <Word id="word_797b88f5-68c5-41c5-b1de-1f33845670b9">
          <Coords points="1459,2415 1493,2415 1542,2413 1592,2411 1643,2411 1693,2411 1742,2409 1793,2409 1806,2409 1806,2454 1793,2454 1743,2454 1693,2456 1643,2456 1593,2456 1543,2458 1493,2460 1459,2460"/>
          <TextEquiv>
            <Unicode>genoodsaeckt</Unicode>
          </TextEquiv>
        </Word>
        <Word id="word_b82c5dca-2cac-436c-9dc0-589de92a49ac">
          <Coords points="1835,2409 1843,2409 1893,2409 1893,2454 1843,2454 1835,2454"/>
          <TextEquiv>
            <Unicode>Is</Unicode>
          </TextEquiv>
        </Word>
        <Word id="word_f5fc2f1f-ab13-420c-aee3-cf88dd7a95ef">
          <Coords points="1920,2409 1941,2408 1992,2407 2043,2407 2093,2407 2125,2408 2124,2453 2093,2452 2043,2452 1993,2452 1943,2453 1922,2454"/>
          <TextEquiv>
            <Unicode>geweest</Unicode>
          </TextEquiv>
        </Word>
        <Word id="word_baab39b1-4771-4056-b33f-45c69fc66c5e">
          <Coords points="2152,2408 2192,2407 2244,2408 2269,2408 2269,2453 2243,2453 2193,2452 2154,2453"/>
          <TextEquiv>
            <Unicode>door</Unicode>
          </TextEquiv>
        </Word>
        <Word id="word_a206e4d6-3044-4bed-9544-8352ad816694">
          <Coords points="2298,2408 2343,2408 2393,2408 2444,2409 2494,2410 2543,2410 2593,2410 2643,2410 2693,2410 2733,2410 2733,2455 2693,2455 2643,2455 2593,2455 2543,2455 2493,2455 2443,2454 2393,2453 2343,2453 2298,2453"/>
          <TextEquiv>
            <Unicode>onvermogentheyt</Unicode>
          </TextEquiv>
        </Word>
        <Word id="word_da37a948-97a0-4b40-9a9e-a555717fdc4d">
          <Coords points="2762,2410 2793,2410 2843,2410 2878,2411 2877,2456 2843,2455 2793,2455 2762,2455"/>
          <TextEquiv>
            <Unicode>haer</Unicode>
          </TextEquiv>
        </Word>
        <Word id="word_de8ce9bd-cdec-48f5-9ac2-7ad64e3c135f">
          <Coords points="2905,2411 2942,2410 2993,2410 3044,2412 3052,2412 3051,2457 3043,2457 2993,2455 2943,2455 2907,2456"/>
          <TextEquiv>
            <Unicode>Volcq</Unicode>
          </TextEquiv>
        </Word>
        <Word id="word_ed9ca254-745f-4f97-9ced-d8cabe2c9c62">
          <Coords points="3081,2413 3094,2413 3142,2412 3167,2412 3167,2457 3143,2457 3093,2458 3080,2458"/>
          <TextEquiv>
            <Unicode>tot</Unicode>
          </TextEquiv>
        </Word>
        <Word id="word_a814a46d-132b-4d5a-a570-2e2e0e8079f8">
          <Coords points="3196,2412 3243,2412 3254,2412 3253,2457 3243,2457 3196,2457"/>
          <TextEquiv>
            <Unicode>op</Unicode>
          </TextEquiv>
        </Word>
        <Word id="word_ae3efe2c-6f73-4086-b871-891bdd18f242">
          <Coords points="3283,2413 3294,2413 3310,2412 3312,2457 3293,2458 3282,2458"/>
          <TextEquiv>
            <Unicode>5</Unicode>
          </TextEquiv>
        </Word>
        <Word id="word_6166cec5-c256-467b-8495-999afe658bad">
          <Coords points="3339,2411 3342,2411 3369,2410 3370,2455 3343,2456 3341,2456"/>
          <TextEquiv>
            <Unicode>a</Unicode>
          </TextEquiv>
        </Word>
        <Word id="word_6df30fa5-4061-4de3-84c1-2faffdb9477d">
          <Coords points="3398,2410 3442,2409 3448,2407 3458,2451 3443,2454 3399,2455"/>
          <TextEquiv>
            <Unicode>60</Unicode>
          </TextEquiv>
        </Word>
        <TextEquiv conf="0.9365378531013222">
          <Unicode>dat genoodsaeckt Is geweest door onvermogentheyt haer Volcq tot op 5 a 60</Unicode>
        </TextEquiv>
        <TextStyle xHeight="38"/>
      </TextLine>
      <TextLine id="line_4c62a1a4-b482-474d-aa31-8ce7b967dab8">
        <Coords points="1280,2503 1382,2508 1406,2484 1474,2484 1494,2464 1648,2464 1657,2456 1678,2475 1929,2475 1953,2495 2153,2500 2285,2496 2341,2487 2667,2487 2697,2512 2725,2488 2757,2480 3036,2483 3044,2491 3304,2487 3316,2499 3437,2499 3449,2488 3449,2560 3440,2552 3391,2560 3360,2588 3242,2646 3208,2622 3180,2618 3165,2619 3140,2639 3104,2639 3088,2638 3068,2618 2729,2618 2714,2607 2545,2607 2533,2599 2109,2604 2073,2571 2049,2567 1622,2576 1547,2650 1534,2654 1498,2634 1471,2607 1438,2595 1280,2595"/>
        <Baseline points="1315,2570 1365,2568 1415,2563 1465,2561 1515,2560 1565,2559 1615,2557 1665,2557 1715,2556 1765,2555 1815,2555 1865,2556 1915,2555 1965,2552 2015,2552 2065,2552 2115,2553 2165,2552 2215,2552 2265,2553 2315,2554 2365,2554 2415,2554 2465,2555 2515,2554 2565,2554 2615,2555 2665,2555 2715,2554 2765,2554 2815,2554 2865,2553 2915,2552 2965,2551 3015,2549 3065,2551 3115,2552 3165,2551 3215,2550 3265,2549 3315,2547 3365,2545 3415,2543"/>
        <Word id="word_1e2a51d2-41e9-4259-a6e3-f0ad44e14a83">
          <Coords points="1314,2535 1364,2533 1401,2529 1406,2574 1365,2578 1315,2580"/>
          <TextEquiv>
            <Unicode>man</Unicode>
          </TextEquiv>
        </Word>
        <Word id="word_045dbee9-2a2e-45ad-a924-99a2ff64317b">
          <Coords points="1435,2526 1465,2526 1494,2525 1495,2570 1465,2571 1435,2571"/>
          <TextEquiv>
            <Unicode>af</Unicode>
          </TextEquiv>
        </Word>
        <Word id="word_89909623-680a-428f-b42d-53205b89a0ec">
          <Coords points="1524,2525 1564,2524 1583,2523 1585,2568 1565,2569 1525,2570"/>
          <TextEquiv>
            <Unicode>te</Unicode>
          </TextEquiv>
        </Word>
        <Word id="word_23aa575c-f08f-4784-a461-28ae9712df2d">
          <Coords points="1613,2522 1614,2522 1665,2522 1714,2521 1764,2520 1815,2520 1855,2521 1855,2566 1815,2565 1765,2565 1715,2566 1665,2567 1615,2567 1615,2567"/>
          <TextEquiv>
            <Unicode>dancken,</Unicode>
          </TextEquiv>
        </Word>
        <Word id="word_3fb26c7e-12a0-4401-a37d-9fb6ecc77f7f">
          <Coords points="1883,2521 1913,2520 1943,2518 1945,2563 1915,2565 1885,2566"/>
          <TextEquiv>
            <Unicode>en</Unicode>
          </TextEquiv>
        </Word>
        <Word id="word_26ed3214-f56c-4123-9366-72932d947632">
          <Coords points="1975,2516 2016,2517 2065,2517 2116,2518 2164,2517 2185,2517 2185,2562 2165,2562 2115,2563 2065,2562 2015,2562 1975,2561"/>
          <TextEquiv>
            <Unicode>evenwel</Unicode>
          </TextEquiv>
        </Word>
        <Word id="word_c34b944a-0ce7-49be-b00b-b48dc607ebac">
          <Coords points="2215,2517 2215,2517 2266,2518 2275,2518 2275,2563 2265,2563 2215,2562 2215,2562"/>
          <TextEquiv>
            <Unicode>op</Unicode>
          </TextEquiv>
        </Word>
        <Word id="word_63eee586-c725-4c5d-a94c-3bef451e0123">
          <Coords points="2305,2519 2316,2519 2365,2519 2415,2519 2466,2520 2514,2519 2515,2564 2465,2565 2415,2564 2365,2564 2315,2564 2305,2564"/>
          <TextEquiv>
            <Unicode>Conincx</Unicode>
          </TextEquiv>
        </Word>
        <Word id="word_02f3a022-a063-4f3a-97b6-55c87c1bc4db">
          <Coords points="2546,2518 2566,2519 2616,2520 2665,2520 2714,2519 2725,2519 2725,2564 2715,2564 2665,2565 2615,2565 2565,2564 2545,2563"/>
          <TextEquiv>
            <Unicode>gunste</Unicode>
          </TextEquiv>
        </Word>
        <Word id="word_45a65c96-f980-465a-9bd3-e2413f174cf5">
          <Coords points="2755,2519 2765,2519 2815,2519 2864,2518 2914,2517 2964,2516 3014,2514 3066,2516 3116,2517 3115,2562 3065,2561 3015,2559 2965,2561 2915,2562 2865,2563 2815,2564 2765,2564 2755,2564"/>
          <TextEquiv>
            <Unicode>blyvenhopen,</Unicode>
          </TextEquiv>
        </Word>
        <Word id="word_5c535399-d02d-4ebd-9f2e-e6dacc0aa743">
          <Coords points="3142,2518 3162,2516 3174,2516 3175,2561 3166,2561 3146,2563"/>
          <TextEquiv>
            <Unicode>6</Unicode>
          </TextEquiv>
        </Word>
        <Word id="word_6cb6acaa-8ca5-4f67-9bc8-cfe3eb51a783">
          <Coords points="3204,2515 3214,2515 3264,2514 3314,2512 3364,2510 3413,2508 3415,2553 3365,2555 3315,2557 3265,2559 3215,2560 3205,2560"/>
          <TextEquiv>
            <Unicode>maenden</Unicode>
          </TextEquiv>
        </Word>
        <TextEquiv conf="0.9244469152393454">
          <Unicode>man af te dancken, en evenwel op Conincx gunste blyvenhopen, 6 maenden</Unicode>
        </TextEquiv>
        <TextStyle xHeight="41"/>
      </TextLine>
      <TextLine id="line_8c7602f2-eac2-4ff3-8303-17b5d1ed7b48">
        <Coords points="1301,2592 1447,2596 1538,2660 1627,2573 2070,2568 2114,2609 2258,2609 2266,2601 2705,2604 2725,2616 2757,2620 3064,2616 3088,2637 3120,2637 3148,2609 3160,2608 3188,2624 3207,2624 3234,2651 3296,2617 3373,2615 3373,2687 3232,2687 3181,2736 3163,2724 3052,2725 3044,2733 2965,2733 2957,2741 2937,2740 2929,2732 2837,2732 2829,2724 2529,2724 2513,2737 2501,2737 2469,2708 2070,2709 1854,2696 1742,2696 1718,2717 1694,2721 1539,2721 1527,2729 1486,2688 1359,2685 1332,2696 1301,2696"/>
        <Baseline points="1336,2681 1386,2675 1436,2674 1486,2673 1536,2672 1586,2671 1636,2670 1686,2670 1736,2669 1786,2669 1836,2668 1886,2669 1936,2667 1986,2667 2036,2668 2086,2668 2136,2668 2186,2669 2236,2670 2286,2671 2336,2670 2386,2672 2436,2674 2486,2672 2536,2673 2586,2674 2636,2673 2686,2674 2736,2674 2786,2673 2836,2674 2886,2673 2936,2672 2986,2671 3036,2671 3086,2670 3136,2669 3186,2668 3236,2670 3286,2671 3336,2671 3339,2670"/>
        <Word id="word_ebef9d06-406f-4a4c-a993-0ddfaae271af">
          <Coords points="1332,2646 1382,2640 1435,2639 1478,2638 1479,2683 1436,2684 1387,2685 1337,2691"/>
          <TextEquiv>
            <Unicode>alsoo</Unicode>
          </TextEquiv>
        </Word>
        <Word id="word_994fa270-18e2-4ab5-ae69-7deb5ac58c90">
          <Coords points="1507,2638 1535,2637 1585,2636 1635,2635 1686,2635 1735,2634 1765,2634 1765,2679 1736,2679 1686,2680 1636,2680 1586,2681 1536,2682 1508,2683"/>
          <TextEquiv>
            <Unicode>verloopen</Unicode>
          </TextEquiv>
        </Word>
        <Word id="word_3cdd2282-891f-4606-8b45-5463a9c8ce1e">
          <Coords points="1793,2634 1835,2633 1887,2634 1935,2632 1937,2632 1937,2677 1936,2677 1886,2679 1836,2678 1794,2679"/>
          <TextEquiv>
            <Unicode>synde</Unicode>
          </TextEquiv>
        </Word>
        <Word id="word_09eea863-18b9-4a51-bb24-9bd52c5de22e">
          <Coords points="1965,2632 1986,2632 2037,2633 2086,2633 2108,2633 2108,2678 2086,2678 2036,2678 1986,2677 1965,2677"/>
          <TextEquiv>
            <Unicode>heeft</Unicode>
          </TextEquiv>
        </Word>
        <Word id="word_d41cb0cb-57ea-40bc-b62e-19b4e7b5ab82">
          <Coords points="2138,2633 2187,2634 2237,2635 2281,2636 2280,2681 2236,2680 2186,2679 2137,2678"/>
          <TextEquiv>
            <Unicode>desen</Unicode>
          </TextEquiv>
        </Word>
        <Word id="word_c6b07ec3-7a48-4d52-8495-e78ac47fbef9">
          <Coords points="2307,2637 2334,2635 2387,2637 2437,2639 2485,2637 2510,2637 2509,2682 2486,2682 2436,2684 2386,2682 2337,2680 2309,2681"/>
          <TextEquiv>
            <Unicode>Coninck</Unicode>
          </TextEquiv>
        </Word>
        <Word id="word_09894c5c-4c4d-4ffd-ac4f-49c224a53316">
          <Coords points="2538,2638 2587,2639 2623,2638 2624,2683 2586,2684 2537,2683"/>
          <TextEquiv>
            <Unicode>met</Unicode>
          </TextEquiv>
        </Word>
        <Word id="word_507ec034-6bd3-4d72-9026-ff329ce7e0fc">
          <Coords points="2654,2638 2687,2639 2736,2639 2766,2638 2767,2683 2736,2684 2686,2684 2652,2683"/>
          <TextEquiv>
            <Unicode>veel</Unicode>
          </TextEquiv>
        </Word>
        <Word id="word_87f186da-a0d7-4b1a-8f39-3ebfa033dadf">
          <Coords points="2796,2638 2837,2639 2885,2638 2935,2637 2938,2637 2939,2682 2936,2682 2886,2683 2836,2684 2795,2683"/>
          <TextEquiv>
            <Unicode>Volcx</Unicode>
          </TextEquiv>
        </Word>
        <Word id="word_4f561377-771c-4b26-b61f-dee8e8e6bd50">
          <Coords points="2966,2636 2985,2636 3036,2636 3081,2635 3082,2680 3036,2681 2986,2681 2967,2681"/>
          <TextEquiv>
            <Unicode>haer</Unicode>
          </TextEquiv>
        </Word>
        <Word id="word_691d5915-7bcc-427f-8fed-cb22b8d16edf">
          <Coords points="3109,2635 3135,2634 3185,2633 3237,2635 3254,2635 3253,2680 3236,2680 3186,2678 3136,2679 3110,2680"/>
          <TextEquiv>
            <Unicode>huijs</Unicode>
          </TextEquiv>
        </Word>
        <Word id="word_94f480ed-8706-4137-bf74-92b18ed98729">
          <Coords points="3283,2636 3287,2636 3328,2637 3336,2636 3342,2680 3336,2681 3286,2681 3282,2681"/>
          <TextEquiv>
            <Unicode>In</Unicode>
          </TextEquiv>
        </Word>
        <TextEquiv conf="0.9002044305540574">
          <Unicode>alsoo verloopen synde heeft desen Coninck met veel Volcx haer huijs In</Unicode>
        </TextEquiv>
        <TextStyle xHeight="41"/>
      </TextLine>
      <TextLine id="line_862e22e5-243f-40fd-b2f7-3bc8b6018c2f">
        <Coords points="1302,2697 1330,2697 1352,2686 1484,2688 1527,2729 1540,2721 1692,2721 1836,2705 2392,2704 2468,2708 2500,2737 2512,2737 2532,2717 3036,2716 3052,2725 3163,2724 3185,2740 3212,2713 3345,2713 3345,2785 3132,2782 3109,2801 3088,2801 3060,2817 2560,2812 2536,2833 2480,2833 2460,2820 2444,2820 2420,2796 2404,2792 2148,2792 2132,2805 2108,2805 2060,2825 1604,2820 1596,2812 1484,2813 1476,2821 1302,2816"/>
        <Baseline points="1337,2795 1387,2790 1437,2790 1487,2789 1537,2788 1587,2786 1637,2785 1687,2784 1737,2784 1787,2782 1837,2782 1887,2781 1937,2780 1987,2780 2037,2781 2087,2779 2137,2780 2187,2780 2237,2780 2287,2780 2337,2779 2387,2779 2437,2778 2487,2779 2537,2779 2587,2778 2637,2778 2687,2778 2737,2778 2787,2778 2837,2779 2887,2778 2937,2778 2987,2778 3037,2778 3087,2776 3137,2775 3187,2775 3237,2774 3287,2769 3311,2768"/>
        <Word id="word_8ce509d6-848e-45ae-97bc-9757f266bf58">
          <Coords points="1334,2760 1384,2755 1437,2755 1486,2754 1536,2753 1561,2752 1563,2797 1537,2798 1487,2799 1437,2800 1388,2800 1338,2805"/>
          <TextEquiv>
            <Unicode>meeninge</Unicode>
          </TextEquiv>
        </Word>
        <Word id="word_52c27d6b-3b99-4995-8482-6204452ca7bd">
          <Coords points="1590,2751 1636,2750 1646,2750 1647,2795 1637,2795 1591,2796"/>
          <TextEquiv>
            <Unicode>'t</Unicode>
          </TextEquiv>
        </Word>
        <Word id="word_41a79bc2-6364-4209-b8d3-e21345ed9eaf">
          <Coords points="1675,2749 1686,2749 1737,2749 1786,2747 1816,2747 1816,2792 1787,2792 1737,2794 1687,2794 1675,2794"/>
          <TextEquiv>
            <Unicode>selve</Unicode>
          </TextEquiv>
        </Word>
        <Word id="word_e5cadfff-f705-469e-a388-2773bbb88acc">
          <Coords points="1844,2747 1886,2746 1900,2746 1901,2791 1887,2791 1845,2792"/>
          <TextEquiv>
            <Unicode>te</Unicode>
          </TextEquiv>
        </Word>
        <Word id="word_6e176912-6692-4bae-b015-003622a10705">
          <Coords points="1928,2745 1936,2745 1987,2745 2038,2746 2086,2744 2138,2745 2183,2745 2183,2790 2137,2790 2087,2789 2037,2791 1987,2790 1937,2790 1929,2790"/>
          <TextEquiv>
            <Unicode>behooven,</Unicode>
          </TextEquiv>
        </Word>
        <Word id="word_19100424-216d-4d10-ac98-fcd3c1cfe2a7">
          <Coords points="2211,2745 2237,2745 2287,2745 2323,2744 2324,2789 2287,2790 2237,2790 2211,2790"/>
          <TextEquiv>
            <Unicode>doen</Unicode>
          </TextEquiv>
        </Word>
        <Word id="word_be1a6965-ac3a-4416-ac5e-821f1dd0e1d6">
          <Coords points="2352,2744 2387,2744 2436,2743 2488,2744 2537,2744 2586,2743 2606,2743 2606,2788 2587,2788 2537,2789 2487,2789 2437,2788 2387,2789 2352,2789"/>
          <TextEquiv>
            <Unicode>besetten,</Unicode>
          </TextEquiv>
        </Word>
        <Word id="word_b3a4755a-9cb0-47c7-afb4-3056f198c977">
          <Coords points="2634,2743 2637,2743 2687,2743 2737,2743 2747,2743 2747,2788 2737,2788 2687,2788 2637,2788 2634,2788"/>
          <TextEquiv>
            <Unicode>dese</Unicode>
          </TextEquiv>
        </Word>
        <Word id="word_be8d6344-5111-4c88-bd3c-514ac52cb079">
          <Coords points="2775,2743 2787,2743 2838,2744 2886,2743 2937,2743 2945,2743 2945,2788 2937,2788 2887,2788 2837,2789 2787,2788 2775,2788"/>
          <TextEquiv>
            <Unicode>weduwe</Unicode>
          </TextEquiv>
        </Word>
        <Word id="word_1f68244f-c1d1-493f-9360-744560e949a3">
          <Coords points="2973,2743 2987,2743 3037,2743 3086,2741 3113,2740 3114,2785 3087,2786 3037,2788 2987,2788 2973,2788"/>
          <TextEquiv>
            <Unicode>sulcx</Unicode>
          </TextEquiv>
        </Word>
        <Word id="word_3d8d09da-f775-4b31-83e1-68882580f95b">
          <Coords points="3142,2740 3187,2740 3236,2739 3284,2734 3310,2733 3311,2778 3288,2779 3237,2784 3187,2785 3142,2785"/>
          <TextEquiv>
            <Unicode>siende</Unicode>
          </TextEquiv>
        </Word>
        <TextEquiv conf="0.9384200090274037">
          <Unicode>meeninge 't selve te behooven, doen besetten, dese weduwe sulcx siende</Unicode>
        </TextEquiv>
        <TextStyle xHeight="37"/>
      </TextLine>
      <TextLine id="line_53d9d9e3-6faf-4e42-a9a7-1fa3502a9397">
        <Coords points="1294,2810 1480,2809 1748,2824 2060,2825 2108,2806 2132,2806 2148,2790 2376,2789 2420,2793 2448,2820 2480,2833 2536,2833 2560,2813 2605,2813 2620,2824 3060,2824 3068,2832 3168,2832 3180,2841 3284,2836 3304,2849 3324,2849 3352,2824 3425,2829 3425,2901 3376,2902 3340,2937 3312,2936 3280,2905 3000,2910 2988,2921 2848,2921 2828,2920 2816,2909 2660,2914 2624,2901 2508,2901 2453,2945 2276,2945 2236,2909 2132,2910 2117,2917 1864,2910 1804,2914 1745,2964 1676,2964 1508,2956 1493,2944 1468,2944 1452,2928 1424,2920 1294,2916"/>
        <Baseline points="1329,2904 1379,2901 1429,2898 1479,2897 1529,2896 1579,2896 1629,2895 1679,2893 1729,2892 1779,2893 1829,2893 1879,2892 1929,2893 1979,2894 2029,2893 2079,2892 2129,2891 2179,2892 2229,2891 2279,2890 2329,2889 2379,2889 2429,2889 2479,2890 2529,2890 2579,2889 2629,2889 2679,2888 2729,2888 2779,2888 2829,2888 2879,2888 2929,2887 2979,2887 3029,2888 3079,2887 3129,2887 3179,2887 3229,2886 3279,2886 3329,2886 3379,2886 3391,2884"/>
        <Word id="word_318309a5-b733-4bd7-9b8e-0db5e669070f">
          <Coords points="1327,2869 1377,2866 1427,2863 1441,2863 1442,2908 1430,2908 1380,2911 1330,2914"/>
          <TextEquiv>
            <Unicode>dede</Unicode>
          </TextEquiv>
        </Word>
        <Word id="word_348aed3b-e968-451f-8dfe-bbf47952f210">
          <Coords points="1469,2862 1478,2862 1528,2861 1579,2861 1582,2861 1583,2906 1579,2906 1529,2906 1479,2907 1470,2907"/>
          <TextEquiv>
            <Unicode>haer</Unicode>
          </TextEquiv>
        </Word>
        <Word id="word_a3cc945b-a9f1-4d74-adb4-0c32504b83ad">
          <Coords points="1611,2860 1628,2860 1678,2858 1728,2857 1753,2857 1752,2902 1729,2902 1679,2903 1629,2905 1612,2905"/>
          <TextEquiv>
            <Unicode>huijs</Unicode>
          </TextEquiv>
        </Word>
        <Word id="word_99c8aaee-e157-4480-ab49-830b619a94c4">
          <Coords points="1781,2858 1829,2858 1865,2857 1866,2902 1829,2903 1781,2903"/>
          <TextEquiv>
            <Unicode>met</Unicode>
          </TextEquiv>
        </Word>
        <Word id="word_401890a9-4ca0-40d8-8959-127159877e3d">
          <Coords points="1895,2857 1930,2858 1980,2859 2028,2858 2078,2857 2119,2856 2120,2901 2079,2902 2029,2903 1979,2904 1929,2903 1893,2902"/>
          <TextEquiv>
            <Unicode>boschuyt</Unicode>
          </TextEquiv>
        </Word>
        <Word id="word_bceeb207-ed94-4851-aa99-04b3baaba053">
          <Coords points="2150,2856 2181,2857 2228,2856 2278,2855 2328,2854 2379,2854 2429,2854 2459,2855 2459,2900 2429,2899 2379,2899 2329,2899 2279,2900 2229,2901 2179,2902 2148,2901"/>
          <TextEquiv>
            <Unicode>bestroijen,</Unicode>
          </TextEquiv>
        </Word>
        <Word id="word_e3dcf3f4-6468-4c47-b1ed-5bbc56240bde">
          <Coords points="2487,2855 2529,2855 2578,2854 2600,2854 2600,2899 2579,2899 2529,2900 2487,2900"/>
          <TextEquiv>
            <Unicode>ende</Unicode>
          </TextEquiv>
        </Word>
        <Word id="word_b7d11cb4-cb97-479f-b113-2c22f3a664ab">
          <Coords points="2628,2854 2629,2854 2678,2853 2729,2853 2779,2853 2798,2853 2798,2898 2779,2898 2729,2898 2679,2898 2629,2899 2628,2899"/>
          <TextEquiv>
            <Unicode>eenige</Unicode>
          </TextEquiv>
        </Word>
        <Word id="word_5a7cad9f-1646-4c53-acbc-0fdd6210ea3c">
          <Coords points="2826,2853 2829,2853 2879,2853 2928,2852 2967,2852 2967,2897 2929,2897 2879,2898 2829,2898 2826,2898"/>
          <TextEquiv>
            <Unicode>goede</Unicode>
          </TextEquiv>
        </Word>
        <Word id="word_94e1f1f8-8841-4c08-95ad-2611f860625d">
          <Coords points="2997,2852 3030,2853 3078,2852 3129,2852 3137,2852 3137,2897 3129,2897 3079,2897 3029,2898 2995,2897"/>
          <TextEquiv>
            <Unicode>pions</Unicode>
          </TextEquiv>
        </Word>
        <Word id="word_a1431440-f2db-4b91-ba0a-feb81268acba">
          <Coords points="3165,2852 3179,2852 3228,2851 3279,2851 3329,2851 3379,2851 3385,2849 3393,2894 3379,2896 3329,2896 3279,2896 3229,2896 3179,2897 3165,2897"/>
          <TextEquiv>
            <Unicode>daerbij—</Unicode>
          </TextEquiv>
        </Word>
        <TextEquiv conf="0.9013687760780011">
          <Unicode>dede haer huijs met boschuyt bestroijen, ende eenige goede pions daerbij—</Unicode>
        </TextEquiv>
        <TextStyle xHeight="39"/>
      </TextLine>
      <TextLine id="line_2940ecc5-003d-4441-86c8-64676a399633">
        <Coords points="1292,2915 1374,2914 1382,2922 1422,2922 1454,2930 1466,2942 1502,2942 1518,2958 1713,2963 1735,2963 1789,2911 1965,2910 2113,2919 2153,2906 2225,2906 2277,2947 2444,2947 2492,2907 2508,2902 2646,2902 2660,2914 2810,2914 2888,2923 2988,2923 3004,2907 3283,2906 3327,2950 3371,2950 3387,2966 3428,2974 3460,2942 3460,3013 3439,3013 3428,3022 2920,3019 2572,3007 2528,3051 2360,3055 2345,3042 2329,3042 2309,3059 2289,3062 2189,3054 2153,3034 1989,3030 1965,3016 1913,3016 1889,3039 1865,3039 1833,3014 1653,3011 1641,3023 1614,3023 1606,3031 1470,3035 1450,3047 1410,3055 1292,3054"/>
        <Baseline points="1327,3011 1377,3011 1427,3009 1477,3008 1527,3007 1577,3005 1627,3004 1677,3002 1727,3001 1777,2999 1827,2999 1877,2998 1927,2997 1977,2998 2027,2996 2077,2997 2127,2997 2177,2998 2227,2998 2277,2997 2327,2999 2377,3000 2427,3000 2477,3000 2527,3000 2577,3000 2627,3000 2677,3000 2727,2999 2777,2998 2827,2998 2877,2998 2927,2996 2977,2996 3027,2996 3077,2996 3127,2995 3177,2994 3227,2994 3277,2993 3327,2994 3377,2994 3426,2996"/>
        <Word id="word_17a25539-a3ab-4141-8fd3-6c023c92ca06">
          <Coords points="1327,2976 1377,2976 1426,2974 1476,2973 1526,2972 1541,2971 1543,3016 1527,3017 1477,3018 1427,3019 1377,3021 1327,3021"/>
          <TextEquiv>
            <Unicode>stellen,</Unicode>
          </TextEquiv>
        </Word>
        <Word id="word_501b8705-4613-4e70-a465-587a7ada05f7">
          <Coords points="1568,2970 1576,2970 1626,2969 1676,2967 1726,2966 1776,2964 1784,2964 1784,3009 1777,3009 1727,3011 1677,3012 1627,3014 1577,3015 1570,3015"/>
          <TextEquiv>
            <Unicode>seggende</Unicode>
          </TextEquiv>
        </Word>
        <Word id="word_922d23e5-7332-4541-b9e9-a702aa60b3a9">
          <Coords points="1811,2964 1827,2964 1876,2963 1891,2963 1892,3008 1877,3008 1827,3009 1811,3009"/>
          <TextEquiv>
            <Unicode>den</Unicode>
          </TextEquiv>
        </Word>
        <Word id="word_ba0df5f4-081e-420a-832a-caf1b52827f5">
          <Coords points="1918,2962 1926,2962 1978,2963 2026,2961 2078,2962 2127,2962 2178,2963 2227,2963 2241,2963 2242,3008 2227,3008 2177,3008 2127,3007 2077,3007 2027,3006 1977,3008 1927,3007 1919,3007"/>
          <TextEquiv>
            <Unicode>Coninckheeft</Unicode>
          </TextEquiv>
        </Word>
        <Word id="word_0c139c52-e72b-4f1d-b2b3-66f3bef68a75">
          <Coords points="2268,2962 2276,2962 2328,2964 2350,2964 2349,3009 2327,3009 2277,3007 2269,3007"/>
          <TextEquiv>
            <Unicode>mij</Unicode>
          </TextEquiv>
        </Word>
        <Word id="word_2bbb930b-5892-41ed-8173-ae69679b780e">
          <Coords points="2377,2965 2378,2965 2427,2965 2457,2965 2457,3010 2427,3010 2377,3010 2376,3010"/>
          <TextEquiv>
            <Unicode>met</Unicode>
          </TextEquiv>
        </Word>
        <Word id="word_8d83b840-6768-458b-bcba-bddfcb509ad7">
          <Coords points="2484,2965 2527,2965 2577,2965 2592,2965 2592,3010 2577,3010 2527,3010 2484,3010"/>
          <TextEquiv>
            <Unicode>mijn</Unicode>
          </TextEquiv>
        </Word>
        <Word id="word_4329cbd9-6d32-4892-83dc-2912737b60a6">
          <Coords points="2619,2965 2627,2965 2677,2965 2699,2965 2700,3010 2677,3010 2627,3010 2619,3010"/>
          <TextEquiv>
            <Unicode>man</Unicode>
          </TextEquiv>
        </Word>
        <Word id="word_2d597233-b941-4e37-982c-886eb3af033a">
          <Coords points="2726,2964 2726,2964 2776,2963 2827,2963 2834,2963 2834,3008 2827,3008 2777,3008 2727,3009 2727,3009"/>
          <TextEquiv>
            <Unicode>niet</Unicode>
          </TextEquiv>
        </Word>
        <Word id="word_d20bed89-ee75-476d-9017-85b44c849648">
          <Coords points="2861,2963 2877,2963 2926,2961 2977,2961 3022,2961 3022,3006 2977,3006 2927,3006 2877,3008 2861,3008"/>
          <TextEquiv>
            <Unicode>Willen</Unicode>
          </TextEquiv>
        </Word>
        <Word id="word_01bc4f00-fd28-45c6-ac63-8e9ab0cc4de6">
          <Coords points="3049,2961 3077,2961 3126,2960 3176,2959 3184,2959 3184,3004 3177,3004 3127,3005 3077,3006 3049,3006"/>
          <TextEquiv>
            <Unicode>laten</Unicode>
          </TextEquiv>
        </Word>
        <Word id="word_1a493775-1c6e-419b-80ef-143d239797d6">
          <Coords points="3211,2959 3227,2959 3276,2958 3328,2959 3377,2959 3427,2961 3426,3006 3377,3004 3327,3004 3277,3003 3227,3004 3211,3004"/>
          <TextEquiv>
            <Unicode>sterven,</Unicode>
          </TextEquiv>
        </Word>
        <TextEquiv conf="0.8992010796246587">
          <Unicode>stellen, seggende den Coninckheeft mij met mijn man niet Willen laten sterven,</Unicode>
        </TextEquiv>
        <TextStyle xHeight="38"/>
      </TextLine>
      <TextLine id="line_466e4354-dd11-4568-b65b-a3c08bf4ffd3">
        <Coords points="1298,3053 1432,3053 1484,3024 1608,3029 1636,3025 1652,3010 1832,3013 1864,3040 1891,3041 1920,3014 1940,3006 1981,3006 2016,3040 2160,3036 2196,3060 2304,3061 2328,3044 2348,3044 2360,3056 2368,3049 2528,3049 2564,3014 3420,3017 3457,3044 3457,3117 3416,3117 3389,3140 3287,3187 3275,3175 3252,3175 3208,3132 3183,3129 3172,3118 3144,3137 3084,3137 3044,3149 2908,3148 2864,3188 2784,3183 2748,3167 2684,3163 2560,3168 2549,3160 2308,3160 2284,3179 2264,3163 2024,3160 1855,3168 1756,3160 1728,3148 1464,3148 1440,3168 1298,3168"/>
        <Baseline points="1333,3115 1383,3114 1433,3112 1483,3111 1533,3111 1583,3111 1633,3110 1683,3109 1733,3109 1783,3109 1833,3107 1883,3106 1933,3107 1983,3107 2033,3106 2083,3106 2133,3107 2183,3107 2233,3107 2283,3108 2333,3108 2383,3109 2433,3110 2483,3110 2533,3110 2583,3111 2633,3112 2683,3111 2733,3110 2783,3111 2833,3110 2883,3110 2933,3110 2983,3111 3033,3112 3083,3113 3133,3111 3183,3109 3233,3107 3283,3106 3333,3105 3383,3103 3423,3100"/>
        <Word id="word_21029452-1d10-4ba3-b259-984bb7eeb5f4">
          <Coords points="1332,3080 1382,3079 1432,3077 1442,3077 1443,3122 1433,3122 1383,3124 1333,3125"/>
          <TextEquiv>
            <Unicode>oocq</Unicode>
          </TextEquiv>
        </Word>
        <Word id="word_e670f529-c97a-4e85-8809-7688366e03ac">
          <Coords points="1470,3076 1482,3076 1533,3076 1581,3076 1581,3121 1533,3121 1483,3121 1471,3121"/>
          <TextEquiv>
            <Unicode>noyt</Unicode>
          </TextEquiv>
        </Word>
        <Word id="word_cfbb73df-9338-4c01-9602-7cbc46874969">
          <Coords points="1607,3076 1632,3075 1682,3074 1691,3074 1691,3119 1683,3119 1633,3120 1608,3121"/>
          <TextEquiv>
            <Unicode>myn</Unicode>
          </TextEquiv>
        </Word>
        <Word id="word_509eaa5d-2620-4384-a355-bbc5fedb8664">
          <Coords points="1718,3074 1733,3074 1783,3074 1832,3072 1882,3071 1884,3071 1883,3116 1883,3116 1833,3117 1783,3119 1733,3119 1718,3119"/>
          <TextEquiv>
            <Unicode>staedt</Unicode>
          </TextEquiv>
        </Word>
        <Word id="word_464aebdc-6378-42c6-9dd5-020103d936e5">
          <Coords points="1911,3072 1934,3072 1983,3072 2032,3071 2076,3071 2076,3116 2033,3116 1983,3117 1933,3117 1910,3117"/>
          <TextEquiv>
            <Unicode>Willen</Unicode>
          </TextEquiv>
        </Word>
        <Word id="word_a8b1bf5a-48b6-43bc-92eb-5e261d5199fa">
          <Coords points="2104,3071 2134,3072 2183,3072 2233,3072 2284,3073 2333,3073 2379,3074 2378,3119 2333,3118 2283,3118 2233,3117 2183,3117 2133,3117 2103,3116"/>
          <TextEquiv>
            <Unicode>Verheffen,</Unicode>
          </TextEquiv>
        </Word>
        <Word id="word_e71460e8-5dae-408b-9ef9-1ef2ec0ccb13">
          <Coords points="2406,3074 2434,3075 2483,3075 2516,3075 2516,3120 2483,3120 2433,3120 2405,3119"/>
          <TextEquiv>
            <Unicode>maer</Unicode>
          </TextEquiv>
        </Word>
        <Word id="word_b0200114-50cf-4d10-a199-a414759be3ac">
          <Coords points="2544,3075 2584,3076 2599,3076 2598,3121 2583,3121 2543,3120"/>
          <TextEquiv>
            <Unicode>nu</Unicode>
          </TextEquiv>
        </Word>
        <Word id="word_d767f416-c955-4c45-8f8f-9a27e410e458">
          <Coords points="2626,3077 2634,3077 2682,3076 2732,3075 2764,3076 2763,3121 2733,3120 2683,3121 2633,3122 2625,3122"/>
          <TextEquiv>
            <Unicode>alles</Unicode>
          </TextEquiv>
        </Word>
        <Word id="word_44841610-4256-413e-9cac-a9542fbb5a9e">
          <Coords points="2790,3076 2832,3075 2873,3075 2873,3120 2833,3120 2791,3121"/>
          <TextEquiv>
            <Unicode>bij</Unicode>
          </TextEquiv>
        </Word>
        <Word id="word_13d55dab-deee-4faa-ac3b-4bc1a93baa58">
          <Coords points="2901,3075 2933,3075 2984,3076 3011,3077 3010,3122 2983,3121 2933,3120 2901,3120"/>
          <TextEquiv>
            <Unicode>naer</Unicode>
          </TextEquiv>
        </Word>
        <Word id="word_bce5465f-9434-4398-b108-f1ae42cbf49d">
          <Coords points="3039,3077 3084,3078 3132,3076 3182,3074 3232,3072 3282,3071 3312,3070 3313,3115 3283,3116 3233,3117 3183,3119 3133,3121 3083,3123 3038,3122"/>
          <TextEquiv>
            <Unicode>uijtgepudt</Unicode>
          </TextEquiv>
        </Word>
        <Word id="word_c85a0580-bd53-4010-b232-b79324538311">
          <Coords points="3339,3070 3381,3068 3420,3065 3424,3110 3383,3113 3341,3115"/>
          <TextEquiv>
            <Unicode>ben</Unicode>
          </TextEquiv>
        </Word>
        <TextEquiv conf="0.8908067962467524">
          <Unicode>oocq noyt myn staedt Willen Verheffen, maer nu alles bij naer uijtgepudt ben</Unicode>
        </TextEquiv>
        <TextStyle xHeight="46"/>
      </TextLine>
      <TextLine id="ddcad635-a67f-454b-a576-450752f785be">
        <Coords points="1294,3166 1440,3166 1460,3149 2055,3154 2111,3133 2227,3134 2243,3125 2291,3125 2311,3145 2351,3145 2406,3157 2550,3161 2562,3170 2750,3169 2782,3181 2852,3186 2866,3186 2882,3173 3014,3173 3022,3181 3054,3181 3077,3194 3105,3194 3132,3182 3188,3126 3204,3133 3264,3193 3337,3163 3422,3168 3422,3241 3417,3235 3381,3235 3345,3258 3289,3262 3201,3249 1851,3249 1821,3270 1755,3245 1727,3245 1715,3254 1560,3258 1448,3257 1440,3249 1294,3250"/>
        <Baseline points="1329,3234 1379,3231 1429,3229 1479,3228 1529,3228 1579,3227 1629,3226 1679,3225 1729,3223 1779,3223 1829,3223 1879,3223 1929,3223 1979,3222 2029,3221 2079,3221 2129,3222 2179,3223 2229,3222 2279,3220 2329,3221 2379,3221 2429,3222 2479,3223 2529,3222 2579,3222 2629,3222 2679,3222 2729,3223 2779,3224 2829,3225 2879,3225 2929,3225 2979,3224 3029,3224 3079,3225 3129,3225 3179,3224 3229,3222 3279,3223 3329,3224 3379,3225 3388,3224"/>
        <Word id="word_17e1c004-5356-4d6d-be5d-12eb9bb0861f">
          <Coords points="1327,3199 1377,3196 1408,3195 1410,3240 1380,3241 1330,3244"/>
          <TextEquiv>
            <Unicode>wil</Unicode>
          </TextEquiv>
        </Word>
        <Word id="word_d26a0e0b-bd13-4750-ae3a-b36ede2595ce">
          <Coords points="1435,3194 1478,3193 1529,3193 1542,3193 1543,3238 1529,3238 1479,3238 1436,3239"/>
          <TextEquiv>
            <Unicode>oocq</Unicode>
          </TextEquiv>
        </Word>
        <Word id="word_edb0046d-1853-4b5c-bf73-002e5d69796e">
          <Coords points="1569,3192 1578,3192 1622,3191 1623,3236 1579,3237 1570,3237"/>
          <TextEquiv>
            <Unicode>'t</Unicode>
          </TextEquiv>
        </Word>
        <Word id="word_f5f3875a-edd3-4428-bc7e-d7db9da22b2f">
          <Coords points="1649,3191 1678,3190 1728,3188 1779,3188 1829,3188 1864,3188 1864,3233 1829,3233 1779,3233 1729,3233 1679,3235 1650,3236"/>
          <TextEquiv>
            <Unicode>weijnige</Unicode>
          </TextEquiv>
        </Word>
        <Word id="word_4db31f96-1155-4d6b-a965-f6565d97d824">
          <Coords points="1890,3188 1929,3188 1978,3187 2028,3186 2051,3186 2051,3231 2029,3231 1979,3232 1929,3233 1890,3233"/>
          <TextEquiv>
            <Unicode>datter</Unicode>
          </TextEquiv>
        </Word>
        <Word id="word_dca7ef0c-a137-44ea-8ae4-09696088fb97">
          <Coords points="2078,3186 2079,3186 2130,3187 2180,3188 2184,3188 2185,3233 2179,3233 2129,3232 2079,3231 2078,3231"/>
          <TextEquiv>
            <Unicode>noch</Unicode>
          </TextEquiv>
        </Word>
        <Word id="word_4cb03467-d57d-4861-8ce4-d47ef698ebdb">
          <Coords points="2211,3187 2228,3187 2278,3185 2292,3185 2291,3230 2279,3230 2229,3232 2212,3232"/>
          <TextEquiv>
            <Unicode>Is,</Unicode>
          </TextEquiv>
        </Word>
        <Word id="word_86436e11-d668-43cb-9c93-b715f31e44a0">
          <Coords points="2319,3186 2330,3186 2379,3186 2430,3187 2480,3188 2528,3187 2559,3187 2559,3232 2529,3232 2479,3233 2429,3232 2379,3231 2329,3231 2318,3231"/>
          <TextEquiv>
            <Unicode>berooven,</Unicode>
          </TextEquiv>
        </Word>
        <Word id="word_d93a79a9-2da2-48a3-befc-12b3e534fe16">
          <Coords points="2586,3187 2629,3187 2679,3187 2720,3188 2719,3233 2679,3232 2629,3232 2586,3232"/>
          <TextEquiv>
            <Unicode>sulcx</Unicode>
          </TextEquiv>
        </Word>
        <Word id="word_ab0227df-46bc-4a5f-8d60-44be823b5464">
          <Coords points="2747,3188 2780,3189 2830,3190 2879,3190 2907,3190 2907,3235 2879,3235 2829,3235 2779,3234 2746,3233"/>
          <TextEquiv>
            <Unicode>liever</Unicode>
          </TextEquiv>
        </Word>
        <Word id="word_c6654352-1861-4e2d-ae2e-e346deaf062b">
          <Coords points="2933,3190 2978,3189 3029,3189 3068,3190 3067,3235 3029,3234 2979,3234 2934,3235"/>
          <TextEquiv>
            <Unicode>hadde</Unicode>
          </TextEquiv>
        </Word>
        <Word id="word_6d23874a-2543-4d69-9801-b09a43a05404">
          <Coords points="3094,3190 3129,3190 3147,3190 3148,3235 3129,3235 3094,3235"/>
          <TextEquiv>
            <Unicode>te</Unicode>
          </TextEquiv>
        </Word>
        <Word id="word_fad3d2fb-904e-4470-8d53-9dee4ce04036">
          <Coords points="3173,3189 3178,3189 3228,3187 3280,3188 3330,3189 3380,3190 3384,3189 3389,3234 3379,3235 3329,3234 3279,3233 3229,3232 3179,3234 3174,3234"/>
          <TextEquiv>
            <Unicode>sterven,</Unicode>
          </TextEquiv>
        </Word>
        <TextEquiv conf="0.8805859514539222">
          <Unicode>wil oocq 't weijnige datter noch Is, berooven, sulcx liever hadde te sterven,</Unicode>
        </TextEquiv>
        <TextStyle xHeight="37"/>
      </TextLine>
      <TextLine id="line_8fce242b-4511-4dd2-98ab-cc672e1a7aa0">
        <Coords points="1284,3264 1709,3256 1737,3243 1757,3243 1821,3271 1849,3251 3207,3251 3243,3255 3259,3271 3420,3271 3436,3281 3436,3354 3418,3372 3363,3363 3135,3367 3111,3359 2301,3355 2273,3372 2217,3376 2185,3347 2153,3347 2137,3360 2088,3356 2073,3368 1665,3368 1657,3376 1614,3380 1284,3380"/>
        <Baseline points="1319,3342 1369,3344 1419,3342 1469,3340 1519,3340 1569,3338 1619,3337 1669,3336 1719,3336 1769,3336 1819,3335 1869,3335 1919,3335 1969,3335 2019,3337 2069,3336 2119,3336 2169,3335 2219,3336 2269,3335 2319,3335 2369,3336 2419,3337 2469,3338 2519,3338 2569,3338 2619,3337 2669,3339 2719,3339 2769,3338 2819,3338 2869,3338 2919,3336 2969,3335 3019,3337 3069,3337 3119,3336 3169,3336 3219,3335 3269,3334 3319,3334 3369,3334 3402,3336"/>
        <Word id="word_b943c054-c3ff-4fee-a060-888980f0e4bd">
          <Coords points="1320,3307 1370,3309 1398,3308 1399,3353 1369,3354 1319,3352"/>
          <TextEquiv>
            <Unicode>dit</Unicode>
          </TextEquiv>
        </Word>
        <Word id="word_23e9b953-6436-4054-ba6f-b86a34e8b121">
          <Coords points="1424,3307 1468,3305 1506,3305 1506,3350 1469,3350 1426,3352"/>
          <TextEquiv>
            <Unicode>den</Unicode>
          </TextEquiv>
        </Word>
        <Word id="word_0f0e0a08-89a7-4c1a-b609-d27153b62083">
          <Coords points="1531,3305 1567,3303 1618,3302 1668,3301 1719,3301 1719,3301 1719,3346 1719,3346 1669,3346 1619,3347 1570,3348 1533,3350"/>
          <TextEquiv>
            <Unicode>Coninck</Unicode>
          </TextEquiv>
        </Word>
        <Word id="word_b819e548-76b4-405a-b367-807f2570ff6c">
          <Coords points="1746,3301 1769,3301 1818,3300 1869,3300 1919,3300 1969,3300 2020,3302 2039,3302 2040,3347 2019,3347 1969,3345 1919,3345 1869,3345 1819,3345 1769,3346 1746,3346"/>
          <TextEquiv>
            <Unicode>aengediendt</Unicode>
          </TextEquiv>
        </Word>
        <Word id="word_65e108c7-4dba-4c06-a0a4-a9d4ec692d0a">
          <Coords points="2066,3301 2068,3301 2119,3301 2168,3300 2220,3301 2253,3300 2254,3345 2219,3346 2169,3345 2119,3346 2069,3346 2067,3346"/>
          <TextEquiv>
            <Unicode>sijnde,</Unicode>
          </TextEquiv>
        </Word>
        <Word id="word_48ddc459-a91b-46c5-8372-f6eb68500e42">
          <Coords points="2281,3300 2319,3300 2370,3301 2420,3302 2441,3302 2440,3347 2419,3347 2369,3346 2319,3345 2280,3345"/>
          <TextEquiv>
            <Unicode>seijde</Unicode>
          </TextEquiv>
        </Word>
        <Word id="word_210fcea0-c683-468c-a049-99f04fdf510d">
          <Coords points="2468,3303 2470,3303 2519,3303 2569,3303 2618,3302 2629,3302 2627,3347 2619,3347 2569,3348 2519,3348 2469,3348 2467,3348"/>
          <TextEquiv>
            <Unicode>laetse</Unicode>
          </TextEquiv>
        </Word>
        <Word id="word_25896570-a3b0-4ad6-93bc-b9ba961bce7c">
          <Coords points="2656,3303 2670,3304 2719,3304 2768,3303 2819,3303 2841,3303 2841,3348 2819,3348 2769,3348 2719,3349 2669,3349 2654,3348"/>
          <TextEquiv>
            <Unicode>sterven</Unicode>
          </TextEquiv>
        </Word>
        <Word id="word_0489ab2e-1f8d-4565-aa06-df046b5acca5">
          <Coords points="2868,3303 2869,3303 2918,3301 2947,3300 2948,3345 2919,3346 2869,3348 2868,3348"/>
          <TextEquiv>
            <Unicode>Ick</Unicode>
          </TextEquiv>
        </Word>
        <Word id="word_fbbcc028-ad93-4b1e-b464-12b0f177b23f">
          <Coords points="2976,3300 3021,3302 3055,3302 3055,3347 3019,3347 2974,3345"/>
          <TextEquiv>
            <Unicode>wil</Unicode>
          </TextEquiv>
        </Word>
        <Word id="word_2bc8b7c5-489a-4113-a277-bbe9ab2231f1">
          <Coords points="3081,3302 3118,3301 3162,3301 3162,3346 3119,3346 3082,3347"/>
          <TextEquiv>
            <Unicode>den</Unicode>
          </TextEquiv>
        </Word>
        <Word id="word_908c7733-a62d-4c99-8739-34b7da8c81a1">
          <Coords points="3187,3301 3218,3300 3268,3299 3319,3299 3369,3299 3404,3301 3401,3346 3369,3344 3319,3344 3269,3344 3219,3345 3189,3346"/>
          <TextEquiv>
            <Unicode>Eijckdom</Unicode>
          </TextEquiv>
        </Word>
        <TextEquiv conf="0.9120701149696641">
          <Unicode>dit den Coninck aengediendt sijnde, seijde laetse sterven Ick wil den Eijckdom</Unicode>
        </TextEquiv>
        <TextStyle xHeight="41"/>
      </TextLine>
      <TextLine id="line_351e51e1-66dc-4e9f-958a-cea32d358dc9">
        <Coords points="1274,3375 1639,3375 1657,3363 2092,3367 2099,3360 2139,3360 2155,3347 2183,3347 2211,3374 2263,3375 2303,3352 2759,3348 2786,3351 2794,3359 3109,3359 3153,3394 3354,3394 3354,3466 3137,3470 3117,3487 3057,3491 2738,3490 2646,3495 2626,3503 2550,3503 2530,3494 2458,3494 2446,3486 2418,3486 2379,3460 2303,3460 2296,3467 2271,3467 2200,3526 2171,3517 2087,3526 2043,3490 1755,3499 1340,3494 1305,3510 1274,3510"/>
        <Baseline points="1309,3461 1359,3457 1409,3453 1459,3452 1509,3451 1559,3452 1609,3451 1659,3450 1709,3449 1759,3449 1809,3448 1859,3449 1909,3448 1959,3447 2009,3447 2059,3446 2109,3447 2159,3447 2209,3447 2259,3447 2309,3447 2359,3447 2409,3449 2459,3451 2509,3450 2559,3449 2609,3449 2659,3449 2709,3450 2759,3448 2809,3447 2859,3447 2909,3447 2959,3447 3009,3447 3059,3447 3109,3446 3159,3447 3209,3446 3259,3446 3309,3448 3320,3449"/>
        <Word id="word_147aa77a-4e1f-4e97-95cc-9df1230c2d23">
          <Coords points="1306,3426 1356,3422 1406,3418 1458,3417 1489,3416 1489,3461 1459,3462 1410,3463 1360,3467 1310,3471"/>
          <TextEquiv>
            <Unicode>hebben,</Unicode>
          </TextEquiv>
        </Word>
        <Word id="word_bcc4040b-0013-47ac-8325-fa986f5f7ff9">
          <Coords points="1516,3416 1560,3417 1608,3416 1658,3415 1708,3414 1759,3414 1798,3413 1799,3458 1759,3459 1709,3459 1659,3460 1609,3461 1559,3462 1515,3461"/>
          <TextEquiv>
            <Unicode>eijndelijck</Unicode>
          </TextEquiv>
        </Word>
        <Word id="word_ea69450f-abec-475f-b223-049af3e31462">
          <Coords points="1826,3413 1860,3414 1875,3414 1876,3459 1859,3459 1824,3458"/>
          <TextEquiv>
            <Unicode>op</Unicode>
          </TextEquiv>
        </Word>
        <Word id="word_e5f1bdee-0a4c-4e3e-906d-e07ed7784633">
          <Coords points="1901,3413 1908,3413 1953,3412 1954,3457 1909,3458 1902,3458"/>
          <TextEquiv>
            <Unicode>'t</Unicode>
          </TextEquiv>
        </Word>
        <Word id="word_ebb17a1e-ba74-4117-b1d3-9f2ae4c5c1b7">
          <Coords points="1980,3412 2009,3412 2058,3411 2110,3412 2159,3412 2160,3412 2160,3457 2159,3457 2109,3457 2059,3456 2009,3457 1979,3457"/>
          <TextEquiv>
            <Unicode>biedden</Unicode>
          </TextEquiv>
        </Word>
        <Word id="word_f4130067-bf9b-4c46-8f49-3e47e84f9d80">
          <Coords points="2185,3412 2209,3412 2259,3412 2263,3412 2263,3457 2259,3457 2209,3457 2185,3457"/>
          <TextEquiv>
            <Unicode>der</Unicode>
          </TextEquiv>
        </Word>
        <Word id="word_9e0cca98-71a4-4cdc-aa2b-16cd1e7ec0d1">
          <Coords points="2289,3412 2309,3412 2359,3412 2410,3414 2445,3415 2443,3460 2409,3459 2359,3457 2309,3457 2289,3457"/>
          <TextEquiv>
            <Unicode>groote</Unicode>
          </TextEquiv>
        </Word>
        <Word id="word_e458c8d9-252e-4202-8369-5b57bfc765ef">
          <Coords points="2468,3416 2508,3415 2558,3414 2609,3414 2624,3414 2624,3459 2609,3459 2559,3459 2509,3460 2469,3461"/>
          <TextEquiv>
            <Unicode>Beeien</Unicode>
          </TextEquiv>
        </Word>
        <Word id="word_3b7c1733-2179-44fd-b4b8-e72086ef0d57">
          <Coords points="2650,3414 2659,3414 2702,3415 2701,3460 2659,3459 2650,3459"/>
          <TextEquiv>
            <Unicode>8b</Unicode>
          </TextEquiv>
        </Word>
        <Word id="word_2a0a6393-5180-454a-8bfd-b9574e846f3b">
          <Coords points="2724,3415 2756,3413 2778,3413 2779,3458 2760,3458 2728,3460"/>
          <TextEquiv>
            <Unicode>/4</Unicode>
          </TextEquiv>
        </Word>
        <Word id="word_9c0a757b-2abc-46c5-8fdf-2af51eb2a665">
          <Coords points="2803,3412 2808,3412 2859,3412 2907,3412 2907,3457 2859,3457 2809,3457 2804,3457"/>
          <TextEquiv>
            <Unicode>haer</Unicode>
          </TextEquiv>
        </Word>
        <Word id="word_9b80bd04-80ae-44e2-8299-b0b2ced6886e">
          <Coords points="2933,3412 2959,3412 3009,3412 3059,3412 3108,3411 3114,3411 3113,3456 3109,3456 3059,3457 3009,3457 2959,3457 2933,3457"/>
          <TextEquiv>
            <Unicode>gelaten</Unicode>
          </TextEquiv>
        </Word>
        <Word id="word_648a3533-cfbd-48b4-87ea-1195a7507e84">
          <Coords points="3140,3412 3160,3412 3190,3411 3191,3456 3159,3457 3139,3457"/>
          <TextEquiv>
            <Unicode>/¾</Unicode>
          </TextEquiv>
        </Word>
        <Word id="word_ad766fb9-02c3-4fc7-8899-ef09b89fe1ee">
          <Coords points="3217,3411 3259,3411 3310,3413 3323,3414 3319,3459 3309,3458 3259,3456 3217,3456"/>
          <TextEquiv>
            <Unicode>voor</Unicode>
          </TextEquiv>
        </Word>
        <TextEquiv conf="0.8365891767300564">
          <Unicode>hebben, eijndelijck op 't biedden der groote Beeien 8b /4 haer gelaten /¾ voor</Unicode>
        </TextEquiv>
        <TextStyle xHeight="46"/>
      </TextLine>
      <TextLine id="line_92bf210a-c26f-4c3d-942f-2d8b1fb0a566">
        <Coords points="1282,3512 1316,3508 1340,3495 1756,3500 1796,3492 2048,3491 2088,3524 2175,3519 2199,3527 2211,3524 2272,3465 2300,3464 2395,3468 2419,3488 2448,3488 2467,3499 2511,3499 2522,3508 2643,3499 3167,3499 3175,3507 3348,3507 3348,3579 2887,3576 2843,3608 2691,3608 2663,3587 2419,3591 2395,3576 2273,3569 1964,3569 1952,3581 1864,3581 1824,3612 1300,3607 1282,3599"/>
        <Baseline points="1317,3565 1367,3567 1417,3564 1467,3563 1517,3562 1567,3562 1617,3561 1667,3561 1717,3560 1767,3559 1817,3561 1867,3560 1917,3560 1967,3560 2017,3561 2067,3561 2117,3562 2167,3562 2217,3562 2267,3562 2317,3562 2367,3562 2417,3562 2467,3562 2517,3562 2567,3561 2617,3561 2667,3561 2717,3562 2767,3562 2817,3562 2867,3561 2917,3560 2967,3560 3017,3561 3067,3561 3117,3562 3167,3561 3217,3560 3267,3559 3314,3562"/>
        <Word id="word_54e64e9e-c245-4c8d-a3cb-1b2dc15858cb">
          <Coords points="1318,3530 1368,3532 1415,3529 1418,3529 1419,3574 1418,3574 1367,3577 1317,3575"/>
          <TextEquiv>
            <Unicode>den</Unicode>
          </TextEquiv>
        </Word>
        <Word id="word_bbe07100-5ac9-4faf-9234-64911dcff614">
          <Coords points="1452,3528 1466,3528 1516,3527 1567,3527 1616,3526 1667,3526 1689,3526 1689,3571 1667,3571 1617,3571 1567,3572 1517,3572 1467,3573 1452,3573"/>
          <TextEquiv>
            <Unicode>Coninck</Unicode>
          </TextEquiv>
        </Word>
        <Word id="word_5c3b094e-6fdd-464c-aa09-109e30d390ba">
          <Coords points="1722,3525 1766,3524 1818,3526 1866,3525 1917,3525 1967,3525 2018,3526 2067,3526 2118,3527 2129,3527 2129,3572 2117,3572 2067,3571 2017,3571 1967,3570 1917,3570 1867,3570 1817,3571 1767,3569 1723,3570"/>
          <TextEquiv>
            <Unicode>wechgevoerdt</Unicode>
          </TextEquiv>
        </Word>
        <Word id="word_ca674371-9886-4af4-94da-46487ce304a1">
          <Coords points="2163,3527 2167,3527 2217,3527 2265,3527 2265,3572 2217,3572 2167,3572 2163,3572"/>
          <TextEquiv>
            <Unicode>dus</Unicode>
          </TextEquiv>
        </Word>
        <Word id="word_b456795d-35b7-4c40-88ac-ef89d523e24a">
          <Coords points="2299,3527 2317,3527 2367,3527 2417,3527 2467,3527 2517,3527 2535,3527 2536,3572 2517,3572 2467,3572 2417,3572 2367,3572 2317,3572 2299,3572"/>
          <TextEquiv>
            <Unicode>moester</Unicode>
          </TextEquiv>
        </Word>
        <Word id="word_50f5e1ab-a6ac-48e4-b85e-0b9809f04d51">
          <Coords points="2569,3526 2617,3526 2667,3526 2718,3527 2767,3527 2772,3527 2772,3572 2767,3572 2717,3572 2667,3571 2617,3571 2569,3571"/>
          <TextEquiv>
            <Unicode>Weduwe</Unicode>
          </TextEquiv>
        </Word>
        <Word id="word_a8c4a2d0-7abd-439e-adf6-d258727bd2bc">
          <Coords points="2806,3527 2817,3527 2866,3526 2907,3525 2908,3570 2867,3571 2817,3572 2806,3572"/>
          <TextEquiv>
            <Unicode>die</Unicode>
          </TextEquiv>
        </Word>
        <Word id="word_4fa934dd-04eb-4dd7-b2ad-3362a57c6a68">
          <Coords points="2942,3525 2968,3525 3018,3526 3067,3526 3078,3526 3077,3571 3067,3571 3017,3571 2967,3570 2942,3570"/>
          <TextEquiv>
            <Unicode>haer</Unicode>
          </TextEquiv>
        </Word>
        <Word id="word_4c9b3f14-aa43-4ebb-9e12-755f40fdb809">
          <Coords points="3112,3527 3118,3527 3166,3526 3212,3525 3213,3570 3167,3571 3117,3572 3111,3572"/>
          <TextEquiv>
            <Unicode>man</Unicode>
          </TextEquiv>
        </Word>
        <Word id="word_825455e1-9eda-440a-a953-2d2419da4a4d">
          <Coords points="3246,3524 3266,3524 3316,3527 3313,3572 3267,3569 3247,3569"/>
          <TextEquiv>
            <Unicode>en</Unicode>
          </TextEquiv>
        </Word>
        <TextEquiv conf="0.9166806154995938">
          <Unicode>den Coninck wechgevoerdt dus moester Weduwe die haer man en</Unicode>
        </TextEquiv>
        <TextStyle xHeight="37"/>
      </TextLine>
      <TextLine id="line_0d40b93b-7208-4ed0-b752-1f36164b2bcd">
        <Coords points="1302,3606 1824,3610 1859,3583 2011,3579 2019,3571 2304,3571 2311,3578 2415,3578 2423,3586 2627,3586 2667,3590 2687,3609 3411,3610 3411,3682 3174,3678 3158,3691 2978,3691 2946,3710 2751,3709 2724,3698 2691,3714 2635,3714 2623,3705 2543,3697 2204,3698 2147,3690 2121,3710 1971,3714 1947,3693 1916,3690 1883,3710 1631,3710 1575,3701 1532,3718 1302,3713"/>
        <Baseline points="1337,3666 1387,3672 1437,3672 1487,3671 1537,3671 1587,3672 1637,3673 1687,3672 1737,3671 1787,3670 1837,3670 1887,3670 1937,3670 1987,3670 2037,3669 2087,3669 2137,3671 2187,3671 2237,3670 2287,3671 2337,3670 2387,3671 2437,3672 2487,3671 2537,3672 2587,3671 2637,3671 2687,3670 2737,3671 2787,3669 2837,3668 2887,3668 2937,3667 2987,3667 3037,3667 3087,3666 3137,3665 3187,3666 3237,3667 3287,3665 3337,3665 3377,3665"/>
        <Word id="word_93f71d80-0404-4673-89d0-1cda0e2ad97b">
          <Coords points="1341,3631 1391,3637 1437,3637 1486,3636 1537,3636 1588,3637 1603,3637 1603,3682 1587,3682 1537,3681 1487,3681 1437,3682 1386,3682 1336,3676"/>
          <TextEquiv>
            <Unicode>voorsaten</Unicode>
          </TextEquiv>
        </Word>
        <Word id="word_a749b17a-13ae-4810-b3b7-f6fc5b6cefde">
          <Coords points="1633,3638 1638,3638 1686,3637 1736,3636 1750,3636 1751,3681 1737,3681 1687,3682 1637,3683 1632,3683"/>
          <TextEquiv>
            <Unicode>5100</Unicode>
          </TextEquiv>
        </Word>
        <Word id="word_6406683d-169f-4cfc-b03f-1d5ee9f856c0">
          <Coords points="1780,3635 1786,3635 1837,3635 1887,3635 1937,3635 1958,3635 1958,3680 1937,3680 1887,3680 1837,3680 1787,3680 1780,3680"/>
          <TextEquiv>
            <Unicode>Jaeren</Unicode>
          </TextEquiv>
        </Word>
        <Word id="word_5ba6bdef-cbd6-40e2-a742-0c26711cfc36">
          <Coords points="1987,3635 2016,3634 2017,3679 1987,3680"/>
          <TextEquiv>
            <Unicode>5</Unicode>
          </TextEquiv>
        </Word>
        <Word id="word_26eabf30-5aa7-4297-812c-c1647bd97284">
          <Coords points="2047,3634 2087,3634 2138,3636 2165,3636 2165,3681 2137,3681 2087,3679 2046,3679"/>
          <TextEquiv>
            <Unicode>lacq</Unicode>
          </TextEquiv>
        </Word>
        <Word id="word_ea90c5c8-6365-4a51-b6a5-e184031aae09">
          <Coords points="2193,3636 2236,3635 2288,3636 2336,3635 2388,3636 2402,3636 2401,3681 2387,3681 2337,3680 2287,3681 2237,3680 2194,3681"/>
          <TextEquiv>
            <Unicode>Incomst</Unicode>
          </TextEquiv>
        </Word>
        <Word id="word_ce7a6c71-0ceb-4e12-9b0b-56c2fe117fae">
          <Coords points="2431,3637 2438,3637 2486,3636 2538,3637 2586,3636 2637,3636 2686,3635 2727,3636 2726,3681 2687,3680 2637,3681 2587,3681 2537,3682 2487,3681 2437,3682 2431,3682"/>
          <TextEquiv>
            <Unicode>vredelijck</Unicode>
          </TextEquiv>
        </Word>
        <Word id="word_dbba597c-3029-4ede-be3f-833123b1e129">
          <Coords points="2753,3636 2784,3634 2836,3633 2887,3633 2936,3632 2987,3632 2993,3632 2993,3677 2987,3677 2937,3677 2887,3678 2837,3678 2788,3679 2757,3681"/>
          <TextEquiv>
            <Unicode>besetten</Unicode>
          </TextEquiv>
        </Word>
        <Word id="word_77b6df5a-2ec5-463b-8a39-0f311276c358">
          <Coords points="3022,3632 3037,3632 3086,3631 3136,3630 3171,3631 3170,3676 3137,3675 3087,3676 3037,3677 3022,3677"/>
          <TextEquiv>
            <Unicode>hadde</Unicode>
          </TextEquiv>
        </Word>
        <Word id="word_2bc72774-9b1e-400b-81ea-cae6c7ac70aa">
          <Coords points="3200,3631 3238,3632 3257,3631 3259,3676 3237,3677 3199,3676"/>
          <TextEquiv>
            <Unicode>nu</Unicode>
          </TextEquiv>
        </Word>
        <Word id="word_8e25ad6f-8d7c-47eb-8a0c-da5bf0c81099">
          <Coords points="3288,3630 3337,3630 3377,3630 3377,3675 3337,3675 3288,3675"/>
          <TextEquiv>
            <Unicode>met</Unicode>
          </TextEquiv>
        </Word>
        <TextEquiv conf="0.9226353273477065">
          <Unicode>voorsaten 5100 Jaeren 5 lacq Incomst vredelijck besetten hadde nu met</Unicode>
        </TextEquiv>
        <TextStyle xHeight="37"/>
      </TextLine>
      <TextLine id="line_86e55de2-f970-4b99-836c-42200a865240">
        <Coords points="1281,3712 1567,3703 1886,3708 1930,3687 1974,3716 2050,3716 2118,3712 2154,3680 2215,3680 2230,3692 2714,3691 2723,3699 2737,3695 2761,3716 2837,3703 2885,3703 2934,3715 2956,3700 3025,3699 3108,3703 3120,3712 3348,3711 3364,3724 3421,3721 3421,3793 3144,3792 3116,3820 2985,3820 2964,3803 2338,3824 2234,3824 2218,3815 1830,3820 1817,3811 1750,3811 1731,3792 1690,3792 1658,3820 1622,3832 1519,3823 1281,3827"/>
        <Baseline points="1316,3791 1366,3789 1416,3787 1466,3785 1516,3785 1566,3784 1616,3781 1666,3781 1716,3780 1766,3780 1816,3779 1866,3779 1916,3779 1966,3778 2016,3779 2066,3779 2116,3778 2166,3778 2216,3778 2266,3777 2316,3777 2366,3778 2416,3779 2466,3779 2516,3779 2566,3779 2616,3779 2666,3779 2716,3778 2766,3778 2816,3778 2866,3778 2916,3779 2966,3779 3016,3780 3066,3779 3116,3779 3166,3780 3216,3779 3266,3776 3316,3774 3366,3774 3387,3776"/>
        <Word id="word_1edc2056-ab22-4c29-a1ee-b9f802ed9129">
          <Coords points="1315,3756 1365,3754 1371,3754 1373,3799 1366,3799 1316,3801"/>
          <TextEquiv>
            <Unicode>20</Unicode>
          </TextEquiv>
        </Word>
        <Word id="word_70dda224-c6ff-4361-9320-6a5542b3f4ec">
          <Coords points="1400,3753 1415,3752 1465,3750 1516,3750 1565,3749 1614,3746 1628,3746 1628,3791 1617,3791 1566,3794 1516,3795 1466,3795 1416,3797 1401,3798"/>
          <TextEquiv>
            <Unicode>Operdauw</Unicode>
          </TextEquiv>
        </Word>
        <Word id="word_56f07a77-4e21-41fd-b2b6-4154f32e3ca7">
          <Coords points="1656,3746 1666,3746 1715,3745 1766,3745 1815,3744 1866,3744 1883,3744 1883,3789 1866,3789 1816,3789 1766,3790 1716,3790 1666,3791 1656,3791"/>
          <TextEquiv>
            <Unicode>afstaen,</Unicode>
          </TextEquiv>
        </Word>
        <Word id="word_dc7bf7a5-bf30-4af7-8684-ca53da8c60d3">
          <Coords points="1912,3744 1916,3744 1965,3743 2017,3744 2066,3744 2081,3744 2082,3789 2066,3789 2016,3789 1966,3788 1916,3789 1912,3789"/>
          <TextEquiv>
            <Unicode>hebben</Unicode>
          </TextEquiv>
        </Word>
        <Word id="word_b9d658e7-a725-4acc-b4d4-a22ade54341d">
          <Coords points="2110,3743 2115,3743 2166,3743 2167,3743 2167,3788 2166,3788 2116,3788 2111,3788"/>
          <TextEquiv>
            <Unicode>de</Unicode>
          </TextEquiv>
        </Word>
        <Word id="word_2dd85391-12c9-4962-a02a-e06ef14e18ad">
          <Coords points="2195,3743 2216,3743 2265,3742 2316,3742 2367,3743 2417,3744 2466,3744 2516,3744 2564,3744 2564,3789 2516,3789 2466,3789 2416,3789 2366,3788 2316,3787 2266,3787 2216,3788 2195,3788"/>
          <TextEquiv>
            <Unicode>beijnichdagen</Unicode>
          </TextEquiv>
        </Word>
        <Word id="word_4655d8f3-aea8-418a-8fa9-9305f116c7c8">
          <Coords points="2593,3744 2616,3744 2666,3744 2715,3743 2766,3743 2816,3743 2820,3743 2820,3788 2816,3788 2766,3788 2716,3788 2666,3789 2616,3789 2593,3789"/>
          <TextEquiv>
            <Unicode>Verleden</Unicode>
          </TextEquiv>
        </Word>
        <Word id="word_a393be0f-efb7-4c97-abd4-8c1e0b0eec91">
          <Coords points="2848,3743 2866,3743 2906,3744 2905,3789 2866,3788 2848,3788"/>
          <TextEquiv>
            <Unicode>'t</Unicode>
          </TextEquiv>
        </Word>
        <Word id="word_a97a7310-03e5-40e5-9b23-c742997b2c9b">
          <Coords points="2933,3744 2966,3744 3017,3745 3065,3744 3075,3744 3075,3789 3066,3789 3016,3790 2966,3789 2933,3789"/>
          <TextEquiv>
            <Unicode>voors</Unicode>
          </TextEquiv>
        </Word>
        <Word id="word_0cb29c33-fbe0-4c28-86c2-0097833a143c">
          <Coords points="3103,3744 3116,3744 3133,3744 3132,3789 3116,3789 3103,3789"/>
          <TextEquiv>
            <Unicode>/</Unicode>
          </TextEquiv>
        </Word>
        <Word id="word_05b9f37d-04bc-43d8-aeb4-75564a187558">
          <Coords points="3161,3745 3167,3745 3215,3744 3264,3741 3272,3741 3274,3786 3267,3786 3216,3789 3166,3790 3160,3790"/>
          <TextEquiv>
            <Unicode>ende</Unicode>
          </TextEquiv>
        </Word>
        <Word id="word_df3f96b7-76c4-4664-ab23-ce4e64e9147a">
          <Coords points="3301,3740 3315,3739 3366,3739 3390,3741 3386,3786 3366,3784 3316,3784 3302,3785"/>
          <TextEquiv>
            <Unicode>10O</Unicode>
          </TextEquiv>
        </Word>
        <TextEquiv conf="0.8199449627224701">
          <Unicode>20 Operdauw afstaen, hebben de beijnichdagen Verleden 't voors / ende 10O</Unicode>
        </TextEquiv>
        <TextStyle xHeight="43"/>
      </TextLine>
      <TextLine id="fc583f0c-1535-465a-83ca-f9c8f971f883">
        <Coords points="1275,3838 1589,3838 1653,3822 1689,3790 1730,3790 1753,3813 1815,3813 1828,3822 2100,3813 2400,3826 2621,3825 2621,3897 2484,3897 2448,3914 2396,3914 2324,3949 2216,3948 2194,3964 2152,3964 2116,3929 1893,3929 1697,3930 1689,3938 1641,3938 1625,3953 1553,3953 1529,3941 1365,3941 1331,3969 1275,3968"/>
        <Baseline points="1310,3905 1360,3901 1410,3901 1460,3900 1510,3900 1560,3899 1610,3899 1660,3897 1710,3897 1760,3897 1810,3896 1860,3895 1910,3895 1960,3895 2010,3895 2060,3893 2110,3891 2160,3891 2210,3891 2260,3890 2310,3890 2360,3889 2410,3888 2460,3888 2510,3885 2560,3884 2587,3880"/>
        <Word id="word_e0ae0ed3-69d7-4aba-99c1-14d2cd54b4fd">
          <Coords points="1307,3870 1357,3866 1410,3866 1459,3865 1510,3865 1559,3864 1586,3864 1586,3909 1560,3909 1510,3910 1460,3910 1410,3911 1361,3911 1311,3915"/>
          <TextEquiv>
            <Unicode>perdauws</Unicode>
          </TextEquiv>
        </Word>
        <Word id="word_507c830c-4c80-47f5-bebb-9b1dc9fc0d95">
          <Coords points="1619,3864 1658,3862 1710,3862 1760,3862 1793,3861 1793,3906 1760,3907 1710,3907 1661,3907 1621,3909"/>
          <TextEquiv>
            <Unicode>landt</Unicode>
          </TextEquiv>
        </Word>
        <Word id="word_e9fe5c13-62b4-466f-bd78-7fb6794cf787">
          <Coords points="1827,3861 1859,3860 1910,3860 1960,3860 1966,3860 1966,3905 1960,3905 1910,3905 1860,3905 1828,3906"/>
          <TextEquiv>
            <Unicode>haer</Unicode>
          </TextEquiv>
        </Word>
        <Word id="word_42808d11-0df8-4328-9804-36c5bd9ecd40">
          <Coords points="2000,3860 2010,3860 2059,3858 2109,3856 2138,3856 2138,3901 2110,3901 2060,3903 2010,3905 2000,3905"/>
          <TextEquiv>
            <Unicode>mede</Unicode>
          </TextEquiv>
        </Word>
        <Word id="word_174a45d8-ab2a-41e8-aeee-d80b415656c4">
          <Coords points="2173,3856 2210,3856 2259,3855 2310,3855 2359,3854 2409,3853 2460,3853 2508,3850 2518,3850 2518,3895 2511,3895 2460,3898 2410,3898 2360,3899 2310,3900 2260,3900 2210,3901 2173,3901"/>
          <TextEquiv>
            <Unicode>afgenomen.</Unicode>
          </TextEquiv>
        </Word>
        <Word id="word_7bc24adb-23cc-4ced-ad4b-792cd3e4b105">
          <Coords points="2552,3849 2559,3849 2582,3845 2588,3890 2560,3894 2553,3894"/>
          <TextEquiv>
            <Unicode>—</Unicode>
          </TextEquiv>
        </Word>
        <TextEquiv conf="0.9199548876018177">
          <Unicode>perdauws landt haer mede afgenomen. —</Unicode>
        </TextEquiv>
        <TextStyle xHeight="39"/>
      </TextLine>
      <TextLine id="line_532c4569-08c7-4d33-ad66-fb619ef32c6e">
        <Coords points="1204,3971 1329,3970 1362,3942 1538,3942 1550,3951 1629,3951 1645,3935 1697,3931 2117,3930 2149,3962 2193,3963 2221,3946 2324,3951 2360,3934 2516,3939 2524,3931 2580,3926 2832,3926 2864,3951 2973,3947 2980,3954 3043,3954 3063,3962 3311,3971 3404,3966 3404,4037 3139,4038 3079,4082 3056,4085 2424,4081 2408,4065 2141,4065 2114,4042 1965,4045 1925,4054 1773,4053 1733,4086 1597,4085 1567,4104 1546,4088 1490,4089 1470,4081 1204,4081"/>
        <Baseline points="1239,4049 1289,4046 1339,4046 1389,4044 1439,4039 1489,4036 1539,4034 1589,4034 1639,4035 1689,4035 1739,4035 1789,4035 1839,4035 1889,4034 1939,4033 1989,4033 2039,4033 2089,4032 2139,4031 2189,4031 2239,4032 2289,4032 2339,4031 2389,4031 2439,4031 2489,4029 2539,4030 2589,4030 2639,4030 2689,4031 2739,4030 2789,4032 2839,4032 2889,4031 2939,4031 2989,4030 3039,4029 3089,4029 3139,4027 3189,4025 3239,4024 3289,4023 3339,4022 3370,4020"/>
        <Word id="word_83febccb-d128-455c-b77a-159dc35af5e7">
          <Coords points="1237,4014 1287,4011 1339,4011 1388,4009 1436,4004 1487,4001 1531,3999 1533,4044 1490,4046 1440,4049 1389,4054 1339,4056 1290,4056 1240,4059"/>
          <TextEquiv>
            <Unicode>Zeekeren</Unicode>
          </TextEquiv>
        </Word>
        <Word id="word_b564bf9a-4936-4b25-b216-bc92bd1f6576">
          <Coords points="1571,3998 1591,3999 1640,4000 1689,4000 1739,4000 1789,4000 1827,4000 1827,4045 1789,4045 1739,4045 1689,4045 1639,4045 1588,4044 1569,4043"/>
          <TextEquiv>
            <Unicode>grooten</Unicode>
          </TextEquiv>
        </Word>
        <Word id="word_4ec7551f-c496-4c11-bda9-20b600e0b0f5">
          <Coords points="1862,4000 1888,3999 1938,3998 1974,3998 1974,4043 1939,4043 1889,4044 1864,4045"/>
          <TextEquiv>
            <Unicode>Ba.</Unicode>
          </TextEquiv>
        </Word>
        <Word id="word_e7ba9210-72df-44d4-b546-9bd3fbf1adbb">
          <Coords points="2010,3998 2039,3998 2083,3997 2084,4042 2039,4043 2010,4043"/>
          <TextEquiv>
            <Unicode>t'</Unicode>
          </TextEquiv>
        </Word>
        <Word id="word_b520066e-5673-4834-af6a-aeab1feb8053">
          <Coords points="2120,3996 2138,3996 2189,3996 2240,3997 2289,3997 2304,3997 2305,4042 2289,4042 2239,4042 2189,4041 2139,4041 2121,4041"/>
          <TextEquiv>
            <Unicode>voren</Unicode>
          </TextEquiv>
        </Word>
        <Word id="word_24ed989c-2943-41cc-9aaa-9254eae74574">
          <Coords points="2341,3996 2389,3996 2439,3996 2488,3994 2540,3995 2589,3995 2639,3995 2690,3996 2738,3995 2747,3995 2745,4040 2739,4040 2689,4041 2639,4040 2589,4040 2539,4040 2489,4039 2439,4041 2389,4041 2341,4041"/>
          <TextEquiv>
            <Unicode>Veerelandts</Unicode>
          </TextEquiv>
        </Word>
        <Word id="word_8ee6f28f-c52d-4e26-901e-8da89b6c3301">
          <Coords points="2783,3997 2790,3997 2839,3997 2888,3996 2939,3996 2988,3995 3038,3994 3039,3994 3039,4039 3039,4039 2989,4040 2939,4041 2889,4041 2839,4042 2789,4042 2782,4042"/>
          <TextEquiv>
            <Unicode>beseten</Unicode>
          </TextEquiv>
        </Word>
        <Word id="word_0f8b2abf-b0e0-4511-a9b6-e292afea30c2">
          <Coords points="3076,3994 3089,3994 3138,3992 3188,3990 3238,3989 3288,3988 3338,3987 3368,3985 3371,4030 3339,4032 3289,4033 3239,4034 3189,4035 3139,4037 3089,4039 3076,4039"/>
          <TextEquiv>
            <Unicode>hebbende</Unicode>
          </TextEquiv>
        </Word>
        <TextEquiv conf="0.8990307600304549">
          <Unicode>Zeekeren grooten Ba. t' voren Veerelandts beseten hebbende</Unicode>
        </TextEquiv>
        <TextStyle xHeight="45"/>
      </TextLine>
      <TextLine id="line_45362a54-b389-4047-bd04-b1fe6db20a41">
        <Coords points="1273,4057 1588,4041 1647,4084 1739,4084 1759,4064 1903,4064 2031,4053 2043,4041 2112,4041 2139,4063 2410,4063 2430,4080 3062,4084 3090,4072 3355,4072 3355,4144 3270,4141 3254,4157 3150,4148 2674,4149 2654,4157 2606,4157 2594,4168 2582,4163 2573,4172 2551,4163 2115,4163 2083,4180 1575,4180 1479,4179 1451,4154 1273,4153"/>
        <Baseline points="1308,4143 1358,4138 1408,4138 1458,4137 1508,4138 1558,4138 1608,4137 1658,4138 1708,4138 1758,4138 1808,4137 1858,4138 1908,4138 1958,4139 2008,4138 2058,4138 2108,4138 2158,4138 2208,4138 2258,4138 2308,4138 2358,4137 2408,4138 2458,4138 2508,4138 2558,4138 2608,4139 2658,4141 2708,4141 2758,4140 2808,4140 2858,4140 2908,4139 2958,4138 3008,4138 3058,4137 3108,4136 3158,4135 3208,4135 3258,4134 3308,4129 3321,4127"/>
        <Word id="word_ce2874d0-aad2-4b6b-b10a-759ea91e48e0">
          <Coords points="1305,4108 1355,4103 1408,4103 1421,4103 1421,4148 1408,4148 1359,4148 1309,4153"/>
          <TextEquiv>
            <Unicode>ende</Unicode>
          </TextEquiv>
        </Word>
        <Word id="word_a44f79da-0018-4103-918b-033ba365b61a">
          <Coords points="1449,4102 1457,4102 1509,4103 1558,4103 1607,4102 1649,4103 1648,4148 1608,4147 1558,4148 1508,4148 1458,4147 1450,4147"/>
          <TextEquiv>
            <Unicode>daervan</Unicode>
          </TextEquiv>
        </Word>
        <Word id="word_31dee005-a877-443e-95e4-25c4b3d1ea69">
          <Coords points="1676,4103 1708,4103 1758,4103 1807,4102 1859,4103 1903,4103 1903,4148 1858,4148 1808,4147 1758,4148 1708,4148 1677,4148"/>
          <TextEquiv>
            <Unicode>berooft,</Unicode>
          </TextEquiv>
        </Word>
        <Word id="word_6d838cc7-4820-4d56-9cd9-c538fb8b4146">
          <Coords points="1933,4103 1959,4104 2007,4103 2058,4103 2073,4103 2073,4148 2058,4148 2008,4148 1958,4149 1931,4148"/>
          <TextEquiv>
            <Unicode>heeft</Unicode>
          </TextEquiv>
        </Word>
        <Word id="word_4b5c976c-5211-4b41-bd1f-ab23c4a66c7a">
          <Coords points="2102,4103 2108,4103 2158,4103 2208,4103 2215,4103 2215,4148 2208,4148 2158,4148 2108,4148 2102,4148"/>
          <TextEquiv>
            <Unicode>sijn</Unicode>
          </TextEquiv>
        </Word>
        <Word id="word_224eb62a-73f0-4910-bd1f-04c180c79159">
          <Coords points="2244,4103 2258,4103 2308,4103 2357,4102 2409,4103 2414,4103 2414,4148 2408,4148 2358,4147 2308,4148 2258,4148 2244,4148"/>
          <TextEquiv>
            <Unicode>Vrouwe</Unicode>
          </TextEquiv>
        </Word>
        <Word id="word_11cde76a-4feb-4843-8e17-34283474bf64">
          <Coords points="2442,4103 2458,4103 2508,4103 2558,4103 2609,4104 2642,4105 2640,4150 2608,4149 2558,4148 2508,4148 2458,4148 2442,4148"/>
          <TextEquiv>
            <Unicode>buijten</Unicode>
          </TextEquiv>
        </Word>
        <Word id="word_f338212f-3917-4b3a-afca-b1741717f1ba">
          <Coords points="2669,4106 2708,4106 2757,4105 2808,4105 2839,4105 2839,4150 2808,4150 2758,4150 2708,4151 2669,4151"/>
          <TextEquiv>
            <Unicode>Velour</Unicode>
          </TextEquiv>
        </Word>
        <Word id="word_25d58a6a-bd82-4f21-8e64-56cbb86eabf0">
          <Coords points="2867,4105 2907,4104 2957,4103 3008,4103 3009,4103 3010,4148 3008,4148 2958,4148 2908,4149 2868,4150"/>
          <TextEquiv>
            <Unicode>onder</Unicode>
          </TextEquiv>
        </Word>
        <Word id="word_a32d61bc-b75b-4f4c-b63b-98e31bb33a70">
          <Coords points="3037,4102 3057,4102 3107,4101 3157,4100 3208,4100 3257,4099 3305,4094 3316,4092 3322,4137 3309,4139 3258,4144 3208,4145 3158,4145 3108,4146 3058,4147 3038,4147"/>
          <TextEquiv>
            <Unicode>bewaeringe</Unicode>
          </TextEquiv>
        </Word>
        <TextEquiv conf="0.9315898061412213">
          <Unicode>ende daervan berooft, heeft sijn Vrouwe buijten Velour onder bewaeringe</Unicode>
        </TextEquiv>
        <TextStyle xHeight="36"/>
      </TextLine>
      <TextLine id="line_4bd83041-2e69-4b4a-a571-eeab21317d57">
        <Coords points="1257,4152 1453,4155 1479,4179 1575,4180 2082,4180 2118,4163 2553,4163 2568,4172 2579,4161 2593,4168 2605,4159 2625,4167 2685,4168 2949,4163 2961,4172 3341,4168 3341,4240 2989,4248 2961,4256 2933,4280 2906,4287 2613,4287 2453,4291 2429,4299 1850,4307 1754,4346 1739,4346 1730,4337 1543,4338 1471,4329 1257,4326"/>
        <Baseline points="1292,4236 1342,4239 1392,4236 1442,4233 1492,4233 1542,4231 1592,4232 1642,4231 1692,4231 1742,4232 1792,4230 1842,4231 1892,4232 1942,4231 1992,4232 2042,4234 2092,4233 2142,4234 2192,4235 2242,4236 2292,4236 2342,4236 2392,4236 2442,4237 2492,4239 2542,4239 2592,4239 2642,4239 2692,4240 2742,4240 2792,4241 2842,4242 2892,4241 2942,4239 2992,4237 3042,4236 3092,4234 3142,4231 3192,4229 3242,4227 3292,4225 3307,4223"/>
        <Word id="word_eafe32a8-dcdf-48ae-9647-61388e0c1b65">
          <Coords points="1294,4201 1344,4204 1390,4201 1394,4201 1397,4246 1393,4246 1341,4249 1291,4246"/>
          <TextEquiv>
            <Unicode>van</Unicode>
          </TextEquiv>
        </Word>
        <Word id="word_ea3c56de-2570-4d4a-8d88-6d49989d6862">
          <Coords points="1429,4199 1440,4198 1492,4198 1499,4198 1501,4243 1492,4243 1443,4243 1431,4244"/>
          <TextEquiv>
            <Unicode>10</Unicode>
          </TextEquiv>
        </Word>
        <Word id="word_59664317-baf9-4ebe-8191-eed9fc967def">
          <Coords points="1534,4196 1541,4196 1593,4197 1641,4196 1692,4196 1709,4196 1709,4241 1692,4241 1642,4241 1592,4242 1542,4241 1535,4241"/>
          <TextEquiv>
            <Unicode>pions</Unicode>
          </TextEquiv>
        </Word>
        <Word id="word_fee0754f-df81-4062-a478-9c61aeae3807">
          <Coords points="1742,4197 1791,4195 1843,4196 1893,4197 1941,4196 1993,4197 2023,4198 2021,4243 1992,4242 1942,4241 1892,4242 1842,4241 1792,4240 1744,4242"/>
          <TextEquiv>
            <Unicode>gelaten,</Unicode>
          </TextEquiv>
        </Word>
        <Word id="word_ff9fbcac-c2bb-4ec3-a6b7-5412bee63164">
          <Coords points="2055,4200 2090,4198 2143,4199 2193,4200 2196,4200 2195,4245 2192,4245 2142,4244 2092,4243 2057,4245"/>
          <TextEquiv>
            <Unicode>ende</Unicode>
          </TextEquiv>
        </Word>
        <Word id="word_7712cca2-db92-4989-b9c2-4aebec6dd94b">
          <Coords points="2231,4201 2243,4201 2292,4201 2342,4201 2392,4201 2439,4202 2438,4247 2392,4246 2342,4246 2292,4246 2242,4246 2230,4246"/>
          <TextEquiv>
            <Unicode>naerd'</Unicode>
          </TextEquiv>
        </Word>
        <Word id="word_13b12284-3620-42fa-aeb9-23a422238f57">
          <Coords points="2476,4203 2495,4204 2542,4204 2592,4204 2642,4204 2693,4205 2742,4205 2752,4205 2751,4250 2742,4250 2692,4250 2642,4249 2592,4249 2542,4249 2491,4249 2473,4248"/>
          <TextEquiv>
            <Unicode>oorlogen</Unicode>
          </TextEquiv>
        </Word>
        <Word id="word_db0a323d-c400-4e9d-827d-7221f76822b5">
          <Coords points="2787,4206 2793,4206 2843,4207 2890,4206 2891,4251 2842,4252 2792,4251 2786,4251"/>
          <TextEquiv>
            <Unicode>van</Unicode>
          </TextEquiv>
        </Word>
        <Word id="word_038e7e7d-dfae-4f63-8c64-15a52dfbc798">
          <Coords points="2922,4205 2939,4204 2991,4202 3041,4201 3091,4199 3140,4196 3191,4194 3236,4192 3238,4237 3192,4239 3143,4241 3092,4244 3042,4246 2992,4247 2943,4249 2926,4250"/>
          <TextEquiv>
            <Unicode>Tarsjouer</Unicode>
          </TextEquiv>
        </Word>
        <Word id="word_2b957c80-fc73-4760-b27d-0bae5b3e4410">
          <Coords points="3271,4191 3291,4190 3302,4188 3308,4233 3292,4235 3273,4236"/>
          <TextEquiv>
            <Unicode>—</Unicode>
          </TextEquiv>
        </Word>
        <TextEquiv conf="0.8984670028880068">
          <Unicode>van 10 pions gelaten, ende naerd' oorlogen van Tarsjouer —</Unicode>
        </TextEquiv>
        <TextStyle xHeight="48"/>
      </TextLine>
    </TextRegion>
  </Page>
</PcGts>
