3703 4828
1404 595 1571 643 Twee
1612 596 1820 641 dagen
1861 597 2027 642 naer
2068 594 2358 641 gemelte
2399 593 2607 639 mijne
2647 591 2980 639 Jongsten
3020 593 3103 638 is
3145 592 3311 639 hier
3350 590 3478 638 van

3381 651 3425 696 e

1424 697 1698 749 gamron
1742 686 2330 741 gerefourneert
2375 685 2737 733 toorlogs
2781 682 3008 731 Jacht
3052 679 3414 727 valckend

1427 796 1660 856 sijnde
1695 786 1927 839 aldaer
1963 779 2080 830 den
2116 776 2194 823 26
2231 769 2540 820 Januarij
2575 767 2997 819 g'arriveert
3034 763 3188 811 ende
3226 761 3341 808 den
3377 759 3503 812 2en

1429 890 1641 943 teb„r
1682 886 1809 935 van
1850 880 2018 931 daer
2058 871 2521 923 vertrocken)
2559 869 2688 918 Bij
2729 868 2813 914 t'
2854 865 3106 913 welcke
3148 863 3316 910 mijn
3357 863 3527 913 vand

1430 980 1815 1036 directeur
1858 968 2284 1025 wollebrant
2325 963 2667 1012 geleijns
2707 959 2880 1007 niet
2921 958 3306 1005 Besonders
3348 954 3477 1001 aen

1426 1084 1789 1142 geschreven
1823 1077 2039 1127 werdt.
2075 1074 2219 1122 (als
2255 1073 2398 1120 d„os
2432 1065 2614 1119 Copia
2649 1061 2721 1108 N.
2755 1058 2793 1105 o
2826 1056 2900 1102 4.
2934 1054 3080 1102 uijt
3111 1050 3331 1099 wijsen
3367 1045 3511 1095 can„

1425 1188 1541 1235 als
1579 1179 2004 1232 alleenlijck
2043 1178 2120 1224 d'
2158 1174 2468 1222 droevige
2504 1169 2854 1218 geruchten
2891 1168 3008 1214 dat
3045 1166 3163 1213 het
3198 1163 3394 1211 jacht
3432 1159 3510 1207 de

1409 1284 1790 1346 schelvisch
1828 1282 1978 1329 voor
2015 1277 2279 1326 Bassora
2317 1273 2506 1323 soude
2542 1267 2957 1317 gesprongen,
2995 1268 3145 1315 ende
3183 1270 3526 1318 t'eeneman

1385 1398 1642 1453 vergaan
1676 1389 1861 1441 sijn,
1897 1387 2044 1433 doch
2080 1385 2154 1431 op
2190 1380 2557 1431 'tsluijten
2593 1377 2923 1424 desselffs
2959 1375 3106 1422 wert
3143 1372 3289 1419 dese
3325 1370 3512 1418 quade

1408 1511 1737 1565 tijdingh
1778 1506 1902 1554 wat
1942 1502 2311 1550 versacht,
2352 1498 2681 1547 verstaan
2720 1491 3050 1541 hebbende
3091 1491 3256 1539 uijt
3294 1494 3503 1543 congo

1415 1616 1535 1666 dat
1572 1610 1693 1660 jnt
1732 1604 2089 1655 passeeren
2128 1603 2287 1649 voor
2327 1600 2446 1647 Bij
2485 1596 2723 1645 stordt
2762 1590 3119 1640 (:volgens
3158 1588 3517 1636 costuijme

1403 1712 1557 1765 drij
1594 1700 2009 1756 eerschooten
2046 1695 2310 1744 doende,
2347 1694 2461 1739 een
2498 1689 2688 1738 canon
2723 1684 2913 1732 soude
2951 1682 3328 1729 geborsten,
3366 1683 3519 1730 ende

1408 1810 1573 1858 daer
1613 1805 1778 1854 door
1818 1800 1942 1849 d„o
1983 1793 2189 1844 jacht
2229 1781 2764 1836 ontramponeert
2805 1781 2969 1827 ende
3010 1774 3426 1825 schadeloos

1399 1906 1762 1966 gemaeckt
1806 1901 2077 1950 wesen,
2122 1901 2257 1947 met
2301 1890 2571 1945 welcke
2614 1880 2841 1933 goede
2883 1872 3110 1924 hoope
3152 1860 3335 1915 mijn
3377 1853 3514 1904 een

1396 2013 1556 2064 tijt
1594 2006 1795 2056 lanck
1832 2002 2116 2051 gevoedt
2155 1998 2395 2046 hebbe,
2434 1997 2555 2043 tot
2594 1995 2715 2042 dat
2755 1995 2835 2041 d'
2870 1990 3194 2042 Engeslse
3233 1982 3516 2034 jachten

1418 2105 1501 2152 d'
1536 2102 1705 2154 Inde
1746 2097 1911 2147 vre.
1951 2093 2116 2141 ende
2156 2086 2444 2137 wilhelm
2484 2083 2608 2131 den
2649 2082 2731 2128 18
2771 2082 3059 2129 passado
3100 2081 3224 2128 van
3264 2075 3511 2125 gamron

1401 2193 1818 2248 g'arriveert
1855 2188 2045 2237 sijn,
2081 2187 2159 2233 p.
2196 2186 2235 2231 r
2273 2184 2349 2231 d'
2386 2182 2614 2229 welcke
2652 2178 2879 2227 (:godt
2917 2177 3183 2224 Betert)
3220 2168 3527 2222 contrari

1391 2299 1741 2359 vernomen
1783 2292 2044 2343 hebbe,
2081 2286 2260 2336 ende
2303 2284 2477 2330 wert
2519 2279 2867 2328 d'eerste
2910 2275 3258 2324 tijdinge
3299 2278 3430 2328 bij
3467 2277 3517 2328 d

1380 2403 1575 2452 Copia
1612 2397 1730 2447 van
1768 2393 1886 2441 een
1923 2386 2118 2436 Cleen
2156 2380 2506 2430 Brieffken
2544 2378 2700 2425 door
2738 2376 2817 2423 de
2855 2374 3050 2420 solae
3088 2375 3168 2422 te
3204 2379 3518 2431 Basseras

1392 2494 1825 2563 residenten
1868 2487 2128 2538 aenden
2170 2478 2560 2531 directeur
2603 2474 3036 2522 voornoemdt
3077 2469 3515 2521 geschreven

1398 2593 1946 2657 g'confirmeert,
1984 2589 2142 2637 waer
2180 2587 2298 2633 van
2336 2585 2415 2632 't
2453 2583 2845 2630 affschrift
2884 2581 3080 2628 onder
3117 2579 3236 2627 1x.
3274 2579 3315 2626 5
3351 2580 3512 2627 hier

1393 2695 1631 2751 nevens
1670 2690 1865 2738 gaet,
1904 2687 2061 2735 waer
2100 2684 2218 2731 Bij
2257 2681 2453 2728 uEd:e
2491 2677 2727 2726 sullen
2765 2675 3079 2722 gelieven
3118 2675 3196 2721 t'
3235 2672 3517 2721 Beoogen

1382 2795 1508 2844 hoe
1548 2784 1801 2837 aldaer
1842 2781 1968 2828 aen
2009 2781 2302 2827 cleeden
2343 2777 2511 2825 ende
2553 2774 3014 2824 porcelijnen
3055 2772 3475 2819 onvercocht

1380 2882 1737 2951 gebleven
1780 2876 1914 2925 was
1958 2872 2090 2919 een
2135 2869 2488 2917 capitael
2532 2868 2753 2915 groot
2798 2866 3284 2915 ƒ96030„4:14
3327 2863 3507 2910 waer

1399 2993 1603 3044 mede,
1641 2985 1765 3036 als
1804 2977 1968 3029 oock
2008 2969 2456 3021 d'contanten
2496 2969 2537 3014 d
2576 2968 2619 3014 a
2659 2967 3066 3014 monterende
3106 2967 3147 3012 ƒ
3186 2966 3513 3014 60092„14

1379 3096 1534 3153 sich
1570 3090 1648 3139 op
1683 3082 1799 3133 den
1834 3077 1912 3125 10
1948 3071 2252 3120 januarij
2289 3072 2781 3119 g'inbarqueert
2819 3073 3121 3119 hebbende
3159 3073 3273 3119 den
3310 3070 3501 3119 selve

1366 3197 1529 3256 dach
1566 3188 1766 3239 alles
1803 3180 2241 3233 (:eijlacij)
2280 3177 2400 3225 met
2439 3175 2558 3221 den
2596 3175 2795 3221 viere
2834 3173 3310 3220 geconsumeert
3349 3175 3469 3225 is,

1376 3298 1761 3356 onstaande
1801 3290 1973 3341 door
2014 3287 2101 3334 te
2141 3278 2483 3331 springen
2524 3276 2652 3322 van
2694 3273 2822 3321 een
2863 3273 3119 3319 canon,
3161 3272 3289 3318 tot
3332 3271 3460 3318 een

1371 3406 1621 3460 adieuw
1662 3398 1913 3450 schoot
1953 3392 2411 3443 g'ordineert
2451 3391 2536 3437 te
2576 3390 2868 3436 lossen,
2909 3389 3077 3435 godt
3117 3388 3201 3436 d'
3242 3384 3450 3434 Heere

1371 3510 1673 3562 gelieve
1716 3504 1889 3555 dese
1930 3501 2190 3550 groote
2232 3502 2492 3549 schade
2534 3505 2664 3551 met
2706 3506 3137 3553 profitable
3179 3502 3481 3550 negotie

1369 3617 1582 3666 weder
1624 3616 1710 3662 te
1751 3613 2135 3662 versetten
2177 3611 2348 3658 ende
2390 3610 2519 3657 dE:
2560 3605 2816 3654 comp:e
2852 3602 3199 3652 voortaen
3241 3600 3413 3647 voor

1359 3717 1925 3776 diergelijcke
1972 3716 2254 3763 swaare
2299 3710 2770 3761 ongelucken
2817 3711 2911 3756 te
2950 3708 3334 3756 Bewaaren

1390 3895 1523 3950 Soo
1566 3895 1781 3941 haast
1823 3895 1954 3942 d='
1996 3898 2470 3947 Ammadabatsz
2512 3902 2815 3954 Castila
2857 3910 2943 3955 in
2986 3910 3331 3960 vleeneer
3372 3915 3468 3964 is

1358 3993 1752 4052 aengelandt
1788 3988 2105 4038 geweest,
2143 3989 2378 4035 sijnde
2417 3990 2691 4037 cleeden
2729 3991 2886 4039 voor
2924 3993 3121 4039 mocha
3160 3992 3519 4038 desselven

1355 4099 1572 4152 daags
1614 4087 1956 4142 gesjapt,
1994 4084 2170 4131 ende
2211 4079 2469 4128 voorts
2511 4078 2683 4124 naer
2725 4079 3111 4128 souhalijs
3152 4082 3495 4130 strandt,

1344 4201 1648 4256 gevoert
1688 4179 2121 4243 mitsgaders
2161 4173 2251 4224 jn
2293 4167 2812 4217 voorschreven
2854 4166 3071 4212 jacht
3114 4162 3512 4211 valckenb=

1324 4305 1553 4359 (:soo
1595 4297 1827 4348 haast
1870 4269 2330 4339 Mogelijck)
2373 4259 2786 4310 gescheept
2832 4260 3107 4306 worden
3149 4254 3426 4307 sijnde

2757 4399 3188 4456 1selffder
