3642 4828
1108 526 1514 579 Januarij
1565 530 1771 585 1646

1396 737 1648 785 Iaerlicx
1678 741 1835 789 comen
1866 744 2211 794 ververschen
2242 747 2337 795 soo
2367 751 2711 802 resolveerde
2742 757 2994 806 gemelten
3024 762 3337 812 Commandeur

1386 854 1462 900 met
1487 853 1639 899 sijnen
1665 854 1792 900 raedt
1817 854 1893 901 een
1918 855 2070 901 maendt
2095 856 2147 902 op
2171 858 2274 906 dite
2297 861 2450 907 plaets
2475 862 2527 908 te
2551 863 2704 909 blyven
2728 863 2983 909 Cruijssen,
3007 864 3185 910 gelijck
3210 865 3454 912 geschiede

1377 976 1508 1027 Edogh
1532 975 1585 1021 te
1610 973 1816 1020 vergees,
1842 973 1893 1018 so
1918 972 2151 1018 derhalven
2176 974 2254 1020 den
2279 976 2356 1021 25.
2382 976 2433 1021 en
2459 976 2588 1022 Maijo
2613 978 2742 1023 weder
2767 979 2819 1024 op
2844 977 3102 1024 gebroocken
3127 977 3179 1022 en
3203 976 3312 1025 naer

1359 1091 1474 1141 sijn
1501 1088 1869 1137 g'ordonneerde
1898 1088 2069 1135 Cruijs
2095 1091 2266 1138 Plaets
2294 1094 2352 1141 op
2377 1095 2464 1142 11½
2492 1098 2521 1143 „
2547 1096 2633 1142 12½
2660 1096 2690 1142 „
2718 1094 2889 1140 graden
2915 1089 3319 1140 Noorderbreedte

1366 1206 1718 1255 genavigeert,
1745 1209 1920 1255 alwaer
1949 1209 2037 1255 van
2066 1210 2328 1260 gelijcken
2357 1216 2473 1264 niet
2502 1219 2765 1265 vernemen,
2792 1218 2939 1265 sacte
2968 1213 3202 1262 voorders
3230 1211 3289 1256 af
3317 1211 3435 1260 naer

1357 1329 1553 1382 d'Cabo
1585 1328 1844 1374 Speritus
1876 1328 2072 1375 santus
2103 1331 2332 1381 voorbij
2363 1337 2687 1389 d'Eylanden
2718 1341 2979 1388 Ignatius
3011 1341 3142 1388 ende
3173 1343 3341 1394 Capul

1363 1441 1483 1489 door
1513 1443 1602 1489 den
1630 1442 1929 1488 Embokeeren
1958 1442 2198 1490 becommen
2226 1447 2316 1494 soo
2345 1450 2523 1498 hieren
2553 1453 2672 1502 daer
2702 1457 2731 1502 2
2761 1457 2910 1504 papen
2939 1459 3058 1507 ende
3088 1462 3446 1511 6opampangers

1353 1565 1494 1612 welcq
1522 1565 1635 1612 door
1663 1565 1719 1610 d'
1747 1563 2001 1610 Engelsche
2028 1564 2226 1611 Vlaggen
2254 1564 2340 1612 die
2367 1569 2452 1615 van
2479 1571 2592 1618 onse
2619 1572 2817 1619 schepen
2846 1574 3100 1621 Waeijden,
3125 1572 3413 1621 g'abusaekt

1329 1688 1533 1738 sijnde,
1560 1686 1648 1732 bij
1677 1686 1735 1732 d'
1764 1685 1880 1731 onse
1908 1685 2112 1731 Comende
2139 1687 2256 1733 voor
2284 1688 2517 1737 gevangen
2543 1691 2805 1738 gehouden,
2833 1689 2892 1736 en
2920 1687 3066 1733 alsoo
3094 1688 3211 1737 naer

1391 1813 1704 1865 Taijouan
1742 1808 2055 1857 gebraght
2092 1809 2250 1857 sijn

1358 1972 1497 2023 Van
1541 1968 1864 2015 Tagouak
1909 1963 2185 2013 waeren
2231 1963 2553 2011 acelevr
2598 1966 2737 2012 gen
2783 1967 2876 2013 ot
2921 1967 3336 2017 estelijck

1300 2119 1371 2177 An
1397 2113 1433 2161 4
1462 2101 1716 2154 augustus
1747 2098 1810 2146 't
1842 2095 2001 2143 fluyt
2029 2097 2188 2143 schip
2220 2098 2283 2143 d'
2314 2098 2535 2148 meerman
2566 2103 2661 2149 met
2692 2102 2788 2148 een
2818 2103 3103 2150 Taijouans
3133 2101 3428 2149 Cargasoen

1819 2191 2404 2241 Monteren
2476 2196 2551 2243 f
2622 2201 3425 2258 155478„6„13

1270 2315 1358 2372 Ag
1392 2300 1520 2353 do.
1558 2301 1849 2351 D'fluyt
1888 2298 2466 2349 Hellegaerberch
2507 2298 2631 2345 als
2671 2296 2878 2342 Voren
2917 2293 2960 2339 „
3000 2291 3413 2341 245669„8„1

1322 2486 1364 2532 A
1403 2484 1529 2531 do.
1569 2480 1612 2528 T
1651 2447 1855 2522 Jacht
1891 2429 2101 2492 lillo
2142 2429 2348 2476 Oocq.
2389 2430 2513 2477 als
2554 2428 2760 2476 Voren
2800 2424 2843 2471 „
2881 2412 3344 2466 143073„17„-

1786 2589 1864 2638 d'
1900 2575 2093 2634 Gulde
2128 2566 2285 2617 Gans
2319 2570 2398 2616 in
2435 2568 2665 2617 vongen
2699 2560 2969 2617 alstoon
3007 2550 3427 2605 30585„13„1„

1274 2635 1376 2694 Ag
1421 2619 1520 2672 17
1554 2603 1713 2662 do.

1239 2777 1282 2824 A
1311 2768 1403 2825 22
1443 2759 1568 2811 do.
1607 2753 1651 2800 T
1686 2729 1897 2793 Jacht
1931 2721 1978 2768 d
2018 2717 2432 2766 Leenuwergq
2469 2710 2802 2767 Inhebben
2841 2705 2885 2753 „
2923 2700 3421 2751 105273/4/15/

1215 2940 1338 3001 den
1371 2921 1493 2979 3e.
1527 2895 1887 2964 September
1926 2890 2163 2939 TJacht
2202 2889 2637 2937 aechtekerck
2676 2890 2913 2937 sngedt
2950 2877 3429 2935 11533//6/13/

1215 3079 1297 3133 An
1331 3063 1490 3122 15e.
1524 3048 1644 3105 do.
1680 3035 1914 3090 voor't
1952 3030 2146 3078 leste
2183 3031 2261 3076 s'
2300 3030 2532 3076 fluijs
2570 3029 2686 3078 den
2722 3030 2879 3078 salm
2918 3032 2957 3078 „
2994 3018 3420 3076 10528„7„11-

1967 3280 2233 3330 Somma
2285 3278 2391 3324 T'
2443 3278 2707 3327 samen
2758 3275 2815 3324 ƒ
2840 3275 3391 3327 702144„4„6

1890 3285 1946 3332 ƒ

1361 3475 1600 3532 welcq
1643 3486 1744 3534 al
1789 3490 1885 3537 't
1932 3489 2266 3542 geneffs
2313 3496 2456 3544 dat
2502 3499 2599 3548 d'
2646 3495 2838 3543 onse
2882 3495 3363 3547 voorsappan

1281 3571 1342 3618 by
1372 3573 1434 3619 d'
1464 3575 1770 3631 packhuysen
1798 3587 1983 3636 hebben
2012 3592 2227 3645 gehadt,
2256 3601 2531 3657 daeronder
2560 3613 2774 3662 geweest
2805 3617 2958 3669 synde
2987 3625 3019 3671 ƒ
3046 3621 3231 3673 170000
3261 3620 3355 3667 aen

1259 3667 1399 3717 buijt
1425 3668 1646 3716 goederen
1672 3671 1783 3719 ende
1809 3675 1865 3721 d'
1891 3677 2003 3727 rest
2029 3683 2139 3730 voor
2166 3685 2359 3737 Contant
2385 3693 2577 3744 gekocht

1260 3813 1372 3860 den
1408 3812 1484 3859 27
1521 3814 1857 3861 september
1892 3814 2081 3864 heeft
2117 3819 2230 3865 het
2266 3820 2342 3866 in
2377 3822 2639 3873 Tayouan
2674 3822 2788 3871 soo
2825 3822 3312 3874 grouwelijcken

1253 3909 1471 3957 gestormt
1497 3911 1579 3957 dat
1605 3913 1661 3959 d'
1686 3915 1875 3964 schepen
1902 3919 1984 3965 die
2010 3919 2173 3969 aldaer
2199 3925 2388 3973 present
2415 3928 2578 3977 waeren
2605 3933 2686 3979 van
2712 3934 2821 3979 voor
2847 3935 2956 3980 alle
2983 3936 3091 3981 haer
3118 3936 3308 3982 anckers
3334 3938 3361 3984 —

1258 4015 1541 4071 doorgingen
1568 4015 1737 4066 dreven
1764 4021 2073 4074 malcanderen
2100 4030 2185 4076 aen
2212 4032 2380 4082 boort,
2408 4038 2464 4085 en
2492 4040 2660 4088 Voorts
2687 4043 3051 4092 gesamentlijck
3079 4047 3248 4094 tegens
3275 4049 3363 4100 den

1244 4119 1462 4170 oostwal
1490 4122 1582 4169 van
1612 4124 1920 4179 pacpenboij
1948 4136 2071 4184 daer
2101 4140 2163 4187 sy
2192 4143 2255 4189 op
2283 4145 2345 4191 't
2374 4145 2528 4196 landt
2558 4151 2650 4197 syn
2680 4153 2863 4202 blyven
2894 4157 3078 4205 sitten
3107 4161 3234 4213 naer

1344 1796 1385 1842 ƒ

2953 4267 3278 4319 teyjndigen

3237 1692 3276 1737 -

1764 3313 1790 3360 -

3241 4170 3305 4218 -
