3662 4773
1331 612 1528 659 zaecke
1560 612 1660 660 dat
1692 615 1758 661 op
1790 616 1856 661 de
1888 617 2019 662 cust
2050 614 2248 662 minder
2280 613 2509 659 verlies
2541 607 2902 658 reuideerde,
2934 606 3000 651 de
3032 606 3197 653 wijle
3229 608 3526 659 geschapen

1333 729 1523 778 staet,
1553 734 1647 779 dat
1678 734 1804 780 niet
1835 734 2023 781 alleen
2054 736 2336 782 d'overige
2367 733 2649 780 contanten
2680 733 2774 778 van
2806 732 2900 778 dat
2930 728 3213 776 quartier,
3244 727 3369 773 maer
3401 727 3527 774 oock

1330 841 1509 889 goede
1544 842 1721 888 somma
1756 843 1863 890 van
1897 845 2039 890 hier
2074 844 2392 890 derwaerts
2427 843 2534 889 sal
2569 843 2746 889 mogen
2781 841 3099 889 geschickt
3134 840 3382 886 werden,
3412 837 3523 886 bij

1322 951 1538 1001 aldien
1573 953 1786 1003 mijnen
1821 957 2034 1003 eijsch
2070 957 2177 1003 van
2211 959 2425 1005 uEd„ts
2459 958 2744 1005 voldaen,
2778 956 2921 1004 ende
2956 956 3098 1002 geen
3133 956 3382 1002 meerder
3418 957 3525 1004 va„

1325 1073 1644 1119 derlantsz
1679 1074 1822 1120 ende
1856 1076 2105 1122 zuijder
2140 1076 2424 1122 retoeren
2457 1075 2565 1121 van
2601 1074 2742 1120 hier
2778 1075 3097 1120 gevordert
3131 1073 3380 1122 werden,
3416 1077 3522 1122 wes

1325 1190 1538 1238 halven
1573 1189 1644 1235 't
1679 1187 2138 1233 profitabelste
2173 1187 2385 1232 middel
2420 1187 2561 1232 daer
2596 1185 2703 1232 toe
2738 1185 2844 1231 sal
2879 1186 3091 1233 dienen
3126 1188 3482 1235 aengewent,

1324 1294 1387 1339 't
1417 1292 1512 1338 sij
1543 1291 1731 1337 sulcke
1762 1292 1856 1338 van
1887 1293 2012 1338 hier
2043 1293 2169 1339 over
2199 1294 2419 1340 persia,
2449 1294 2575 1340 ofte
2606 1294 2701 1340 van
2732 1294 2857 1339 daer
2888 1294 3013 1339 over
3044 1294 3201 1342 desen
3232 1297 3357 1343 wech
3388 1294 3484 1343 off

1324 1412 1431 1460 van
1466 1411 1960 1458 d'eijgenplaets
1996 1410 2172 1456 soude
2206 1409 2560 1456 geschieden
2595 1409 2843 1456 moeten,
2878 1410 2948 1455 In
2983 1409 3231 1456 welcken
3266 1411 3516 1459 gevalle

1322 1526 1471 1574 niet
1508 1526 2064 1575 ongepractiseert
2101 1530 2361 1579 laeten,
2397 1532 2472 1578 om
2506 1530 2620 1577 dat
2656 1530 2768 1576 met
2805 1529 2880 1576 de
2916 1530 3138 1577 minste
3175 1531 3398 1578 schade
3435 1531 3509 1578 te

1321 1648 1457 1695 doen
1492 1647 1935 1696 effectueeren,
1969 1650 2038 1695 't
2071 1649 2208 1695 ware
2242 1649 2345 1695 dan
2378 1650 2447 1697 In
2481 1652 2686 1697 spaens
2720 1651 2959 1697 realen,
2993 1651 3473 1703 rijcxdaelders—

1320 1757 1429 1804 off
1464 1760 1643 1806 andre
1679 1761 1895 1807 munte,
1930 1761 2038 1806 als
2074 1758 2217 1805 oock
2252 1757 2505 1803 gemunt,
2539 1758 2683 1805 ofte
2719 1758 3006 1805 ongemunt
3041 1760 3184 1807 Gout
3220 1761 3364 1807 (soo
3399 1760 3507 1806 ver

1317 1875 1386 1921 te
1419 1874 1658 1921 becomen
1691 1875 1829 1921 was)
1862 1876 1965 1921 p„r
1999 1876 2135 1921 mare
2169 1876 2476 1923 derwaerts
2509 1877 2578 1922 te
2611 1876 2852 1923 senden,
2884 1879 3021 1926 ofte
3055 1881 3157 1926 van
3190 1879 3328 1926 hier
3362 1879 3467 1930 p=r

1313 1995 1559 2046 wissel
1593 1996 1679 2045 te
1719 1997 2204 2043 remitteeren,
2244 1996 2405 2044 ofte
2445 1995 2728 2041 vandaer
2768 1996 2849 2041 op
2889 1996 3052 2043 mijn
3091 2000 3172 2045 te
3212 1999 3496 2047 trecken

1314 2118 1415 2164 ten
1448 2116 1684 2162 welcken
1718 2116 1886 2162 sijne
1919 2116 2020 2162 den
2053 2116 2223 2162 prijs
2255 2118 2357 2163 van
2389 2118 2659 2166 geseijde
2692 2121 2928 2170 spetien
2962 2124 3400 2176 d'oppercoopl„
3432 2131 3500 2176 in

1305 2248 1797 2295 Masulipatnam
1836 2241 2289 2294 toegesonden
2329 2241 2576 2289 hebbe,
2616 2243 2698 2289 om
2739 2244 2903 2291 daer
2941 2245 3026 2291 op
3067 2246 3149 2291 te
3189 2245 3521 2292 vernemen

1311 2360 1411 2407 hoe
1444 2359 1644 2407 aldaer
1677 2361 2044 2408 gedebiteert
2076 2360 2277 2406 coonen
2310 2360 2544 2408 werden,
2576 2363 2810 2409 gelijck
2843 2363 2943 2408 bij
2976 2363 3043 2408 de
3075 2362 3276 2408 nevens
3309 2361 3509 2408 gaende

1294 2473 1468 2521 prijs
1502 2472 1746 2518 courant
1780 2470 2058 2518 blijcken
2093 2473 2231 2520 can,
2266 2474 2405 2520 hier
2439 2475 2648 2522 werden
2682 2477 3098 2524 geinformeert
3133 2479 3237 2524 van
3272 2476 3516 2525 versche

1296 2598 1377 2647 de
1415 2596 1847 2646 wisselaers,
1886 2596 2004 2641 dat
2042 2593 2160 2640 met
2199 2590 2514 2637 contante
2552 2591 2789 2640 ropias
2825 2595 2983 2641 naer
3022 2596 3101 2642 de
3140 2596 3298 2643 Cust
3331 2597 3416 2644 te
3453 2599 3495 2647 —

1291 2709 1517 2761 senden
1554 2705 1703 2753 geen
1740 2704 2001 2750 schaade
2037 2704 2149 2750 can
2186 2705 2409 2753 gedaen
2446 2708 2706 2759 werden,
2743 2714 2929 2761 alsoo
2966 2716 3079 2763 die
3115 2716 3227 2763 van
3263 2717 3524 2764 Golcond

1293 2829 1379 2877 de
1421 2828 1634 2877 selve
1675 2833 1761 2881 in
1803 2833 2313 2881 Masulipatnam
2355 2832 2568 2880 tegen
2609 2831 2780 2883 p=ro
2822 2835 3077 2881 souden
3119 2834 3375 2882 connen

1289 2945 1651 2992 wisselen,
1690 2948 1811 2995 dat
1850 2948 1972 2995 een
2011 2945 2333 2993 gewenste
2373 2945 2615 2991 saecke
2654 2947 2855 2996 wesen
2895 2952 3136 2999 zoude,
3176 2955 3337 3003 doch
3374 2958 3497 3004 van

1292 3064 1460 3112 mijn
1500 3060 1668 3109 niet
1709 3058 1835 3105 wel
1877 3056 2003 3103 can
2044 3053 2463 3100 aengenomen
2504 3056 2797 3112 werden,
2838 3066 2885 3117 —

1233 3235 1341 3282 Bij
1376 3234 1558 3279 mijne
1593 3235 1810 3281 vorige
1846 3236 2134 3285 advijsen
2170 3240 2243 3285 is
2278 3238 2315 3284 u
2350 3238 2531 3286 Ed=ts
2563 3240 3073 3289 aengecundicht,
3107 3245 3216 3291 hoe
3251 3245 3361 3291 den
3395 3247 3432 3293 —

1281 3364 1574 3413 verlaten
1610 3368 2050 3415 pallinquijn,
2086 3371 2233 3418 ende
2267 3371 2451 3419 tacht
2488 3371 2707 3420 rouan,
2743 3374 2889 3420 ende
2926 3374 2999 3419 om
3035 3374 3109 3421 de
3144 3375 3329 3422 zelve
3364 3376 3474 3423 aen

1263 3501 1375 3549 den
1410 3492 1673 3544 Coninck
1710 3493 1859 3540 over
1896 3495 1973 3541 te
2008 3498 2307 3546 leveren,
2341 3498 2718 3547 mitsgaders
2754 3504 2829 3549 't
2865 3502 3165 3549 costende
3201 3504 3500 3551 daervoor

1251 3626 1335 3675 te
1375 3626 1739 3673 vorderen,
1778 3624 2506 3677 d'oppercoopluijden
2546 3633 2869 3683 Nicolaes
2909 3639 3273 3688 verburch,
3313 3636 3476 3688 ende

1250 3759 1444 3806 Johan
1482 3760 1637 3809 tacq
1676 3758 1946 3810 (hoewel
1985 3758 2101 3803 den
2140 3758 2411 3806 eersten
2448 3761 2603 3806 daer
2642 3761 2758 3806 toe
2796 3761 3144 3808 alleenich
3181 3758 3494 3808 gecommit

1256 3862 1492 3910 hadde)
1531 3864 1690 3914 uijt
1726 3870 1885 3917 agra
1924 3872 2003 3918 in
2042 3874 2278 3921 lahoor
2317 3873 2711 3919 aengelandt
2749 3876 2985 3924 waren,
3024 3879 3378 3925 naderhant
3417 3877 3496 3924 is

1250 3973 1324 4020 't
1359 3972 1578 4018 succes
1614 3972 1941 4022 gevolcht,
1976 3976 2159 4023 van't
2194 3977 2449 4025 gemelte
2485 3980 2740 4028 stucken
2775 3983 2922 4029 door
2957 3985 3066 4031 d„o
3102 3986 3212 4032 aen
3246 3982 3393 4030 sijn
3429 3979 3468 4027 —

1243 4100 1463 4147 maij„t
1499 4099 1829 4146 verthoont
1864 4098 2121 4146 zijnde,
2157 4098 2340 4144 heeft
2376 4099 2449 4145 in
2486 4099 2888 4148 constrijcke
2924 4104 3144 4153 wercq,
3178 4108 3289 4154 een
3324 4103 3472 4153 seer

2866 4213 3092 4266 groot
3135 4215 3447 4266 bchagen
