3553 4917
2814 277 2957 325 667

805 354 1100 404 Belangende
1127 358 1216 404 den
1243 360 1479 414 uijtvoer
1504 372 1595 420 des
1621 375 1796 422 copers
1825 375 1883 421 is
1912 374 2029 420 niet
2057 373 2204 421 beter
2232 377 2378 425 onses
2406 381 2639 431 oordeels
2668 386 2756 432 als
2784 387 2873 433 dat
2900 389 2988 434 soo

880 426 932 473 in
956 427 1183 477 gedachten
1206 433 1258 480 te
1281 436 1434 488 houden
1456 445 1509 494 en
1531 450 1582 497 de
1606 453 1907 500 geheugenisse
1932 455 2032 501 niet
2057 456 2133 501 aff
2157 457 2208 503 te
2233 458 2360 507 laten
2383 463 2583 512 sterven,
2608 464 2709 510 maer
2733 464 2809 511 har
2833 466 2999 522 onses.

881 499 1091 547 oordeels
1116 503 1222 550 best
1247 506 1353 554 zijn
1377 510 1431 557 de
1456 513 1744 565 Gouverneurs
1769 521 1927 566 alhier
1952 521 2006 567 de
2031 523 2136 569 eere
2162 525 2346 574 gelaten
2371 530 2502 579 werde
2528 535 2607 583 van
2632 538 2948 585 onsenthalven

878 569 977 619 zulx
1000 574 1146 620 booven
1170 576 1219 622 te
1243 577 1389 626 sullen
1412 582 1487 629 off
1509 585 1656 635 cunnen
1679 591 1946 640 vercrijgen,
1970 595 2092 643 alsoo
2116 599 2359 647 hunluijden
2382 602 2480 649 hulx
2504 604 2602 650 best
2625 606 2819 653 gevallen
2843 605 2949 653 hall

882 646 930 692 en
953 646 1048 693 doch
1072 648 1190 696 bijde
1213 651 1357 701 heeren
1378 658 1426 704 in
1449 659 1545 707 Jedo
1566 663 1615 710 om
1637 666 1921 714 onsenthalven
1944 669 2086 718 alleen
2109 673 2205 720 niet
2227 675 2274 721 en
2297 675 2393 725 sall
2415 681 2652 728 toegestaen
2675 684 2840 730 werden,
2863 679 2959 728 maer

880 719 951 765 wel
974 720 1068 767 eer)
1089 723 1159 770 ten
1182 725 1346 776 gevalle
1367 731 1485 779 veler
1506 735 1786 786 Coopluijden,
1808 742 1878 787 die
1901 742 1994 789 sulx
2017 745 2250 792 ernstelijk
2272 748 2504 799 versoecken
2527 754 2573 799 en
2597 754 2689 800 niet
2713 754 2759 800 en
2782 754 2924 807 schijn

879 791 927 838 te
948 793 1137 840 strijden
1158 796 1276 845 tegen
1298 800 1370 849 het
1391 805 1579 856 gevoelen
1601 812 1741 859 vanden
1764 814 1882 859 Couv:
1904 815 1928 860 r
1949 814 2277 864 Sabroseijmond.
2300 819 2372 866 die
2393 821 2487 868 noch
2510 822 2697 869 onlanghs
2719 825 3023 874 dienaengaende

882 861 959 910 met
984 865 1035 910 de
1060 866 1238 915 Tolcken
1261 871 1364 919 uijt
1388 875 1541 927 eijgen
1565 883 1792 931 beweginge
1818 885 2045 932 gesproken
2070 887 2222 934 heeft,
2247 889 2299 935 en
2323 891 2424 938 sulx
2449 893 2525 940 hoo
2550 895 2652 942 niet
2677 898 2753 945 met
2777 899 2981 946 meninge,

872 938 948 985 dat
972 938 1047 984 ons
1072 939 1272 990 onbekent
1296 946 1372 994 is,
1395 950 1545 1001 immers
1569 957 1620 1004 in
1643 960 1819 1008 schijne
1841 962 1917 1009 ten
1942 962 2116 1009 dienste
2141 963 2216 1008 des
2240 963 2440 1012 Japansen
2464 968 2590 1015 rijxe
2614 971 2838 1017 oordeelde
2863 972 2988 1018 beter

878 1011 1023 1058 cooper
1047 1011 1120 1058 als
1143 1013 1239 1059 gelt
1263 1014 1360 1062 uijt
1383 1017 1457 1066 den
1479 1022 1601 1072 lande
1622 1029 1792 1078 gevoert
1815 1034 1983 1085 wierde.

707 1094 794 1144 Den
821 1098 993 1144 schuld
1020 1099 1108 1148 van
1133 1104 1334 1155 sirando
1361 1111 1448 1158 wat
1475 1114 1846 1169 naersticheijt
1871 1124 1987 1171 oock
2014 1125 2185 1173 gedaen
2214 1128 2299 1173 hij
2327 1128 2384 1173 en
2413 1128 2583 1175 hebben
2612 1129 2697 1174 tot
2725 1128 2841 1174 noch
2867 1130 2981 1183 niet

872 1174 949 1221 dan
973 1175 1149 1222 woorden
1173 1177 1251 1227 van
1274 1183 1526 1235 ontfangen,
1550 1191 1652 1240 hijt
1675 1196 1751 1243 wel
1775 1198 1977 1246 ernstich
2002 1198 2303 1244 gewaerschout
2327 1198 2378 1244 om
2403 1198 2504 1243 daer
2529 1198 2629 1243 alle
2654 1193 2905 1243 mogelijcke

882 1243 1165 1294 naersticheijt
1186 1249 1230 1295 in
1250 1250 1295 1297 te
1316 1253 1404 1300 doen
1424 1256 1469 1302 op
1489 1257 1556 1305 dat
1576 1261 1686 1310 eens,
1706 1266 1772 1313 dat
1793 1268 1837 1314 op
1858 1269 1924 1315 een
1945 1270 2076 1316 eijnde
2097 1271 2206 1317 come,
2227 1273 2423 1319 mogelijck
2444 1273 2597 1322 zijnde,
2617 1275 2705 1321 daer
2726 1273 2814 1320 noch
2834 1271 2906 1319 all

877 1321 958 1366 ten
985 1321 1123 1369 deele
1146 1323 1230 1370 aen
1257 1324 1528 1379 twijffelen

793 1405 931 1457 enige
958 1405 1012 1451 50
1038 1405 1173 1452 rijde
1198 1408 1361 1459 rocken
1386 1416 1495 1465 voor
1519 1421 1760 1469 Nederlant
1787 1424 2002 1471 oordelen
2028 1427 2135 1474 best
2161 1429 2216 1476 in
2242 1431 2376 1477 Miaco
2402 1430 2483 1476 aen
2510 1428 2698 1475 besteet
2723 1429 2884 1480 werden

783 1476 1050 1523 Clackwerck
1076 1478 1156 1525 als
1182 1481 1343 1528 anders
1368 1484 1476 1534 voor
1501 1490 1609 1540 siam
1634 1496 1741 1541 hall
1767 1496 1954 1542 buijten
1980 1498 2194 1545 twijffel
2220 1501 2379 1547 gel.jk
2405 1502 2459 1549 is
2486 1503 2753 1549 aenbesteet
2778 1504 2865 1555 wel

879 1540 1098 1587 voldaen
1129 1542 1320 1596 werden

649 1606 744 1664 Hoe
765 1622 856 1669 met
885 1622 945 1667 de
975 1622 1183 1672 Tolcken
1211 1627 1272 1674 om
1300 1630 1360 1677 te
1389 1631 1509 1679 gaen
1538 1635 1628 1682 hij
1656 1636 1805 1683 leert
1834 1637 1894 1683 de
1923 1638 2309 1686 dagelijcksche
2339 1641 2724 1687 ervarentheijt
2753 1641 2814 1688 en
2842 1639 2992 1690 heeft

882 1692 938 1738 UE
965 1693 1077 1739 daer
1104 1695 1160 1742 nu
1187 1697 1493 1749 genoeghsame
1521 1704 1745 1754 kennisse
1770 1711 1883 1758 van,
1909 1713 1966 1759 in
1993 1714 2188 1761 saecken
2215 1716 2299 1761 van
2326 1717 2521 1765 belangh
2548 1718 2716 1765 hijnse
2742 1710 2883 1763 goede

880 1763 1190 1813 Raedsluijden,
1212 1769 1262 1816 en
1284 1772 1381 1819 sall
1403 1775 1499 1822 niet
1522 1778 1618 1825 goet
1640 1780 1737 1827 sijn
1759 1783 1831 1829 ijt
1855 1784 1974 1830 bijde
1997 1784 2093 1831 hant
2116 1787 2283 1835 genomen
2306 1790 2425 1836 werde
2449 1790 2520 1835 dat
2543 1789 2687 1835 geheel
2709 1786 2830 1833 tegen
2850 1780 2950 1832 haer

883 1839 1075 1888 gevoelen
1098 1841 1313 1891 strijdich
1335 1846 1409 1893 is,
1430 1850 1503 1898 dat
1525 1854 1621 1902 voor
1643 1858 1716 1904 een
1738 1858 1858 1904 vaste
1881 1859 2000 1904 regel
2023 1860 2071 1905 te
2094 1860 2237 1909 houden
2260 1864 2380 1911 hebt,
2402 1866 2498 1912 want
2521 1868 2616 1914 mede
2640 1869 2735 1914 haer
2758 1869 2953 1917 welvaren

886 1912 1011 1959 aende
1034 1915 1158 1963 Compe
1182 1918 1282 1967 vast
1304 1922 1381 1969 is,
1403 1925 1503 1974 maer
1526 1930 1602 1978 wat
1625 1933 1823 1983 belanght
1846 1938 1897 1983 in
1920 1939 2093 1986 mindere
2117 1940 2290 1987 saecken
2314 1941 2364 1986 en
2388 1941 2708 1988 dagelijcksche
2733 1941 2980 1987 voorvallen

885 1983 1060 2030 radense
1085 1985 1313 2039 alteniets
1335 1995 1463 2045 vande
1486 2001 1562 2049 man
1586 2003 1662 2049 aff
1686 2004 1763 2052 tot
1787 2007 1987 2055 ongewone
2013 2010 2238 2058 oncosten,
2263 2013 2415 2060 vremde
2438 2014 2764 2061 schenckaijien
2789 2014 2840 2060 en
2865 2012 3016 2061 andere

886 2054 1197 2106 nieuwicheden,
1219 2062 1292 2110 die
1315 2066 1364 2112 om
1386 2068 1625 2119 generhande
1649 2074 1816 2125 redenen
1839 2080 1983 2126 moeten
2006 2081 2293 2131 ingewillicht
2316 2087 2485 2137 werden,
2507 2093 2603 2138 want
2626 2092 2841 2139 andersins
2865 2091 2964 2139 alle

887 2135 1008 2183 jaren
1031 2135 1127 2181 meer
1151 2136 1200 2182 en
1223 2138 1319 2185 meer
1342 2140 1631 2196 nieuwicheden
1653 2152 1821 2201 opstaen
1844 2156 1893 2202 en
1916 2156 1964 2201 te
1988 2156 2228 2205 voorschijn
2251 2160 2371 2206 comen
2394 2161 2539 2208 souden
2562 2163 2610 2209 en
2633 2162 2682 2208 't
2705 2160 2826 2207 geene
2849 2157 2948 2204 eens

876 2207 978 2257 door
1002 2213 1380 2264 onachtsaemheijt
1405 2220 1532 2267 offte
1555 2223 1834 2274 versunninge
1857 2230 1908 2277 is
1932 2232 2259 2279 ingewillight,
2285 2234 2360 2279 can
2385 2234 2486 2280 niet
2511 2235 2662 2281 sonder
2686 2228 2889 2281 moeijten
2909 2222 2964 2270 en

882 2286 1119 2336 onluisten,
1141 2292 1213 2339 tot
1235 2295 1376 2343 schade
1399 2298 1447 2344 en
1470 2300 1636 2347 schande
1658 2303 1776 2350 vande
1799 2305 1917 2352 Comp.
1940 2307 1964 2353 e
1987 2308 2246 2355 affgeschaft
2269 2311 2434 2359 werden,
2457 2314 2551 2360 want
2574 2314 2621 2359 de
2645 2306 3047 2360 quaetgunsticheijt

877 2359 952 2408 der
974 2364 1217 2414 Japanderen
1239 2370 1385 2418 tegens
1408 2374 1481 2420 een
1504 2376 1746 2426 opperhooft
1769 2380 1843 2427 met
1866 2383 2011 2431 schijn
2034 2386 2107 2432 van
2131 2386 2253 2432 reden
2275 2388 2348 2433 can
2372 2387 2469 2433 geen
2492 2388 2685 2437 voordeel
2709 2392 2831 2438 baren
2854 2394 2908 2443 op

879 2439 1057 2488 eeniger
1081 2444 1309 2496 manieren,
1333 2451 1436 2498 Maer
1459 2454 1587 2502 onder
1611 2458 1663 2504 de
1686 2460 1864 2507 Toecken
1888 2460 1990 2506 eene
2015 2461 2091 2507 met
2116 2463 2243 2509 namen
2267 2465 2394 2510 Dimbe
2418 2464 2470 2509 is
2495 2464 2672 2511 valsch,
2695 2464 3027 2512 baetsoeckende

869 2513 917 2559 en
940 2514 1200 2570 onbeschaemt
1223 2525 1343 2573 inden
1364 2529 1555 2578 hoogsten
1577 2533 1721 2579 graet,
1742 2535 1790 2582 de
1814 2537 2026 2584 firandese
2050 2539 2215 2585 Tolcken
2238 2538 2334 2585 zijn
2356 2539 2453 2586 alle
2475 2542 2640 2589 oprech,
2664 2544 2759 2590 maer
2782 2542 2901 2592 onder

875 2598 1144 2645 hunluijden
1170 2601 1332 2649 Sosque
1358 2605 1440 2653 wel
1466 2609 1520 2654 de
1546 2609 1923 2661 verstandighste
1949 2616 2003 2662 en
2030 2616 2326 2663 ervarenste,
2352 2619 2648 2668 fatsiscemon
2675 2622 2838 2680 geheel

2899 2637 2943 2682 -

879 2678 1166 2726 bedienstich
1190 2682 1244 2729 en
1268 2685 1373 2732 niet
1398 2687 1736 2740 onverstandigh
1761 2695 1917 2742 schoon
1943 2695 2022 2741 hoo
2047 2695 2151 2741 gauw
2177 2695 2282 2742 niet
2307 2698 2385 2743 als
2410 2697 2572 2748 Sosque

713 2770 796 2821 Off
822 2770 902 2816 het
928 2771 1088 2817 geviel
1114 2773 1167 2820 in
1194 2775 1300 2821 Iedo
1327 2776 1487 2825 zijnde
1512 2781 1594 2827 dat
1619 2783 1672 2828 na
1699 2783 1832 2829 onsen
1858 2785 2044 2831 trefues
2070 2786 2150 2832 met
2177 2786 2230 2831 de
2256 2785 2495 2832 portugesz
2522 2784 2761 2830 gevraeght
2787 2784 2949 2833 wierde

878 2846 1067 2891 oordeels
1091 2846 1328 2896 geraetsaem
1348 2849 1398 2896 in
1422 2849 1541 2896 allen
1563 2852 1683 2901 delen
1705 2857 1754 2902 te
1776 2858 2014 2910 antwoorden
2036 2865 2203 2911 gelijck
2226 2867 2274 2913 op
2296 2868 2392 2913 onse
2415 2869 2581 2914 coomste
2604 2870 2699 2915 voor
2723 2870 2817 2916 drie
2839 2869 2961 2917 jaren

875 2915 925 2961 in
949 2915 1071 2961 Japan
1094 2915 1243 2964 gedaen
1265 2920 1436 2966 hebben,
1460 2921 1533 2967 zoo
1558 2922 1607 2968 in
1631 2923 1924 2973 Nangalacquij
1947 2928 2070 2977 eerst
2093 2932 2166 2978 als
2190 2932 2411 2982 naderhant
2434 2937 2483 2984 in
2507 2939 2630 2987 Jedo,
2653 2943 2702 2988 en
2726 2943 2825 2989 oock
2846 2943 2897 2989 nu
2920 2942 2971 2988 op

873 2984 924 3032 de
944 2987 1088 3033 comste
1112 2988 1185 3034 der
1207 2990 1399 3038 schepen,
1422 2993 1517 3040 doch
1540 2995 1757 3047 weijnich,
1779 3003 1875 3050 daer
1898 3004 2041 3053 zedert
2065 3008 2161 3055 niet
2184 3010 2233 3056 na
2256 3012 2470 3060 gevraeght
2492 3016 2591 3071 zijn

682 3075 770 3126 Van
798 3073 997 3120 Meerder
1025 3075 1197 3123 zullen
1223 3080 1281 3126 op
1308 3081 1480 3132 minder
1507 3088 1564 3135 en
1592 3090 1679 3139 van
1705 3095 1820 3144 daer
1847 3100 1905 3146 op
1932 3102 2046 3149 niet
2074 3105 2302 3156 entophet
2329 3112 2501 3159 eijnde
2527 3114 2699 3162 comen,
2726 3118 2925 3165 wanneer
2953 3120 3010 3165 na

877 3149 975 3198 Gedo
997 3153 1095 3199 sult
1119 3153 1316 3204 opreijs,
1337 3161 1459 3210 alsoo
1482 3165 1557 3211 den
1579 3167 1703 3217 Couv.
1724 3174 1751 3220 r
1773 3177 2064 3231 rabroseijmon
2088 3186 2186 3233 noch
2209 3189 2258 3235 om
2282 3190 2404 3238 laegh
2427 3193 2501 3238 is,
2524 3194 2670 3242 zullen
2693 3197 2791 3243 haer
2815 3198 2944 3247 Ed.:n

877 3222 947 3270 wel
969 3226 1085 3275 ordre
1106 3231 1175 3278 toe
1197 3233 1312 3282 geven
1334 3237 1405 3284 die
1425 3241 1472 3287 t'
1494 3242 1770 3297 achtervolgen
1791 3253 1886 3302 hebt
1949 3264 2026 3321 den
2039 3282 2293 3339 grootrchter
2313 3295 2364 3346 da

758 3314 789 3361 T
812 3315 1064 3363 Begroeten
1090 3319 1175 3368 der
1201 3324 1507 3379 Gouverneurs
1533 3335 1616 3383 van
1643 3339 1810 3387 osacca
1837 3343 1892 3388 en
1975 3343 2114 3391 Miaco
2141 3347 2308 3395 wijsen
2334 3351 2391 3397 de
2417 3352 2779 3403 daghregisters
2804 3359 2889 3405 aen

769 3398 849 3445 van
875 3398 1034 3445 booven
1059 3401 1112 3446 om
1137 3401 1296 3452 laegh,
1322 3407 1506 3455 gecomen
1531 3410 1690 3461 zijnde
1715 3417 1927 3469 oordelen
1952 3425 2058 3475 seer
2083 3430 2320 3482 dienstich
2346 3438 2399 3483 de
2424 3438 2530 3485 trap
2556 3440 2714 3486 voorde
2739 3440 3004 3486 waterpoort

874 3468 951 3515 soo
976 3468 1103 3515 verre
1127 3471 1180 3518 t'
1202 3475 1280 3522 zee
1303 3478 1507 3529 gebraght
1530 3485 1657 3535 werde
1681 3490 1758 3538 dat
1782 3493 1910 3543 helft
1933 3500 2011 3547 bij
2034 3503 2286 3556 laeghwater
2312 3511 2413 3556 in't
2437 3511 2589 3560 lossen
2614 3515 2691 3562 der
2715 3518 2944 3567 chiampans

888 3541 993 3587 geen
1016 3544 1171 3594 hinder
1196 3549 1248 3596 en
1273 3552 1428 3600 hebben
1453 3555 1557 3604 hall
1581 3560 1711 3608 aend'
1735 3564 1942 3622 oncosten
1966 3578 2044 3625 van
2068 3581 2301 3629 coopmansz
2325 3585 2532 3633 jaerlijn
2556 3588 2609 3633 te
2634 3589 2762 3635 goede
2788 3590 2942 3638 comen,

884 3619 935 3665 en
959 3619 1134 3667 vordert
1158 3622 1258 3671 seek
1281 3627 1382 3674 inde
1405 3629 1630 3680 lossinge,
1652 3636 1728 3685 een
1752 3640 1903 3692 cruijt
1926 3648 2051 3696 huijs
2074 3652 2200 3703 aend'
2223 3659 2422 3707 overcant
2446 3662 2522 3709 van
2545 3664 2595 3711 't
2620 3666 2745 3713 water
2769 3669 2818 3714 op
2842 3668 2992 3715 Comp:s

890 3690 1044 3739 costen
1069 3695 1121 3741 te
1145 3696 1351 3749 maecken,
1376 3705 1454 3751 dat
1478 3708 1581 3755 geen
1606 3710 1684 3759 200
1708 3715 1735 3761 G
1759 3717 1889 3766 soude
1913 3722 2093 3774 costen,
2117 3730 2297 3779 verloft
2322 3735 2529 3784 cunnende
2552 3741 2732 3787 becomen
2757 3742 2987 3793 oordeelen

891 3770 1008 3817 goet,
1030 3771 1147 3817 alsoo
1169 3773 1331 3823 wederom
1353 3778 1424 3825 het
1445 3781 1586 3831 cruijt
1607 3787 1679 3836 der
1699 3792 1862 3840 schepen
1884 3796 2046 3844 geleght
2069 3800 2162 3846 word
2184 3802 2323 3852 schade
2345 3806 2507 3854 geleden
2530 3808 2577 3854 te
2599 3809 2740 3859 hebben

771 3869 950 3916 Campher
973 3872 1076 3919 noch
1100 3875 1381 3929 vaderlandse
1404 3885 1685 3941 lackwercken
1709 3898 1760 3944 en
1785 3899 1939 3952 werden
1962 3908 2091 3958 desen
2114 3914 2217 3962 jare
2241 3917 2344 3964 niet
2368 3920 2572 3968 besteet,
2596 3923 2673 3969 het
2697 3921 2749 3967 is
2773 3919 2901 3966 zeker
2926 3919 2981 3965 de

894 3940 1058 3992 campher
1079 3948 1127 3995 op
1149 3950 1220 3998 een
1241 3954 1360 4001 ander
1380 3957 1474 4004 jaer
1496 3959 1592 4010 veel
1612 3966 1823 4021 betercoop
1844 3977 1892 4024 te
1914 3980 2078 4030 becomen
2099 3986 2193 4032 sall
2215 3987 2332 4037 zijn,
2355 3992 2448 4039 daer
2471 3994 2517 4039 op
2540 3993 2727 4041 gelettet
2749 3996 2842 4044 dien

897 4025 996 4072 maer
1018 4028 1144 4081 voors
1165 4036 1265 4082 uijt
1289 4038 1486 4087 druckels
1509 4043 1658 4091 nieuwe
1681 4047 1806 4098 ordre
1827 4056 1928 4106 magh
1950 4062 2050 4109 gene
2072 4065 2123 4111 op
2146 4067 2319 4115 gecocht
2342 4071 2515 4121 werden.

740 4122 885 4174 vande
912 4130 1340 4188 nootwendicheijt
1367 4144 1483 4192 omde
1510 4147 1712 4198 Iapanse
1738 4155 1996 4208 packhuijs
2023 4164 2081 4211 op
2108 4166 2167 4214 't
2194 4170 2394 4221 eijlant
2423 4176 2480 4221 in
2508 4176 2624 4222 hure
2650 4178 2795 4225 vande
2821 4181 2966 4231 Comp.
2991 4187 3026 4236 e

889 4208 1075 4262 staende
1099 4219 1153 4264 te
1178 4221 1363 4272 versien
1387 4228 1441 4273 en
1466 4229 1522 4276 te
1545 4233 1835 4291 vertimmeren
1859 4247 1992 4298 heeft
2016 4254 2254 4301 kennisse,
2278 4256 2331 4301 en
2356 4256 2436 4305 dat
2462 4260 2541 4307 tot
2567 4262 2698 4310 beter
2724 4265 2986 4317 voortgangh

2618 4367 2897 4416 van

1601 1332 1678 1379 .
