3642 4828
1183 565 1564 628 Januaryj
1606 556 1798 607 1640

1378 727 1588 777 Missive
1617 726 1796 773 vanden
1825 725 1886 771 E.
1914 722 1975 770 H.
2004 721 2034 767 r
2063 712 2363 766 Gouverneur
2390 713 2689 759 fronschois
2719 710 2868 758 Caron
2898 707 3166 756 gedateert
3196 707 3256 753 27
3284 707 3467 757 novemb

1373 827 1576 885 Passado
1604 824 1718 871 Item
1744 820 1832 869 een
1860 820 1946 865 d.o
1974 818 2089 864 uijt
2115 812 2288 861 Jappan
2316 809 2488 857 vanden
2516 810 2659 861 7.:en
2685 810 2744 857 d.
2771 809 2801 854 o
2828 807 2943 854 door
2972 807 3058 853 den
3085 807 3143 853 E.
3170 806 3344 857 pieter

1389 920 1673 971 Anthonisen
1701 917 1844 965 overt
1871 914 2014 961 water
2040 911 2156 959 ende
2185 910 2270 956 een
2298 910 2498 956 doorden
2526 909 2583 956 E.
2609 904 2782 953 Arnold
2810 903 3038 949 Vlamingh
3066 903 3180 950 voon
3208 905 3465 955 oudthoorn

1381 1029 1499 1078 dato
1527 1026 1587 1073 28
1613 1017 1848 1069 december
1876 1014 2051 1061 nevens
2079 1011 2370 1058 meerandere
2399 1011 2603 1057 stucken
2632 1010 2748 1057 ende
2777 1007 3126 1055 doccumenten,
3155 1007 3361 1054 daerbij

1380 1127 1514 1172 onder
1539 1123 1728 1172 anderen
1754 1119 1969 1168 vernemen
1995 1117 2291 1164 eerstelijck
2317 1118 2397 1163 bij
2424 1116 2612 1163 missive
2638 1117 2692 1163 en
2717 1113 2960 1161 pampieren
2986 1112 3148 1158 vanden
3174 1112 3254 1158 C.:
3279 1110 3308 1156 e
3334 1108 3389 1154 H.
3413 1105 3450 1153 e

1389 1232 1528 1285 Caron
1555 1226 1776 1275 voornamt
1804 1226 1942 1271 hoed'
1970 1224 2219 1271 Oorlooghs
2246 1224 2441 1270 dachten
2468 1223 2524 1269 en
2551 1222 2745 1268 soncken
2772 1219 2967 1266 onder't
2994 1216 3161 1264 gesagh
3187 1211 3355 1260 vanden

1373 1335 1734 1394 opvercogpman
1763 1331 2003 1379 Hendrick
2032 1329 2183 1376 steen
2212 1329 2333 1375 naer
2362 1330 2422 1375 't
2449 1326 2662 1375 manilhj
2689 1327 2752 1374 as
2781 1328 2990 1373 Vaerwat
3020 1327 3110 1373 ten
3140 1320 3411 1372 uytgeseth

1389 1453 1540 1502 waren
1569 1451 1629 1497 in
1657 1449 1869 1496 Tagouan
1896 1444 1958 1493 op
1986 1440 2078 1488 den
2107 1437 2167 1483 2.
2197 1437 2257 1482 en
2287 1437 2437 1483 maijo
2465 1435 2527 1483 en
2556 1433 2647 1481 17.
2675 1437 2706 1483 e
2735 1435 2885 1482 Iunio
2915 1433 3005 1480 met
3035 1430 3368 1480 redelijcken
3393 1438 3425 1485 —

1356 1572 1502 1624 buijt
1529 1567 1734 1616 wederom
1762 1556 2139 1612 geretournert,
2168 1549 2400 1600 hebbende
2428 1548 2486 1594 d'
2515 1545 2718 1593 Jachten
2746 1543 2805 1588 op
2834 1540 2950 1588 haer
2978 1526 3356 1585 g'ordonneerde

1360 1686 1539 1738 Cruijs
1569 1682 1805 1731 plaetsen
1832 1680 1864 1727 2
1893 1675 2041 1724 grote
2070 1671 2278 1720 doncken
2306 1669 2543 1717 becomen,
2571 1665 2661 1713 die
2690 1659 3015 1709 g'equipeert
3044 1655 3222 1703 waeren
3251 1652 3340 1699 tot

1349 1817 1504 1868 ankai
1532 1807 1657 1860 ende
1687 1800 2057 1851 gedestineert
2088 1800 2211 1845 naer
2241 1797 2487 1844 Manilha,
2518 1796 2733 1842 geladen
2762 1791 2857 1841 met
2886 1783 3195 1835 Canganghs,
3220 1779 3256 1827 —

1349 1929 1567 1981 kennippe
1589 1918 1890 1971 lyjnwaeten,
1916 1917 1971 1963 en
1997 1913 2295 1961 veelderleij
2322 1912 2457 1958 grove
2484 1910 2673 1957 waeren,
2699 1905 2997 1955 midtsgaders
3022 1902 3132 1949 oocq
3159 1894 3295 1947 goede

1356 2038 1653 2094 quantiteyt
1682 2034 1888 2083 geweven
1917 2033 1976 2079 en
2006 2030 2271 2078 ongeweven
2300 2029 2476 2076 sijde,
2506 2027 2712 2074 waervan
2741 2021 3036 2071 d'Waerdije
3065 2016 3302 2065 (volgens

1353 2157 1684 2208 tacxatie)
1718 2161 1756 2207 ƒ
1788 2153 2229 2203 277629„12„5„
2265 2150 2411 2197 quam
2445 2146 2520 2192 te
2557 2141 2848 2190 monteren
2883 2134 3067 2186 Welcq
3103 2131 3176 2178 d'
3212 2124 3287 2175 Co

1349 2273 1605 2327 Compagnie
1631 2269 1718 2317 wel
1745 2266 1945 2313 slaeghs
1973 2264 2116 2311 quam,
2144 2263 2258 2309 maer
2285 2261 2485 2307 gelijck
2512 2260 2628 2306 daer
2655 2257 2826 2306 geenen
2854 2256 3025 2302 honich
3052 2252 3196 2301 valdt
3222 2247 3395 2296 sonder

1353 2392 1382 2438 1
1408 2382 1637 2437 steecken
1664 2379 1750 2426 der
1778 2376 1920 2424 byen,
1948 2374 2033 2421 soo
2061 2370 2202 2417 heeft
2229 2370 2372 2417 desen
2399 2369 2513 2415 buyt
2542 2369 2598 2414 d'
2625 2367 2768 2414 Comp.
2796 2365 2825 2411 e
2851 2364 2966 2409 oocq
2994 2363 3079 2409 wat
3107 2363 3249 2409 volcq

1345 2493 1544 2547 gecost,
1570 2491 1683 2538 door
1710 2490 1767 2536 d'
1794 2488 2101 2536 sporenjaere
2128 2486 2184 2532 en
2211 2484 2296 2531 die
2323 2483 2407 2529 met
2433 2479 2630 2527 gelijck
2657 2477 2797 2524 getal
2824 2476 2909 2521 wel
2935 2463 3243 2520 gemonteerde

1339 2603 1558 2653 Joncken
1588 2601 1652 2647 op
1681 2599 1870 2645 d'onse
1900 2600 1934 2647 3
1963 2601 2212 2648 Joncquen
2243 2599 2368 2646 sijn
2399 2596 2743 2644 aengecomen,
2773 2590 3054 2640 naerdatse
3084 2588 3241 2634 vande

1346 2715 1564 2764 Jachten
1595 2709 1969 2760 gescheijden,
2000 2708 2125 2754 ende
2155 2708 2219 2754 op
2249 2706 2375 2753 haer
2405 2700 2811 2751 gedestineerde
2842 2689 3247 2746 Cruijsplaetse

1321 2827 1487 2878 waren
1520 2823 1951 2872 gt'arriveert,
1984 2822 2184 2869 aldaer
2217 2822 2283 2867 Is
2316 2821 2416 2866 den
2446 2816 2649 2866 strydt
2681 2816 2947 2863 tusschen
2979 2810 3079 2858 den
3112 2802 3312 2854 vyandt
3345 2801 3413 2848 en

1336 2936 1506 2990 d'onse
1533 2936 1730 2982 heftigh
1757 2933 2010 2982 begonnen,
2037 2929 2149 2977 ende
2177 2927 2261 2973 soo
2289 2926 2485 2973 furieus
2512 2921 2877 2970 gecontinueert
2904 2918 2989 2966 dat
3016 2911 3308 2962 redelijck—

1335 3047 1480 3099 getal
1507 3045 1594 3092 van
1622 3044 1794 3090 dooden
1822 3043 1908 3090 aen
1937 3041 2109 3088 beyden
2136 3039 2336 3087 sijden,
2361 3033 2707 3083 Insonderheyt
2736 3031 2822 3078 aen
2850 3029 2936 3076 des
2959 3023 3193 3076 vijandts
3220 3017 3364 3067 kandt

1350 3165 1464 3215 (die
1489 3161 1576 3209 het
1603 3157 1828 3205 langer't
1856 3155 1969 3202 heet
1996 3153 2109 3201 viel
2137 3151 2249 3198 ende
2277 3149 2642 3196 genoodtsaeckt
2670 3148 2754 3194 was
2781 3146 2838 3192 te
2866 3141 3147 3191 deijntsen)
3175 3138 3378 3187 besyden

1334 3282 1454 3334 veel
1483 3272 1808 3326 gequetsten,
1836 3267 2044 3316 becomen
2072 3266 2221 3313 sijn,
2248 3266 2309 3313 In
2338 3264 2486 3310 somma
2514 3261 2604 3309 dat
2633 3261 2722 3307 het
2750 3261 2869 3307 niet
2898 3260 2958 3306 te
2987 3254 3283 3305 twijffelen
3310 3248 3402 3298 was

1335 3394 1458 3446 ofte
1485 3390 1577 3437 een
1605 3384 1965 3435 derspaensche
1994 3385 2143 3431 soude
2173 3385 2262 3431 van
2292 3386 2471 3432 d'onse
2500 3385 2591 3431 sin
2620 3380 2829 3429 genomen
2859 3379 2979 3425 ofte
3005 3374 3157 3425 Inden

1328 3500 1493 3551 ghondt
1521 3497 1739 3545 geboort,
1766 3496 2012 3543 Ingevalle
2037 3496 2066 3542 d
2093 3496 2174 3541 oor
2202 3496 2448 3542 ongelucke
2474 3497 2556 3542 van
2583 3497 2665 3542 een
2692 3492 2883 3543 soldaet
2909 3488 2992 3536 van
3018 3485 3074 3532 d'
3100 3482 3210 3529 onse
3236 3480 3373 3527 wiens

1283 3607 1572 3673 Bandelier
1604 3605 1700 3651 byt
1731 3603 1923 3650 Cruijt
1955 3601 2146 3648 vullen
2178 3599 2338 3646 Inden
2369 3597 2561 3644 brandt
2592 3593 2848 3643 raeckte,
2879 3590 2975 3637 het
3005 3582 3328 3635 achterdeel

1340 3718 1491 3770 vande
1520 3720 1671 3767 Joncq
1701 3718 1912 3767 formosa
1942 3716 2093 3763 (daer
2122 3715 2213 3760 den
2242 3711 2514 3759 manhaften
2544 3710 2785 3757 schipper
2814 3709 2966 3755 Symon
2995 3705 3327 3754 Cornelissen
3356 3702 3418 3750 op

1324 3836 1451 3886 was)
1482 3835 1609 3883 niet
1640 3833 2020 3882 schielijcken
2051 3831 2528 3878 waergesprongen,
2557 3830 2812 3876 echteren
2844 3829 3034 3876 dorste
3066 3828 3161 3874 den
3190 3822 3390 3873 vyandt

1323 3950 1490 4002 tegens
1517 3949 1574 3994 d'
1600 3943 1713 3993 onse
1741 3943 1852 3989 niet
1880 3943 2021 3990 weder
2045 3944 2131 3991 aen
2158 3942 2243 3988 dan
2270 3943 2382 3989 hiep
2409 3944 2494 3989 met
2521 3945 2605 3991 een
2632 3945 2800 3991 groodt
2827 3942 3078 3990 geschreij
3105 3936 3357 3986 Victorie,

1288 4066 1417 4115 doch
1447 4060 1545 4110 had
1577 4057 1674 4105 hij
1705 4053 1867 4100 selve
1899 4053 1996 4098 soo
2028 4052 2157 4098 veel
2188 4049 2350 4096 Coeck
2381 4047 2672 4093 gecregen,
2703 4045 2801 4093 dat
2832 4041 2930 4089 hem
2960 4036 3155 4085 d'lust
3186 4037 3285 4085 van

1305 4171 1478 4226 weder
1512 4166 1853 4215 attaqueren
1883 4163 1989 4210 wel
2022 4159 2263 4208 benomen
2295 4145 2434 4202 was,

2979 4287 3084 4334 In
3136 4282 3295 4331 het
