3403 5142
3043 167 3196 216 805

902 246 1056 295 geen
1093 246 1551 294 affwateringh
1586 249 1740 295 uijt
1778 249 1854 295 't
1892 246 2235 293 geberchte
2273 246 2501 291 hebben
2539 246 2806 294 gehadt,
2843 250 2996 297 daer
3033 252 3188 303 door

900 340 1189 388 d'revier
1224 341 1332 386 soo
1368 339 1584 386 ondiep
1618 338 1763 384 ende
1799 337 1907 383 vol
1943 333 2266 382 droochten
2302 332 2626 379 gebleven,
2661 335 2769 381 dat
2805 335 2949 381 niet
2983 336 3239 388 practi„

902 423 1102 472 cabel
1141 420 1302 467 noch
1342 418 1502 465 doel
1543 415 1823 463 geweest
1863 415 1943 460 is
1982 414 2383 461 t'genoemde
2423 414 2623 460 Jacht
2663 415 2744 460 in
2783 415 2904 462 Zee
2944 417 3024 463 te
3064 419 3267 467 bren„

899 504 1066 551 gen,
1106 500 1315 549 sulcx
1356 499 1524 545 uEd:
1565 495 1774 543 nader
1814 493 1982 539 uijt
2023 494 2107 540 't
2148 496 2565 544 mondelingh
2606 498 2898 546 rapport
2936 501 3191 548 vanden

908 581 1238 630 steurman
1278 574 1773 626 Bartholomeus
1814 574 2144 620 bouverij
2184 575 2514 623 (welcken
2555 578 2721 625 daer
2761 582 2886 630 op,
2925 586 3049 632 als
3088 585 3255 631 voor

900 662 1102 708 desen
1142 661 1224 706 in
1264 656 1507 705 dienst
1546 654 1669 700 des
1709 654 1992 700 Conincx
2033 655 2154 701 van
2194 656 2438 703 Aracan
2475 657 2639 704 naer
2679 658 3084 710 d'maldives
3124 662 3247 709 ge„

904 738 1217 786 bruijckt
1256 733 1529 782 geweest
1566 729 1840 777 sijnde,
1879 729 1996 775 tot
2035 730 2347 779 schipper
2385 734 2815 785 provisionel
2853 741 3087 787 hadden
3126 742 3244 788 ge„

905 821 1121 868 stelt,
1156 817 1299 865 ende
1334 816 1407 861 nu
1442 816 1514 862 pr
1549 814 1728 860 lisna
1762 812 1978 859 Costij
2013 811 2372 857 gelargeert
2407 813 2657 863 hebben)
2693 817 2908 864 sullen
2943 817 3235 866 gelieven

899 909 975 958 te
1009 902 1267 953 vnemen,
1304 899 1451 946 daer
1486 896 1597 943 toe
1633 894 1744 941 mij
1780 891 2037 938 vorders
2073 891 2367 940 gedrage,
2403 894 2623 940 sijnde
2659 894 2770 940 ons
2806 894 3063 940 buijten
3098 890 3247 938 dien

900 990 1055 1040 geen
1093 983 1363 1034 scheeps
1400 979 1670 1027 ruijmte
1709 975 2016 1023 overich,
2055 975 2209 1021 noch
2247 976 2402 1024 oock
2440 979 2670 1028 eenigh
2709 979 3094 1028 vaertuijch
3131 971 3248 1023 ter

900 1067 1316 1124 vereijschter
1349 1062 1489 1111 tijt
1522 1056 1869 1107 bijderhant
1903 1052 2181 1100 geweest,
2215 1052 2285 1099 't
2319 1054 2563 1105 Galjoot
2596 1062 2839 1113 d'brack
2873 1068 2943 1114 is
2976 1067 3081 1114 ten
3115 1063 3256 1112 pri¬

893 1157 1121 1211 dipale
1157 1150 1270 1199 tot
1306 1142 1606 1194 vervolgh
1642 1136 1868 1186 vanden
1904 1130 2129 1180 handel
2166 1130 2242 1177 op
2278 1133 2541 1187 ouglij,
2577 1143 2727 1193 ende
2764 1148 2914 1196 omme
2951 1151 3026 1197 's
3063 1152 3250 1200 Comp.

898 1240 1216 1294 goederen
1256 1230 1574 1284 d'ganges
1612 1227 1692 1273 op
1729 1221 1891 1271 ende
1929 1219 2010 1265 af
2049 1218 2129 1264 te
2168 1218 2446 1270 voeren,
2485 1226 2565 1273 in
2604 1229 2922 1279 bengalen
2961 1235 3239 1284 vbleven

907 1326 1058 1373 ende
1095 1320 1436 1370 d'Chaloup
1473 1314 1662 1365 cleen
1699 1306 1964 1358 pipelij
2001 1305 2229 1351 vanden
2266 1307 2419 1357 worm
2455 1314 2569 1362 soo
2606 1318 2758 1365 seer
2795 1320 3251 1370 doorgegeten,

901 1408 1024 1456 dat
1062 1400 1307 1453 langer
1346 1394 1550 1444 niet,
1584 1389 1752 1439 voor
1792 1387 1874 1433 en
1913 1385 2118 1432 aleer
2157 1388 2522 1443 andermael
2561 1399 2966 1448 verdubbelt
3007 1398 3250 1448 (welck

907 1488 1000 1534 op
1043 1475 1560 1532 Masulipatan
1605 1470 1793 1519 door
1839 1466 2447 1520 Jegenwoordich
2491 1476 3005 1526 mancquement
3048 1477 3191 1523 van

906 1567 1076 1613 hout
1118 1561 1374 1612 alhier
1414 1551 1841 1605 geschieden
1883 1550 2054 1596 moet
2090 1551 2521 1605 navigabel,
2563 1561 2904 1613 derwegen
2940 1567 3073 1614 ons
3115 1563 3244 1611 dan

908 1645 1060 1694 oock
1097 1641 1250 1689 geen
1287 1636 1703 1686 vaertuijch,
1740 1635 1892 1680 omme
1930 1634 2082 1680 naer
2119 1634 2385 1683 d'Zuijd
2422 1638 2535 1685 als
2573 1640 2838 1688 elders,
2876 1643 2990 1689 bij
3027 1637 3255 1688 nodich

885 1723 1150 1785 veijsch
1185 1718 1262 1766 te
1298 1713 1486 1762 mogen
1523 1710 1972 1757 gebruijcken,
2009 1709 2385 1757 resterende
2421 1713 2535 1760 Is,
2571 1716 2722 1764 mits
2758 1719 2909 1765 dien
2945 1719 3020 1765 in
3057 1718 3248 1764 voor„

899 1809 1089 1863 nemen
1126 1798 1426 1852 blijven,
1463 1796 1539 1842 op
1576 1794 1726 1841 UEd:
1764 1794 1914 1839 voor
1951 1792 2139 1838 desen
2177 1792 2289 1837 aen
2326 1792 2440 1840 mij
2476 1795 2740 1844 gegeven
2776 1799 2965 1846 ordre
3002 1802 3191 1849 voort

899 1888 1111 1943 eerst
1151 1882 1277 1931 een
1317 1872 1611 1926 bequaem
1652 1870 1819 1916 ende
1861 1868 2112 1914 licht,
2153 1869 2403 1915 echter
2445 1870 2654 1919 redel
2695 1875 2862 1922 last
2903 1878 3237 1925 dragende

891 1962 1242 2024 Jachtgen,
1280 1957 1436 2006 omme
1472 1952 1630 2001 daer
1668 1949 1824 1997 door
1862 1946 2251 1994 d'swaerder
2289 1948 2445 1996 ende
2484 1951 2950 2005 ondienstiger
2988 1961 3067 2007 't
3104 1963 3222 2010 ex„

901 2042 1272 2103 cuseeren,
1312 2039 1395 2086 't
1435 2036 1559 2083 sij
1599 2033 1722 2080 Jnt
1762 2028 2214 2078 Masulipat=n
2254 2029 2419 2076 ofte
2459 2032 2828 2083 marsapour
2868 2039 2992 2088 van
3032 2044 3237 2093 nieuw

906 2134 991 2183 op
1029 2129 1115 2177 te
1153 2122 1321 2171 doen
1362 2121 1610 2167 maken,
1650 2120 1775 2166 dat
1815 2114 2105 2164 vtrouwe
2145 2114 2312 2160 uEd:
2352 2117 2477 2163 als
2517 2119 2683 2167 noch
2723 2123 2848 2170 wel
2889 2126 3221 2174 gevallen

901 2196 1071 2249 sal

753 2297 884 2347 Bij
926 2288 1145 2340 desen
1188 2286 1363 2332 gaet
1407 2285 1582 2331 mede
1625 2285 1930 2332 memorie
1973 2285 2194 2333 vande
2231 2287 2672 2340 bevindingh
2715 2296 2978 2345 eniger
3021 2301 3239 2350 coop„

902 2371 1108 2421 mans,
1149 2365 1435 2416 Jappans
1476 2364 2008 2412 schuijtsilver
2049 2367 2171 2412 als
2212 2367 2295 2414 't
2334 2369 2703 2417 rendement
2741 2372 2867 2421 van
2907 2377 3234 2426 Chinees—

906 2445 1140 2494 Goudt,
1177 2442 1295 2490 als
1334 2440 1412 2486 nu
1450 2438 1568 2485 p„r
1607 2438 1724 2484 den
1762 2439 1918 2486 haen
1957 2441 2269 2488 becomen,
2308 2443 2464 2489 vant
2502 2445 2776 2495 verdere
2814 2451 3242 2506 affgesonden

907 2519 1064 2567 wert
1104 2518 1260 2564 uEd:
1299 2517 1378 2563 pr
1416 2512 1690 2561 naesten
1729 2512 1964 2560 advijs
2003 2515 2317 2564 gegeven,
2355 2520 2473 2567 soo
2512 2523 2669 2568 gaet
2707 2524 2864 2575 noch
2902 2529 3178 2579 extract

901 2596 1057 2643 uijt
1095 2593 1251 2640 onse
1289 2590 1562 2638 Negotie
1600 2588 1912 2634 boucken,
1950 2589 2184 2636 wegens
2222 2591 2494 2638 d'debet
2533 2593 2690 2642 ende
2726 2599 2961 2646 Credit
2999 2602 3232 2649 posten

899 2669 1252 2720 raeckende
1291 2669 1369 2714 't
1408 2669 1722 2716 comptoir
1760 2672 1956 2718 Gen=l
1995 2672 2113 2718 van
2152 2673 2387 2720 India,
2426 2675 2582 2721 waer
2621 2676 2739 2723 bij
2777 2678 2856 2725 de
2895 2680 3212 2728 Comptoir

899 2756 1101 2807 onder
1139 2750 1421 2799 anderen
1461 2750 1903 2798 gedebeteert
1942 2754 2143 2801 staet
2181 2756 2343 2803 voor
2383 2758 2425 2805 ƒ
2463 2762 2665 2809 692:-
2704 2765 2864 2811 over
2904 2764 3145 2810 enige-

898 2829 1612 2879 noodtwendicheden
1657 2833 1970 2881 doorden
2013 2837 2550 2894 oppercoopman
2593 2850 2906 2902 Adriaen
2950 2857 3219 2906 vander

894 2913 1131 2965 meijde
1167 2908 1327 2956 uijt
1366 2908 1759 2955 Caijlpat=n
1798 2910 1917 2956 p=r
1955 2912 2034 2959 't
2073 2914 2270 2964 Jacht
2308 2920 2545 2971 limmen
2582 2927 2741 2977 naer
2779 2933 2937 2982 Gale
2975 2938 3268 2991 gesonde

891 2989 1097 3036 welck
1138 2986 1303 3033 ende
1345 2986 1427 3031 't
1468 2986 1758 3037 verdere
1798 2993 2046 3043 nodich
2087 2999 2335 3049 g'acht
2375 3005 2623 3056 hebbe,
2663 3010 2829 3061 omme
2870 3017 3242 3073 aerreuren

892 3064 1056 3114 voor
1095 3062 1177 3108 te
1215 3062 1459 3108 comen,
1499 3063 1661 3110 ende
1701 3065 1943 3113 metten
1982 3069 2266 3121 anderen
2306 3077 2710 3131 d'accoorde
2750 3087 2831 3134 te
2870 3090 3033 3140 daen
3072 3096 3234 3142 ued:

895 3135 1021 3183 bij
1063 3133 1274 3180 desen
1315 3133 1400 3178 te
1442 3133 1990 3193 Communiceren,
2030 3149 2241 3200 sulcx
2283 3155 2452 3204 oock
2493 3161 2830 3213 d'nevens
2871 3169 3257 3219 gevouchde

899 3214 1148 3261 Copije
1189 3212 1522 3259 advijsen
1562 3213 1688 3263 tot
1728 3219 1937 3270 nader
1977 3227 2269 3278 bericht
2309 3234 2476 3284 vant
2516 3241 2932 3296 passerende
2971 3250 3097 3296 Int

893 3289 1442 3340 visiapoursche
1484 3289 1611 3334 als
1652 3290 2034 3347 persische
2074 3303 2286 3355 rijck
2327 3311 2623 3367 doorden
2664 3322 3171 3379 Oppercoopman

889 3366 966 3414 Sr
1004 3367 1311 3415 Cornelis
1348 3365 1464 3411 van
1501 3364 1694 3413 Sanen
1731 3370 1847 3416 aen
1884 3372 2000 3419 mij
2037 3376 2421 3434 gecarteer,
2457 3391 2573 3439 tot
2610 3394 2765 3444 alle
2801 3400 2879 3447 't
2915 3403 3224 3460 welcke,-

890 3444 1047 3498 omme
1084 3439 1392 3488 redijten
1430 3438 1507 3484 in
1546 3438 1738 3484 desen
1775 3439 1853 3487 't
1891 3443 2238 3500 Eviteren,
2274 3456 2391 3505 mij
2428 3461 2583 3512 oock
2620 3468 2889 3516 gedrage
2927 3469 2966 3515 —

757 3539 960 3593 Onsen
999 3534 1322 3583 Jongsten
1362 3531 1605 3579 gedane
1645 3531 1888 3580 Eijsch
1927 3535 2049 3583 van
2087 3539 2412 3594 Coopmans
2451 3550 2814 3604 provisien
2855 3559 2976 3606 als
3016 3562 3258 3609 anders

880 3622 1092 3671 nader
1133 3611 1640 3665 geresumeert,
1681 3612 2019 3662 bevinden
2060 3619 2229 3668 geen
2270 3624 2693 3677 vanderinge
2733 3634 3071 3685 daerinne
3112 3641 3239 3687 als

894 3696 1056 3743 eenl
1095 3694 1217 3740 dat
1256 3690 1419 3738 noch
1458 3686 1580 3734 100
1620 3685 1661 3730 @
1700 3685 1782 3731 lb
1821 3686 1985 3734 loot
2024 3690 2187 3741 ende
2225 3697 2308 3744 in
2346 3701 2630 3751 plaetse
2669 3707 2791 3753 van
2831 3709 2952 3754 2:/
2992 3706 3195 3754 vijff

892 3773 1148 3820 cassen
1191 3772 1319 3818 met
1360 3770 1573 3818 lont,
1615 3769 2041 3816 mitsgaders
2080 3771 2339 3818 nevens
2380 3774 2849 3829 d'versochte
2890 3785 3018 3831 100
3059 3782 3189 3831 st=

886 3848 1066 3897 lange
1102 3847 1461 3893 lontroers,
1497 3846 1641 3892 noch
1677 3846 1749 3891 50
1784 3846 1928 3892 st=r
1963 3846 2144 3894 goede
2178 3851 2538 3901 musquetten
2573 3855 2825 3902 (sijnde
2860 3857 3041 3906 onder
3076 3862 3184 3908 die
3219 3861 3263 3911 —

889 3924 999 3970 van
1034 3919 1183 3968 hier
1217 3915 1366 3963 vele
1402 3914 1696 3960 schaloos
1732 3915 1879 3962 ende
1916 3917 2430 3970 ombruijckbaer)
2464 3924 2686 3973 nodich
2723 3928 3091 3978 vereijscht
3126 3935 3279 3990 wer„

881 4000 1043 4046 den,
1082 3996 1203 4044 soo
1242 3993 1403 4040 gaet
1443 3991 1524 4037 nu
1563 3990 1724 4035 oock
1763 3990 1925 4040 mede
1964 3996 2085 4043 een
2124 3999 2407 4050 memorie
2445 4007 2606 4053 ofte
2645 4009 3087 4054 Cathologuis
3127 4008 3252 4055 der

891 4069 1382 4120 medicamenten
1422 4068 1627 4115 voort
1667 4067 1955 4114 Casteel
1994 4071 2322 4126 Geldria,
2362 4081 3057 4132 d'ondersorterende
3098 4086 3261 4131 comp

879 4149 1146 4197 triren,
1183 4144 1565 4194 vtreckende
1602 4143 1755 4189 ende
1792 4142 2061 4189 comende
2098 4146 2365 4195 schepen
2402 4150 2517 4197 als
2554 4153 2860 4201 Jachten,
2897 4156 3012 4201 hoe
3048 4155 3243 4203 huddi

880 4223 1001 4269 met
1041 4223 1446 4269 eerbiedich
1486 4222 1810 4268 versoecq
1850 4223 1972 4269 aen
2012 4223 2215 4270 UEd:,
2255 4226 2376 4272 wij
2416 4227 2579 4278 daer
2617 4234 2740 4280 van
2780 4236 2902 4281 ten
2942 4233 3226 4282 vollen,

885 4293 1046 4340 ende
1086 4295 1246 4343 niet
1286 4298 1567 4344 minder,
1607 4298 2129 4347 Insonderheijt
2170 4302 2291 4350 met
2330 4306 2491 4354 geen
2531 4309 2772 4357 vlegen
2811 4313 2974 4362 ende
3012 4319 3257 4377 Crach„

882 4360 1100 4410 teloos
1135 4366 1279 4412 goet
1314 4366 1531 4413 (sulcx
1565 4368 1711 4415 voor
1746 4370 1927 4417 desen
1962 4373 2071 4419 wel
2106 4374 2394 4424 geschiet
2430 4379 2540 4425 is)
2574 4382 2683 4430 ten
2717 4386 2971 4437 aensien
3006 4392 3261 4444 s'Compe

885 4442 1227 4490 ommeslagh
1265 4442 1492 4488 alhier
1530 4441 1606 4487 nu
1644 4441 1795 4488 vrij
1833 4443 2098 4493 meerder
2136 4448 2250 4497 Is,
2288 4450 2364 4496 pr
2401 4451 2667 4504 eersten
2704 4459 3162 4508 geprovideert

878 4515 1099 4562 mogen
1142 4509 1406 4561 werden

789 4616 983 4680 Desen
1019 4615 1132 4661 dus
1169 4615 1357 4662 verre
1394 4617 1768 4663 geschreven
1805 4617 2066 4663 sijnde,
2103 4617 2366 4664 becomen
2401 4616 2589 4663 nader
2626 4613 2851 4661 advijs
2887 4609 3001 4656 can
3037 4607 3228 4656 onsen

2889 4699 3259 4747 redident

109 2004 172 2050 er

125 3362 167 3408 ans

113 3441 143 3487 te„

0 4503 30 4548 ge

72 4482 198 4538 angh

0 4660 125 4707 en
