3642 4883
1147 630 1457 688 Januarij
1493 625 1572 672 A.
1609 622 1650 668 o
1686 620 1844 668 1646

1250 825 1284 874 T
1309 818 1616 872 fluijtschip
1644 811 1895 863 Castricum
1922 810 2007 856 was
2034 808 2118 854 den
2145 806 2202 852 2.
2229 806 2286 853 en
2312 806 2537 853 November
2564 807 2676 853 naer
2703 808 2787 853 dat
2814 808 2899 855 den
2926 810 3237 866 Onderwopman

1366 909 1499 958 Jacob
1524 905 1605 953 van
1630 903 1737 950 Bost
1762 901 1843 947 van
1868 895 2212 946 Cassimabasaer
2239 895 2344 941 over
2371 896 2530 942 onglij
2555 898 2635 944 met
2661 900 2715 946 84
2740 901 2899 946 packen
2924 900 3058 946 selfs
3083 899 3244 948 gerede

1349 995 1599 1053 Bengaelse
1626 992 1737 1039 syde
1763 989 1875 1035 daer
1903 986 2013 1033 quam
2041 985 2096 1031 te
2123 985 2429 1034 verschijnen
2454 989 2538 1035 van
2565 990 2676 1035 daer
2703 989 2814 1034 naer
2841 989 3035 1036 Batavia
3062 991 3342 1040 vertrocken

1366 1093 1453 1141 met
1480 1089 1569 1138 een
1597 1088 1856 1135 Cargasoen
1883 1087 1971 1133 van
2000 1083 2345 1132 ƒ86497„1„14„
2373 1086 2632 1132 bestaende
2661 1087 2776 1133 uijt
2805 1088 2833 1133 7
2862 1087 3035 1133 packen
3063 1082 3236 1131 Cleden
3263 1081 3352 1127 137

1364 1188 1521 1241 packen
1547 1186 1652 1233 syde
1676 1181 1835 1229 309867
1858 1178 1913 1224 lb
1938 1173 2304 1223 gehaffineerden
2330 1172 2538 1218 sacpeter
2564 1173 2617 1218 en
2642 1172 2773 1219 sulcx
2798 1167 2982 1216 meerder
3008 1166 3086 1212 als
3111 1165 3165 1211 d'
3190 1159 3376 1212 facture

1363 1287 1603 1335 doceert,

1167 1415 1563 1485 Haeresaecke
1597 1409 1741 1459 sich
1775 1400 1990 1452 aldaer
2025 1393 2381 1444 Verthoonde
2417 1392 2666 1438 soude't
2702 1392 2880 1439 schip
2915 1390 3243 1439 amsterdam

1357 1531 1412 1580 op
1433 1524 1513 1573 den
1538 1512 1895 1568 gepresigeerden
1918 1508 1997 1557 tyt
2021 1504 2125 1553 niet
2150 1501 2354 1548 vaerdich
2380 1498 2610 1547 geraecken
2634 1492 2814 1542 cunnen,
2838 1488 2967 1536 wanet
2992 1485 3095 1532 noch
3120 1485 3222 1530 niet
3248 1482 3325 1530 een

1357 1633 1472 1683 pacq
1499 1622 1726 1676 suijcker
1754 1616 1868 1666 Inde
1894 1608 2094 1659 Randaer
2121 1604 2320 1651 gecomen
2348 1604 2433 1650 was
2461 1604 2574 1650 doch
2602 1597 2772 1648 stondt
2800 1591 3027 1641 dagelicx
3054 1588 3140 1635 aen
3167 1586 3226 1632 te
3252 1587 3394 1634 comen

1339 1750 1397 1799 't
1420 1734 1696 1792 vermiljoen
1721 1731 1777 1778 en
1804 1725 2105 1776 quicksilver
2129 1722 2213 1769 was
2239 1719 2349 1766 door
2376 1717 2458 1763 den
2485 1713 2677 1762 anderen
2700 1709 2731 1756 a
2757 1707 2812 1754 95
2838 1704 2948 1753 ro/a
2974 1698 3084 1748 ende
3111 1691 3305 1743 'tloodt

1338 1874 1397 1923 1½
1424 1865 1537 1918 ro/a
1562 1860 1622 1909 d'
1647 1853 1734 1902 man
1759 1847 1846 1896 van
1872 1843 1930 1891 68
1956 1840 2014 1887 lb
2041 1827 2379 1884 gedebiteert,
2406 1826 2463 1872 d'
2490 1821 2688 1870 groffel
2714 1814 2912 1866 nagelen
2940 1807 3137 1858 wierden
3164 1803 3257 1851 met

1363 1959 1521 2012 Cleene
1545 1951 1757 2003 partijen
1781 1949 1810 1996 a
1833 1944 1915 1993 100
1939 1942 1967 1988 r
1992 1941 2020 1986 o
2043 1938 2072 1984 a
2097 1934 2151 1982 8'
2176 1930 2256 1977 man
2280 1927 2493 1975 Verkocht

2772 2046 3037 2098 Comende
3075 2045 3193 2092 van

1190 2112 1268 2164 Aen
1287 2105 1341 2154 14
1360 2097 1415 2148 d.
1436 2094 1464 2140 o
1486 2082 1784 2137 verschyjnet,
1807 2076 1957 2126 alhier
1981 2073 2056 2120 een
2079 2064 2302 2117 schammpan
2326 2055 2611 2108 toebehorene

1351 2186 1638 2249 petaponlij
1664 2177 1866 2231 geladen
1893 2172 1980 2220 met
2006 2160 2349 2216 maintementos
2376 2152 2549 2205 boonen
2577 2149 2663 2196 als
2690 2146 2861 2195 andere
2890 2137 3203 2191 Clenicheden

1165 2379 1228 2432 An
1252 2364 1371 2421 158.
1393 2340 1628 2405 verstaen
1654 2333 1771 2383 ende
1797 2326 1943 2376 werdt
1971 2316 2345 2370 bij'schrijven
2373 2309 2546 2360 Vanden
2574 2303 2833 2354 ondercoop
2861 2299 2948 2347 men
2976 2294 3148 2343 Willem
3176 2290 3292 2339 Paum

1352 2432 1705 2495 geconfermeert
1730 2429 1813 2476 hoe
1839 2426 1920 2473 dat
1947 2419 2136 2470 Wardapa
2161 2414 2271 2463 door
2297 2412 2405 2458 sijn
2432 2410 2567 2457 eigen
2592 2407 2729 2454 pions
2754 2404 2809 2451 in
2835 2400 3052 2448 detentie
3078 2392 3295 2445 gehouden

1346 2542 1502 2592 werdt,
1526 2534 1683 2586 willen
1708 2525 2019 2577 sonderlanger
2043 2519 2251 2569 uijtstel
2276 2515 2380 2563 haer
2405 2512 2664 2560 betaelinge
2689 2508 2845 2556 hebben
2870 2504 2974 2553 voor
2999 2500 3155 2549 haeren
3179 2491 3336 2544 dienst

1351 2645 1538 2698 omtrent
1563 2637 1831 2690 pallacatta
1857 2629 2043 2681 gedaen,
2069 2626 2176 2673 ende
2201 2618 2442 2670 oilsooder
2468 2617 2575 2663 niet
2600 2614 2681 2661 bij
2705 2609 2841 2658 Cassa
2866 2608 2921 2655 Is
2945 2603 3053 2651 weet
3078 2599 3186 2647 geen
3212 2590 3425 2643 uytcomst

1348 2753 1436 2805 ten
1463 2746 1605 2796 waere
1631 2742 1690 2789 d'
1717 2732 2000 2787 Engelschen
2028 2728 2113 2776 vet
2141 2727 2226 2773 wes
2253 2725 2311 2771 Im
2337 2720 2565 2768 verschot
2592 2718 2763 2764 gaven,

1344 2878 1401 2928 d.
1426 2876 1455 2922 o
1479 2862 1724 2918 arriveert
1749 2856 1913 2906 alhier
1938 2854 2020 2900 ter
2046 2851 2182 2898 rhede
2208 2849 2343 2895 vande
2370 2847 2532 2894 Custes
2558 2843 2775 2892 gengelij
2801 2840 2882 2887 een
2907 2834 3152 2885 portugees
3178 2830 3394 2878 d'arouza

1231 2885 1322 2935 Ag

1339 2965 1542 3019 genaemt
1570 2962 1657 3009 met
1683 2958 1771 3005 sin
1798 2951 2029 3003 schampan
2056 2948 2116 2996 in
2142 2941 2316 2992 hebben
2344 2940 2402 2986 't
2431 2932 2746 2985 naervolgen,

1350 3092 1412 3144 13
1436 3080 1608 3134 lasten
1635 3072 1806 3124 rillij

1350 3170 1445 3220 150
1473 3153 1778 3212 parrahijs

1367 3250 1419 3300 17
1438 3234 1584 3293 blasen
1606 3226 1728 3278 boser
1748 3216 1848 3269 ende

1372 3322 1429 3371 23
1451 3315 1508 3364 d.
1528 3309 1561 3357 o
1583 3299 1693 3349 Olij

1203 3431 1251 3476 Af
1265 3420 1345 3476 16.
1366 3416 1393 3463 d
1413 3412 1440 3459 o
1460 3405 1559 3455 niet
1580 3395 1749 3448 remwece
1771 3385 1963 3439 quaebels
1984 3372 2273 3429 voorgevallen

1175 3594 1235 3643 At
1257 3584 1318 3635 d.
1339 3577 1373 3626 o
1399 3562 1650 3619 arriveert
1677 3555 1845 3606 alhier
1872 3552 1985 3599 (God
2009 3546 2123 3594 lof)
2148 3538 2290 3591 teeen
2316 3531 2457 3581 dede'
2484 3523 2792 3576 fluijtschip
2818 3519 3071 3567 Heemstede
3097 3514 3293 3565 Comense

1336 3659 1518 3716 daermet
1540 3649 1721 3703 Volgens
1745 3644 1874 3694 ordre
1898 3643 1950 3689 In
1975 3637 2103 3687 goede
2128 3628 2383 3682 dispositie
2408 3626 2485 3673 den
2510 3623 2587 3671 Joo
2612 3621 2867 3669 vercoopman
2893 3621 2944 3666 S.
2968 3620 2995 3665 r
3019 3619 3147 3664 Jacob
3173 3618 3303 3665 Sumus

1336 3764 1419 3815 ome
1442 3759 1524 3808 van
1548 3752 1656 3803 hier
1682 3749 1735 3796 p.
1759 3746 1789 3793 r
1813 3737 2026 3789 d'eerste
2051 3727 2343 3780 occurerende
2369 3723 2554 3771 occasie
2581 3724 2687 3770 naer
2711 3723 3005 3770 masulipatam
3030 3725 3083 3770 te
3107 3720 3376 3770 vertrecken

1334 3860 1436 3914 ende
1459 3853 1608 3903 aldaer
1630 3847 1780 3897 syjnen
1803 3844 1952 3892 dienst
1976 3841 2124 3889 nevens
2147 3839 2222 3886 den
2246 3834 2567 3884 oweverwoopman
2591 3833 2641 3879 S.
2665 3834 2690 3879 r
2713 3830 2862 3878 Pieter
2887 3830 3010 3876 sijme
3034 3828 3133 3875 waer
3157 3827 3207 3872 te
3231 3825 3380 3872 nemen,

1316 3956 1601 4026 becomende
1629 3946 1881 3999 daermede
1912 3942 2099 3991 misive
2129 3938 2317 3987 vanden
2348 3935 2660 3983 Oercoopman
2691 3936 2753 3981 S.
2784 3936 2816 3982 r
2844 3935 3065 3983 Martius
3096 3935 3158 3980 d'
3187 3931 3380 3980 Vroede

1328 4068 1536 4127 daerbij
1562 4061 1652 4111 als
1679 4056 1798 4105 uijt
1825 4053 1885 4099 't
1914 4047 2207 4097 mondelingh
2235 4047 2440 4095 rapport
2469 4048 2557 4094 van
2586 4043 2937 4094 voorgemelten
2965 4041 3025 4087 8.
3052 4039 3083 4086 a
3111 4033 3261 4083 Sunus

1337 4178 1475 4229 onder
1500 4170 1693 4221 anderen
1718 4161 1938 4213 vernemen
1963 4153 2265 4205 eerstelijck
2292 4153 2375 4199 hoe
2401 4152 2566 4199 voorsz
2593 4152 2757 4198 fluijt
2782 4146 3030 4196 Heemstede
3056 4145 3248 4191 beladen
3273 4141 3412 4190 Compt

3161 4237 3311 4285 net
