3703 4828
1704 1056 1847 1116 Ick
1891 1042 2167 1100 Comen,
2211 1038 2396 1087 voor
2442 1038 2533 1083 al
2578 1034 2900 1083 wanneer
2945 1034 3129 1082 haer
3172 1028 3364 1084 ed=e

1645 1163 1780 1216 die
1820 1157 1912 1207 op
1952 1136 2261 1198 Ceijlon
2305 1135 2393 1181 is
2433 1132 2568 1179 tot
2612 1120 3094 1176 palliacatta
3137 1119 3270 1166 sal
3313 1120 3492 1172 sijn

1643 1248 2101 1318 gecomen,
2155 1239 2326 1288 kan
2382 1234 2552 1282 vE:
2607 1229 2777 1277 met
2829 1226 3003 1274 hem
3058 1225 3399 1274 Beraat

1635 1353 1953 1412 slaagen
1997 1345 2179 1395 over
2224 1339 2406 1389 mijn
2449 1325 2813 1383 negotie,
2858 1323 3040 1370 ende
3085 1322 3222 1371 soo
3267 1326 3454 1375 them

1652 1465 1847 1521 ende
1894 1451 2039 1506 uE:
2083 1443 2232 1494 dan
2280 1435 2473 1486 goet
2518 1424 2859 1480 dunckt,
2907 1423 3053 1469 dat
3101 1425 3246 1471 jck
3293 1419 3440 1470 nae

1625 1563 2168 1629 palliacatta
2215 1550 2464 1605 Come,
2511 1546 2661 1593 soo
2708 1547 2858 1595 sal
2907 1545 3056 1592 jck
3100 1541 3504 1592 terstont

1645 1669 1934 1723 comen,
1978 1663 2078 1712 om
2125 1661 2223 1707 te
2269 1659 2558 1709 Beraat
2604 1649 2942 1703 slaagen
2987 1646 3134 1694 met
3181 1645 3326 1691 vE:
3374 1644 3474 1694 en

1625 1769 1801 1824 haar
1843 1764 2060 1812 Ed„en
2103 1757 2708 1807 contracterende
2749 1748 3054 1802 gelijck
3095 1746 3356 1794 altoos
3396 1742 3489 1791 in

1630 1878 1965 1941 voorige
2009 1869 2346 1923 tijden,
2394 1868 2537 1914 UE:
2584 1865 2728 1913 sie
2773 1862 2870 1909 nu
2918 1860 3061 1907 wat
3108 1858 3251 1905 hem
3299 1858 3506 1908 goet

1627 1990 1965 2044 dunckt,
2009 1985 2207 2036 offt
2254 1978 2399 2026 jck
2445 1973 2591 2021 sal
2639 1971 2784 2017 nae
2831 1961 3367 2015 palliacatta

1628 2090 1908 2144 comen,
1954 2091 2092 2137 nae
2138 2089 2277 2135 dat
2315 2088 2508 2135 sijn
2552 2084 2738 2131 Ed„e
2782 2080 2922 2129 sal
2968 2079 3107 2125 van
3151 2071 3476 2124 ceijlon

1632 2194 1789 2248 sij
1840 2182 2411 2236 aengelandt,
2459 2180 2567 2228 en
2614 2178 2774 2227 vE:
2825 2176 3034 2223 goet
3085 2171 3449 2220 dunckt,

1646 2297 1821 2350 nae
1877 2289 2051 2340 dat
2108 2285 2281 2332 uE:
2337 2280 2512 2327 met
2568 2276 2742 2328 hem
2795 2267 2971 2319 sal
3026 2259 3375 2310 hebben

1619 2378 2282 2449 beraatslaacht
2332 2377 2537 2424 ende
2587 2376 2741 2424 off
2790 2371 2945 2420 ick
2995 2364 3150 2414 sal
3200 2357 3455 2406 comen

1609 2493 1842 2549 Voor
1899 2478 2132 2537 sijn
2188 2466 2655 2519 Aencomst
2713 2469 2830 2516 om
2888 2473 3062 2518 met
3120 2471 3295 2518 VE:
3337 2457 3469 2514 te

1611 2580 2365 2652 Beraatslaagen,
2416 2571 2579 2619 soo
2631 2567 2686 2613 v
2739 2564 2849 2610 E:
2896 2562 3117 2612 goet
3169 2562 3494 2612 dunckt

1625 2700 1951 2752 gelieve
1995 2695 2137 2744 mij
2181 2690 2276 2738 te
2306 2680 2786 2733 schrijven,
2829 2674 2925 2726 en
2966 2669 3110 2718 ick
3155 2667 3295 2713 sal
3341 2667 3485 2712 ter

1663 2797 1985 2852 stondt
2038 2791 2251 2841 daer
2303 2788 2623 2835 comen,
2675 2786 2889 2833 voor
2941 2784 3048 2831 al
3102 2780 3261 2831 wat
3306 2781 3473 2826 vE:

1649 2897 1967 2952 mochte
2019 2883 2647 2941 goesduncken,
2697 2883 3066 2930 gelieft
3117 2876 3276 2928 mij
3325 2862 3434 2917 te

1634 2998 2157 3055 adviseeren,
2201 2991 2394 3041 niet
2440 2986 2630 3034 meer
2678 2985 2820 3032 dan
2867 2985 3057 3031 voor
3104 2983 3484 3034 vallende

1628 3111 1781 3159 als
1830 3108 1982 3154 dat
2033 3103 2235 3152 onse
2282 3099 2537 3149 heere
2587 3099 2739 3144 vE:
2788 3086 3397 3143 gesontheijdt

1620 3221 1732 3270 en
1782 3213 2063 3265 leven
2119 3205 2617 3260 verlangen
2672 3203 2894 3249 (met
2949 3193 3447 3248 geluckige

1629 3313 2221 3375 voortgangen
2271 3313 2436 3359 des
2489 3310 2812 3356 levens
2863 3307 3243 3356 gelijck
3293 3302 3459 3353 jck

1586 3436 2190 3516 Wenschot

1635 3559 1852 3613 uijt
1905 3547 2551 3601 Tegenepatnam
2603 3546 2766 3592 den
2818 3546 2874 3592 8
2927 3536 3196 3593 julij
3248 3532 3466 3579 1646

3185 3603 3314 3651 van
3357 3602 3486 3648 vE:

1989 3747 2206 3795 ende
2257 3747 2797 3797 onderstont
2850 3743 2959 3790 in
3009 3737 3443 3791 malabers

2835 3828 3400 3880 Chinanna

2000 3832 2130 3882 de
2191 3832 2453 3879 naam
2517 3832 2715 3878 van

2295 4040 2628 4094 Kittij

2363 591 2610 641 Translaet
2635 589 2719 636 uyt
2745 586 2937 633 missive
2964 587 3073 635 door
3100 590 3319 640 Clinanna
3346 596 3486 649 Chivi

2240 664 2419 722 aenden
2446 652 2737 708 gouverneur
2764 648 2939 696 arnold
2968 648 3172 695 Heutsen
3199 652 3257 698 In
3286 653 3405 701 dato

2252 742 2366 799 27e.
2390 729 2534 784 Junij
2560 723 2647 772 ao.
2674 719 2788 768 1646
2815 712 3014 762 geschr.
