3573 4801
2716 448 2887 496 299

879 642 1243 693 Seecker
1294 640 1555 690 jacht
1606 628 1919 687 vanden
1969 605 2490 671 vervremden
2540 585 2957 647 Chinanna

856 760 944 810 jn
982 746 1200 802 april
1238 736 1542 791 passado
1583 730 1713 779 met
1753 717 1927 772 6otr
1968 698 2396 761 elijphant,
2432 676 2738 743 partije
2776 659 2995 717 thin,

844 848 1040 902 ende
1084 838 1382 891 andere
1430 818 1821 881 weijnige
1869 789 2604 862 coopmanschappen
2651 782 2801 832 ter

802 952 1106 1009 rheede
1154 942 1357 995 voor
1405 936 1509 985 te
1557 918 2012 978 genepatam
2061 880 2667 962 aengelancht,
2715 865 2918 920 doch

802 1069 896 1119 in
940 1053 1169 1111 haest
1213 1043 1579 1097 ontlost,
1622 1034 1806 1085 ende
1851 1028 1989 1078 soo
2033 1013 2308 1072 voorts
2352 999 2627 1057 ledigh
2670 981 2945 1041 aldaer

856 1173 993 1227 ten
1036 1158 1308 1215 ancker
1351 1134 1757 1201 verbleven
1790 1125 2117 1178 sijnde,
2159 1118 2252 1169 is
2295 1107 2477 1161 door
2520 1100 2657 1149 die
2700 1077 2973 1144 vanden

819 1285 1002 1343 haan
1043 1276 1137 1326 op
1178 1262 1361 1318 onse
1405 1250 1586 1304 voor
1629 1225 2124 1293 affgesonden
2168 1212 2394 1268 ordre
2436 1204 2574 1255 int
2615 1174 3023 1245 herwaerts

861 1378 1120 1439 comen
1170 1369 1324 1420 van
1374 1352 1682 1412 carcal
1733 1319 2346 1396 aengeslagen,
2391 1310 2500 1363 en
2546 1297 2704 1352 ons
2749 1282 2908 1338 toe

853 1468 1288 1541 gebracht,
1336 1456 1623 1511 tselve
1669 1426 2247 1500 gerepareert,
2294 1418 2390 1468 en
2435 1407 2582 1460 van
2626 1382 2916 1448 eenige

825 1571 1522 1653 noodtwendicheden
1563 1556 1870 1614 versien
1912 1533 2217 1597 sijnde,
2259 1524 2391 1577 sal
2432 1517 2521 1568 d'
2562 1515 2651 1562 E.
2691 1505 2912 1559 comp.
2951 1502 3002 1549 e

851 1715 1044 1772 noch
1090 1699 1327 1757 lange
1373 1684 1656 1741 cunnen
1702 1667 2034 1727 dienen,
2078 1655 2269 1709 ende
2314 1640 2504 1696 daer
2550 1628 2740 1683 mede
2782 1619 2882 1671 nu

808 1823 1209 1883 tmaecken
1257 1815 1409 1866 van
1424 1803 1607 1853 een
1649 1787 1905 1845 nieuw
1953 1760 2255 1829 jacht,
2300 1747 2404 1799 jn
2452 1716 3003 1790 masulipatam

856 1947 1026 2005 (soo
1065 1934 1278 1988 trede
1318 1928 1489 1978 maer
1530 1926 1574 1973 „
1610 1914 1741 1966 int
1783 1905 1994 1959 werck
2036 1892 2332 1948 gestelt
2371 1882 2500 1934 is)
2538 1855 3005 1926 g'excuseert

1433 1876 1475 1926 „
1508 1866 1656 1916 niet

874 2036 1285 2109 werden.

716 2247 957 2304 Desen
1004 2236 1196 2289 (als
1243 2224 1530 2279 vooren
1576 2206 2057 2268 aengeroert
2100 2195 2344 2249 staet
2391 2189 2583 2240 ued:
2630 2183 2774 2233 toe
2818 2177 2918 2228 te

870 2346 1128 2402 comen
1179 2342 1333 2391 p=r
1382 2329 1690 2385 tschip
1738 2321 1894 2371 den
1942 2308 2200 2366 haan,
2250 2296 2456 2350 waer
2505 2286 2710 2338 jnne
2759 2275 2914 2328 van

857 2460 1042 2516 hier
1085 2454 1178 2502 d'
1223 2442 1497 2498 retour
1542 2425 1952 2485 gescheept
1997 2417 2134 2469 een
2176 2382 2634 2459 Cargasoent
2674 2372 2815 2424 gen

868 2581 1275 2646 bestaende
1317 2568 1499 2623 uijt
1543 2566 1678 2614 237
1719 2544 1991 2608 packen
2034 2519 2439 2586 diversche
2482 2493 2938 2561 sorteringe

859 2715 986 2768 van
1026 2698 1362 2757 cleeden,
1403 2691 1572 2741 ende
1613 2668 2074 2734 Lijnwaeten,
2115 2662 2283 2712 2022
2323 2657 2409 2706 lb
2446 2637 2743 2700 jndigo,
2785 2634 3039 2682 13200„

869 2839 1056 2903 „str
1091 2796 1645 2879 rochevellen,
1687 2789 1917 2839 2128-
1960 2786 2054 2834 lb
2097 2762 2599 2828 caijlpatams
2641 2752 2872 2805 stael

2926 2752 2964 2801 „

862 2974 1086 3032 1009
1137 2967 1252 3020 lb
1305 2937 1860 3009 Buscruijt,
1911 2926 2025 2977 32
2078 2912 2246 2967 stx
2300 2884 2854 2955 martavanen

885 3075 1075 3129 ende
1119 3076 1261 3125 450
1306 3068 1447 3119 stx
1491 3052 1773 3110 slaven
1815 3042 2006 3096 ende
2050 3017 2518 3084 slavinnen,
2562 3003 2845 3060 tsamen

867 3184 1191 3243 jncoops
1236 3163 1745 3228 bedragende,
1788 3146 2114 3206 volgens
2158 3141 2252 3189 d'
2293 3113 2805 3184 jngeslooten

830 3314 1216 3392 facture,
1262 3308 1359 3357 d'
1403 3292 1644 3351 somma
1691 3290 1739 3335 ƒ
1786 3270 2358 3335 130636„-„14„
2402 3252 2691 3311 gaende
2737 3241 2977 3296 onder

2880 3309 2994 3358 dos

873 3450 1141 3518 voorsz
1183 3429 1582 3494 Lijwaeten
1624 3421 1715 3472 10
1757 3407 2022 3463 packen
2062 3387 2508 3451 caetschus,
2548 3381 2640 3431 en
2682 3376 2772 3424 21
2809 3366 2994 3420 d=os

827 3591 1108 3658 Moeris
1151 3583 1246 3634 d'
1292 3578 1385 3625 27
1427 3569 1477 3618 a
1520 3562 1615 3613 28
1660 3555 1846 3604 asta
1890 3551 1984 3599 d'
2029 3518 2538 3594 Caijlpatam,
2582 3509 2815 3562 meest
2859 3505 3047 3554 alle

894 3726 1088 3784 naer
1130 3712 1278 3768 hun
1323 3688 1611 3754 deucht
1657 3670 1945 3730 cevijl
1989 3667 2135 3715 van
2178 3648 2468 3709 prijs,
2513 3638 2706 3691 uEd:
2752 3632 2897 3682 wel

915 3842 1321 3910 gevallen,
1362 3826 1545 3883 ende
1584 3814 1723 3867 hoe
1765 3801 1991 3856 verre
2034 3792 2215 3845 daer
2259 3779 2438 3834 inne
2482 3779 2572 3826 t'
2616 3771 2978 3825 handelen

889 3983 1138 4048 wert
1196 3963 1383 4023 mij
1443 3930 1995 4003 aengenaem
2053 3920 2179 3972 t'
2237 3912 2609 3962 sijner
2669 3899 2977 3953 tijt:

892 4104 995 4155 te
1042 4074 1500 4145 verstaen,
1549 4062 1702 4117 soo
1751 4050 1955 4103 gaet
2004 4037 2208 4091 oock
2258 4029 2461 4081 mede
2510 4020 2663 4070 een
2712 4006 2915 4059 pack

895 4200 1236 4272 schoone
1283 4191 1476 4242 ende
1521 4181 1670 4234 wel
1717 4145 2296 4222 geschilderde
2337 4128 2729 4189 gwbaers,
2773 4117 2873 4168 In

2179 4381 2726 4467 Carcal
