3573 4958
2788 301 3012 353 724

555 320 731 396 Juno
770 308 900 358 ao.
943 307 1114 353 1646

336 446 402 495 T

940 476 1145 524 hebben,
1173 478 1376 525 latende
1405 480 1552 531 onder
1579 487 1812 533 tusschen
1841 486 1928 532 met
1956 485 1986 531 5
2015 485 2247 533 oorloghs
2276 488 2510 546 galeijen
2536 503 2654 551 hare
2682 507 2916 561 Joncques
2942 518 3030 566 wet

939 597 1104 643 scherp
1131 597 1351 646 bewaren,
1376 602 1431 648 op
1458 603 1541 651 dat
1567 607 1677 654 niet
1703 609 1978 658 affdrijven
2004 615 2114 663 ende
2140 619 2277 667 alsoo
2303 622 2361 671 te
2385 628 2632 682 knappenen
2658 637 2850 685 mochten
2876 640 3013 690 komen

686 736 844 789 Heden
872 731 1001 778 wast
1032 732 1474 781 wedermargsdagh
1505 736 1600 784 van
1631 740 1820 786 sijde:
1852 741 1979 787 maer
2009 742 2168 791 wierd
2198 748 2389 802 gelijk
2418 758 2483 805 de
2513 761 2735 814 voorige
2765 770 2924 821 dagen
2954 777 3052 826 ten

945 847 1186 895 respecte
1215 845 1367 892 vande
1395 847 1516 894 tijt
1546 850 1906 900 gaerobeijngh
1935 854 2297 908 aengebracht,
2325 864 2416 912 dat
2445 868 2536 917 ons
2565 873 2688 923 nogh
2714 881 2957 931 alslappe

942 966 1061 1015 hope
1089 963 1206 1010 doet
1234 964 1437 1012 hebben,
1465 967 1553 1014 tot
1581 970 1639 1016 't
1667 971 1870 1018 roncque
1899 973 2015 1019 vant
2044 974 2304 1027 Capitael,
2332 983 2622 1037 refferende
2650 992 2710 1041 de
2737 997 3068 1060 landluijden

929 1084 1096 1132 datter
1122 1083 1206 1128 een
1234 1083 1400 1132 groote
1426 1088 1620 1138 sterfte
1647 1092 1951 1143 ditsaijsoen
1978 1098 2116 1143 onder
2144 1098 2200 1144 de
2227 1099 2310 1145 sij
2337 1100 2447 1148 worm
2475 1103 2532 1150 is
2557 1106 2586 1152 (
2612 1106 2696 1153 soo
2723 1108 2890 1158 seggen
2916 1114 3000 1163 tot

939 1209 1225 1256 eenstraffe
1254 1211 1568 1260 overtlandt)
1596 1215 1711 1261 waer
1739 1217 1853 1263 door
1881 1216 1968 1262 soo
1995 1215 2110 1261 veel
2139 1215 2281 1261 sijde
2310 1215 2425 1264 niet
2452 1219 2624 1267 cunnen
2652 1222 2909 1275 aenteelen

768 1336 831 1383 Op
858 1333 982 1382 dato
1013 1337 1195 1383 wierdt
1226 1338 1318 1384 opt
1348 1337 1592 1383 versoeck
1622 1339 1714 1384 der
1744 1337 1989 1384 Chinesen
2018 1339 2140 1386 door
2170 1340 2263 1388 den
2292 1343 2506 1392 Coningh
2535 1346 2597 1392 op
2628 1346 2690 1392 de
2719 1348 2994 1402 santplaet

940 1452 1033 1499 een
1063 1454 1342 1501 bamboesen
1372 1455 1526 1502 huijs
1557 1455 1680 1500 voor
1709 1453 1866 1500 haren
1896 1454 2236 1500 ambassedeur
2267 1455 2514 1505 gemaect:
2544 1461 2669 1511 maer
2698 1467 2854 1517 wilde
2883 1474 2978 1523 den

931 1576 1102 1623 selven
1130 1575 1244 1621 daer
1272 1574 1386 1620 niet
1413 1573 1613 1619 ingaen,
1641 1573 1783 1620 alsoo
1810 1571 1896 1617 van
1924 1569 2180 1615 bamboesen
2208 1568 2322 1617 ende
2349 1572 2464 1620 niet
2491 1575 2578 1623 van
2604 1578 2747 1628 steen
2775 1584 2890 1635 was,
2916 1592 3059 1643 laten

932 1703 1051 1748 syne
1080 1700 1230 1747 Maij.
1258 1703 1289 1749 t
1317 1705 1496 1752 wyders
1525 1704 1644 1751 seer
1673 1695 2119 1748 onbeleeffdelijk
2148 1695 2446 1743 aendienen,
2474 1698 2564 1744 wat
2593 1698 2772 1747 mamere
2801 1702 2891 1748 het
2920 1704 3041 1753 ware

863 1827 955 1876 dat
979 1835 1066 1880 men
1094 1833 1181 1879 hem
1210 1832 1297 1878 met
1326 1831 1441 1877 sijn
1469 1826 1615 1876 volcq
1643 1822 2019 1872 genvictualije
2046 1819 2424 1868 beschaffsten,
2451 1824 2510 1870 om
2538 1825 2626 1873 van
2654 1829 2885 1878 televen,
2914 1833 3060 1884 afsoo

934 1961 1123 2011 gewend
1154 1960 1311 2006 waren
1341 1957 1623 2006 sevenmael
1653 1956 1748 2002 des
1779 1956 1966 2001 daeghs
1997 1956 2060 2002 t'
2091 1955 2280 2003 eeten,
2307 1957 2435 2004 waer
2466 1959 2529 2005 op
2559 1961 2684 2008 sijn
2715 1963 2934 2014 Hoogh=t

932 2094 1052 2141 haer
1082 2093 1234 2140 soude
1263 2093 1354 2139 toe
1382 2090 1624 2137 gesonden
1654 2090 1835 2137 hebben
1865 2090 1985 2136 100:
2014 2087 2106 2134 stx
2135 2086 2407 2134 varckens,
2436 2090 2527 2137 100
2556 2093 2918 2142 pottenarracq
2947 2094 3040 2141 100

942 2223 1155 2271 eenden,
1183 2220 1275 2267 100
1304 2218 1485 2265 gansen
1515 2218 1635 2263 ende
1665 2218 1755 2263 100
1785 2217 2025 2264 hoenders
2055 2217 2326 2266 beneffens
2355 2221 2446 2267 300
2476 2221 2566 2267 d:o
2595 2219 2777 2267 silver

611 2368 727 2414 adij
754 2364 842 2412 3:e
869 2362 928 2409 en
957 2360 1044 2407 4:'
1071 2357 1159 2405 d:o
1187 2354 1505 2401 mietsonders
1533 2355 1909 2406 voorgevallen,
1937 2362 2024 2408 als
2052 2364 2140 2412 dat
2168 2368 2485 2417 voorhaelden
2513 2370 2744 2417 Chinesen
2773 2371 2977 2420 gesandt

937 2477 1028 2524 met
1056 2477 1147 2526 syn
1177 2481 1386 2527 gevolgh
1416 2482 1506 2527 hun
1535 2483 1805 2529 eventrots
1834 2482 1955 2527 ende
1984 2483 2283 2533 obgeblasen
2312 2488 2582 2537 thoonden,
2611 2492 2701 2537 soo
2731 2492 3031 2544 verstonden

941 2599 1062 2647 oocq
1092 2602 1183 2647 dat
1210 2600 1303 2647 den
1333 2598 1544 2645 Coningh
1573 2596 1664 2642 die
1694 2595 1815 2642 twee
1843 2594 2086 2641 nachodes
2115 2597 2205 2643 der
2235 2597 2476 2646 Joncquen
2506 2601 2807 2648 gelargeert
2836 2603 2988 2649 hadde

941 2710 1034 2759 wat
1065 2714 1250 2760 wyders
1281 2714 1434 2760 vande
1465 2714 1619 2760 saeke
1650 2714 1866 2760 greijen
1896 2714 1989 2760 wil
2018 2713 2143 2759 werd
2173 2713 2267 2759 den
2296 2715 2612 2764 tytlenen/.

678 2838 1155 2892 tegendenavondt
1188 2838 1494 2884 sendenden
1528 2839 1936 2887 brieffdrager
1969 2840 2073 2886 aff
2103 2839 2310 2887 Stille
2343 2839 2548 2886 willem
2581 2835 2887 2883 genaempt,
2920 2832 3057 2879 omme

860 2957 993 3005 sigh
1026 2953 1293 3004 opmorgen
1325 2950 1525 2996 vroegh
1559 2950 1992 2998 vand'oversyde
2024 2953 2158 3000 naet
2190 2953 2425 3000 Paerlen
2457 2951 2657 3000 Eyland
2688 2947 3057 2996 tevervoegen

931 3081 1148 3128 neffens
1178 3077 1395 3125 missive
1425 3075 1518 3122 aen
1548 3071 2011 3120 d'opperhooffden
2041 3069 2134 3116 van
2165 3069 2258 3114 het
2289 3069 2474 3114 aldaer
2504 3069 2567 3115 te
2596 3066 2875 3115 verwachtn
2905 3065 3098 3114 Schip,

939 3202 1102 3252 bij't
1134 3197 1329 3246 welcke
1359 3195 1459 3242 hun
1491 3194 1588 3239 den
1619 3191 1783 3239 stant
1815 3191 2075 3237 herwarts
2107 3190 2269 3237 over,
2301 3189 2431 3235 ende
2462 3187 2561 3234 hoe
2593 3187 2691 3232 hun
2723 3187 2951 3233 omtrend
2981 3183 3016 3230 t

1404 3252 1517 3298 t

930 3327 1065 3379 dese
1096 3324 1295 3372 natie,
1328 3325 1394 3370 en
1427 3317 1856 3370 intaendoender
1888 3314 2119 3361 Reviere
2151 3313 2252 3359 als
2284 3313 2482 3359 anders
2511 3310 2581 3358 te
2613 3308 2811 3354 dragen
2844 3308 3046 3359 sullen

934 3447 1187 3495 hebben,
1222 3446 1368 3494 werd
1403 3441 1660 3490 aenges:

688 3585 806 3634 adij
834 3582 924 3629 5:e
953 3582 1042 3627 d:o
1070 3580 1160 3626 het
1188 3576 1278 3624 syn
1306 3573 1454 3620 may:t
1484 3571 1631 3618 (:soo
1659 3571 1867 3620 geseijt
1896 3575 2014 3622 word
2043 3576 2162 3622 heel
2190 3578 2457 3630 verstoort
2485 3586 2634 3635 synde
2662 3591 2721 3636 op
2750 3591 2809 3638 de
2839 3593 3106 3648 Chinesen)

935 3684 1400 3734 vooraengetogen
1433 3685 1566 3732 huys
1599 3684 1765 3731 weder
1797 3686 2096 3739 affbreken
2129 3694 2263 3743 door
2294 3699 2526 3749 dienden
2560 3704 2924 3756 ambassedeur

924 3796 1116 3843 tselve
1146 3798 1242 3843 met
1274 3797 1622 3845 goetgenoech
1652 3796 1751 3843 was
1781 3799 1908 3847 omin
1939 3802 2130 3849 tegaen
2161 3804 2447 3852 begerende
2478 3808 2638 3859 hemnu
2668 3816 2795 3863 niet
2826 3818 3018 3869 alleen

919 3907 1034 3958 dit
1071 3914 1450 3969 bamboesen:
1487 3924 1638 3969 maer
1676 3923 1828 3969 oocq
1865 3924 2017 3972 veel
2054 3927 2282 3976 minder
2319 3932 2699 3984 eensteenen
2734 3938 2925 3986 huijs
2962 3934 3040 3982 te

2712 4064 3028 4117 verlenen

0 497 98 545 ck
