3553 4917
350 430 424 479 om
456 408 781 468 februarij
816 402 889 450 ao
922 389 1141 445 1646/.

2388 414 2506 461 In
2555 414 2796 466 hedo

957 623 1331 675 gelicentrert
1362 623 1426 671 de
1456 626 1675 672 Negotie
1706 627 1832 673 voor
1862 629 1956 676 het
1984 630 2206 678 treffen
2235 634 2331 682 der
2360 637 2580 688 pancado
2610 644 2673 690 te
2704 646 2990 707 Beginnen,

955 737 1011 786 en
1037 742 1091 787 s'
1117 740 1281 787 comp:s
1307 741 1389 787 die
1415 742 1578 788 naren,
1604 743 1768 789 immers
1794 744 1848 790 de
1875 744 2227 794 principaalste
2253 750 2416 798 eenige
2442 754 2633 800 meerder
2659 755 2904 807 vrijheijt

964 852 1221 899 toegestaen
1246 851 1375 896 mocht
1400 852 1580 900 werden,
1605 855 1709 903 sijn
1733 858 1837 905 Ed:s
1862 861 2016 907 seijde
2042 859 2170 906 sulcx
2195 861 2298 906 niet
2323 860 2376 906 in
2400 861 2530 907 zijn.
2554 863 2658 909 maer
2683 864 2734 910 in
2759 864 2786 909 s
2810 858 3043 908 keijsers,

968 958 1079 1004 ende
1107 958 1162 1003 de
1190 958 1330 1003 hooge
1356 960 1689 1009 overicheijts
1716 965 1938 1012 vermogen
1966 966 2021 1011 te
2049 966 2216 1011 staen,
2243 966 2437 1011 wanneer
2465 965 2521 1011 de
2548 966 2770 1012 songuats
2796 964 3044 1012 gepass:t

961 1076 1162 1125 seijnde
1191 1076 1248 1121 en
1276 1076 1476 1125 rappord
1504 1081 1590 1127 van
1618 1081 1732 1128 sijn
1759 1079 1933 1125 Bevind
1959 1082 2017 1128 in
2044 1081 2359 1130 Nangasachij
2386 1080 2587 1128 doende,
2615 1084 2814 1130 'tselve
2842 1082 2928 1128 als
2956 1081 3043 1127 dan

976 1193 1097 1239 mede
1127 1193 1188 1238 te
1217 1191 1491 1240 gedencken

764 1335 884 1381 adij
914 1332 1035 1380 21:e
1064 1328 1276 1376 vermits
1306 1331 1427 1378 geen
1456 1334 1757 1385 affscheijt
1787 1340 2029 1390 Becomen,
2058 1346 2149 1394 den
2176 1347 2329 1394 tolck
2359 1346 2450 1392 tot
2479 1347 2871 1396 Sickingodonne
2899 1346 3022 1395 ende

970 1442 1326 1490 sabroseijmond
1351 1443 1461 1490 onne
1488 1445 1734 1493 gesonden,
1760 1449 1870 1496 haer
1896 1451 2006 1497 Ed:s
2033 1452 2061 1498 d
2087 1452 2197 1498 nwer
2224 1452 2333 1498 dies
2360 1451 2606 1498 aengaande
2633 1451 2688 1496 te
2715 1450 2995 1500 gedencken,

970 1557 1057 1603 die
1084 1556 1258 1603 sonder
1287 1556 1432 1602 ander
1460 1558 1777 1605 toeledenige
1806 1559 2096 1608 wederkeert
2123 1564 2211 1610 als
2237 1564 2527 1612 (Jangatte)
2555 1564 2643 1610 dat
2671 1563 2730 1609 is
2758 1564 2931 1609 metter
2959 1563 3105 1611 haart

981 1667 1087 1713 ofte
1114 1665 1273 1713 binnen
1299 1664 1484 1711 corten,
1511 1663 1617 1709 daer
1643 1663 1697 1709 op
1723 1665 1803 1710 des
1829 1666 1962 1713 tolcx
1988 1668 2201 1718 gevoelen
2226 1674 2465 1722 vorderde,
2491 1677 2572 1724 wat
2597 1679 2651 1725 d'
2677 1681 2916 1727 oorsaacke
2942 1679 3101 1726 mochte

979 1786 1094 1834 sijn
1122 1785 1236 1830 also
1265 1785 1521 1833 doorgaans
1550 1786 1664 1832 (des
1692 1786 1921 1832 keijsers
1949 1787 2120 1836 rocken
2148 1791 2407 1841 ontfangen
2433 1798 2662 1844 hebbende
2689 1800 2747 1845 en
2774 1797 2946 1844 tecken
2974 1796 3056 1842 is

979 1903 1075 1951 van
1105 1905 1169 1951 te
1198 1903 1358 1950 mogen
1389 1903 1736 1950 vertrecken,
1767 1901 1862 1947 die
1893 1900 2177 1951 sustineet
2208 1906 2334 1952 door
2366 1907 2492 1953 dien
2522 1906 2586 1951 de
2617 1905 3027 1954 dancksegginge

980 2024 1093 2071 over
1121 2021 1179 2068 de
1206 2019 1518 2066 verlossinge
1546 2019 1631 2065 der
1660 2020 2000 2070 Nederlanders
2027 2024 2085 2070 in
2113 2025 2256 2072 nambo
2283 2028 2539 2075 gevangen,
2566 2030 2679 2076 niet
2707 2029 3055 2082 aensienlijck

986 2138 1210 2185 genoech
1242 2138 1467 2184 geweest
1498 2137 1628 2183 hij,
1657 2137 1787 2183 want
1819 2138 2014 2188 alomme
2043 2144 2172 2191 voor
2204 2146 2268 2192 so
2300 2147 2397 2192 een
2428 2148 2781 2196 uijtnemende
2813 2148 3009 2197 groote

984 2255 1160 2301 saacke
1189 2255 1424 2301 gehouden
1453 2256 1600 2304 werd,
1629 2260 1718 2307 dat
1746 2262 1835 2310 ten
1864 2265 2069 2312 minsten
2098 2266 2333 2314 behalven
2361 2269 2421 2315 d'
2449 2269 2714 2315 ordinaris
2743 2266 3040 2314 reverentie

987 2363 1103 2411 ende
1130 2363 1450 2410 schemkagie,
1479 2365 1625 2414 eenen
1653 2369 1914 2419 expressen
1943 2374 2262 2426 ambassadeur
2291 2382 2378 2428 met
2406 2383 2696 2430 bijsondere
2725 2379 2957 2428 verwacht

985 2478 1100 2525 ofte
1128 2478 1328 2526 wekdich
1355 2481 1526 2527 geacht
1554 2482 1639 2530 is,
1668 2485 1754 2531 dat
1781 2487 2038 2536 misschien
2065 2491 2236 2538 eenige
2264 2493 2436 2539 beraat
2463 2495 2719 2542 slagingen
2746 2495 2862 2542 dank
2889 2496 3003 2543 over

981 2594 1175 2641 vallen,
1202 2595 1258 2641 en
1285 2595 1505 2641 apparent
1532 2596 1754 2645 durwegen
1780 2601 1893 2650 noch
1918 2606 2111 2654 gehoort
2138 2605 2249 2653 ofte
2276 2606 2608 2654 geexamineert
2634 2610 2800 2657 sullen
2827 2612 2995 2659 werden

771 2743 887 2794 adij
916 2742 1059 2789 27:en
1086 2739 1230 2785 ditto
1258 2738 1344 2784 den
1371 2737 1516 2784 toeck
1542 2738 1744 2784 wederom
1772 2739 1858 2785 tot
1884 2738 1945 2785 de
1971 2740 2172 2789 hetken,
2200 2743 2543 2796 sukingodomne
2571 2750 2628 2795 en
2657 2749 3088 2806 sabroseijmond:e

988 2850 1046 2896 om
1075 2847 1360 2895 affscheijt
1387 2846 1445 2892 te
1474 2847 1759 2894 versoecken
1787 2849 2045 2900 gesonden,
2072 2856 2187 2903 ende
2215 2858 2500 2908 voorgaande
2529 2863 2786 2913 antwoorde
2813 2865 3019 2916 becomen

982 2958 1247 3008 hebbende,
1277 2961 1541 3006 verhaalde
1571 2961 1688 3006 uijt
1717 2961 1776 3006 de
1806 2961 2043 3011 dienaeks
2069 2968 2218 3016 vande
2246 2971 2364 3018 hetk
2393 2973 2746 3022 sukingodonne
2774 2972 3011 3021 verstaen

979 3079 1040 3127 te
1068 3072 1246 3122 hebben
1276 3071 1365 3117 dat
1393 3072 1483 3118 den
1511 3074 1807 3120 Gouverneur
1835 3073 2337 3126 sabroschjmondonne
2367 3080 2486 3126 voor
2514 3082 2751 3132 weijnich
2779 3088 2868 3135 dag
2897 3090 2960 3139 en

979 3188 1072 3236 van
1102 3185 1225 3233 sijn
1255 3182 1502 3230 Regimend
1531 3184 1593 3230 in
1623 3186 1960 3237 Nangasackij
1991 3192 2205 3238 Rappord
2235 3192 2450 3239 gedaen,
2481 3194 2634 3244 onder
2664 3197 2881 3245 anderen
2907 3199 2971 3247 de

991 3305 1217 3354 clachten
1244 3305 1328 3351 der
1356 3303 1581 3350 chuntsen
1608 3304 1861 3352 doorgaens
1888 3308 1945 3354 in
1972 3310 2280 3361 nangasackij
2308 3316 2420 3362 over
2448 3317 2504 3362 't
2532 3314 2673 3362 nemen
2700 3311 2920 3358 haerder

985 3428 1163 3477 Jomken
1193 3427 1400 3473 doende,
1428 3425 1547 3471 mede
1576 3426 1902 3475 voorgestelt
1930 3431 2108 3480 hadde,
2137 3435 2255 3481 daer
2285 3435 2403 3482 over
2433 3430 2817 3480 gedelibereert
2846 3428 3023 3476 wierde

982 3539 1123 3585 sulcx
1151 3539 1518 3585 ongetwijffelt
1546 3537 1631 3584 ons
1658 3536 1941 3586 affscheijt
1969 3541 2223 3588 verachten

327 3707 542 3756 Martius
573 3711 696 3756 adij
725 3708 787 3755 2.
818 3708 879 3754 en
909 3706 1033 3753 5:en
1063 3707 1185 3755 dio,
1216 3708 1339 3755 door
1368 3704 1461 3751 den
1490 3698 1645 3747 tolck
1674 3696 1829 3742 bijde
1859 3697 2043 3743 beeren
2073 3698 2441 3751 sukingodonne
2471 3705 2533 3751 en
2562 3704 3053 3757 sabroselijmond:r

994 3817 1051 3864 om
1077 3812 1389 3863 affschelijt
1416 3808 1811 3857 gesoliciteert,
1839 3810 1952 3856 ende
1980 3812 2065 3857 tot
2092 3813 2318 3861 antwoord
2346 3816 2544 3865 becomen
2571 3820 2684 3866 daer
2712 3819 2853 3866 tvere
2881 3816 2995 3863 geen

990 3923 1321 3971 swaricheijt,
1347 3920 1431 3968 ons
1458 3917 1624 3965 gerust
1649 3917 1705 3963 te
1733 3917 1925 3965 stellen
1952 3920 2062 3966 ende
2089 3922 2446 3974 diergelijcke,
2473 3929 2638 3976 sonder
2664 3928 2775 3975 dach
2802 3925 2914 3973 oote

1000 4032 1151 4078 stond
1180 4034 1271 4081 van
1300 4035 1541 4083 vertreck
1570 4032 1631 4078 te
1660 4030 1991 4079 mentioitken

770 4159 889 4209 Adij
917 4157 1007 4203 6e
1037 4157 1186 4203 ditto
1215 4158 1335 4204 send
1364 4160 1454 4206 den
1482 4157 1631 4206 heere
1661 4157 2018 4205 sukingodonne
2046 4156 2166 4203 alle
2193 4155 2255 4202 de
2283 4149 2612 4200 Rariteijten
2639 4153 2730 4199 als
2759 4151 3094 4208 Brantglaten

2404 4331 2683 4382 vekgrood
2715 4338 2992 4389 glasen/.

530 282 601 335 ne

811 308 926 368 na

184 665 256 713 heijt

0 652 37 698 bied

5 875 22 920 ond

0 1373 164 1427 versoclt
178 1385 221 1433 /.

2843 307 3009 365 634
