3703 4773
1401 523 1542 570 ende
1577 523 1683 569 tot
1718 524 1860 570 haer
1894 526 2211 572 voornemen
2246 525 2317 571 te
2352 527 2528 575 comen
2563 525 2880 574 ondersick
2916 525 2986 570 en
3020 523 3198 570 weet,
3231 522 3375 570 niet
3408 524 3519 576 wat

1379 635 1625 683 schijn,
1659 634 1870 682 andere
1904 634 2184 681 trachten
2219 634 2394 680 diens
2429 633 2499 679 te
2533 626 2814 677 maecken,
2848 626 2954 672 soo
2989 627 3163 673 hebbe
3198 628 3516 680 soodanigh

1383 737 1715 785 geruchten
1751 738 1862 785 ter
1898 739 2156 786 eerster
2192 740 2523 787 instantie
2559 740 2707 787 heel
2743 739 2890 786 geen
2927 738 3184 784 gelooff
3221 737 3515 787 gegeven,

1378 855 1528 902 maer
1564 852 1714 899 daer
1751 852 1901 898 over
1937 850 2162 898 aenden
2198 847 2610 895 voornoemden
2647 844 2946 892 Nicolaes
2983 844 3283 892 verburch
3319 847 3510 896 (sijn

1398 970 1786 1018 confrater:)
1821 971 2209 1019 geschreven,
2244 973 2350 1019 die
2384 966 2703 1017 verclaert
2737 961 2914 1010 alles
2948 958 3267 1005 verfierde
3301 959 3518 1013 logens

1386 1079 1456 1129 te
1488 1080 1653 1130 zijn,
1687 1084 1819 1130 ende
1852 1082 1952 1129 hem
1984 1080 2117 1126 voor
2149 1079 2249 1125 een
2282 1078 2580 1124 eerlijck,
2613 1075 2812 1124 trouw,
2845 1074 2978 1120 ende
3011 1071 3276 1119 vigelant
3307 1067 3511 1116 Comp=s

1391 1192 1649 1244 dienaer
1686 1194 2015 1240 vermaert,
2050 1190 2270 1239 watter
2306 1190 2380 1236 nu
2415 1190 2526 1236 van
2561 1189 2672 1235 sij
2707 1187 2781 1234 is
2817 1185 2891 1232 de
2924 1184 3256 1233 almogende
3292 1182 3517 1230 bekent

1393 1303 1531 1350 ende
1564 1303 1669 1350 kan
1703 1302 1842 1348 daer
1876 1299 1980 1347 van
2014 1297 2152 1344 niet
2187 1297 2394 1343 anders
2428 1294 2773 1343 oordeelen,
2807 1292 3050 1339 dewijle
3084 1292 3153 1338 de
3187 1288 3498 1337 distantie

1398 1410 1499 1456 van
1533 1410 1601 1455 de
1635 1407 1838 1455 plaets
1870 1404 1939 1451 te
1971 1401 2142 1448 groot
2176 1401 2278 1447 is,
2311 1402 2412 1448 dat
2446 1401 2548 1447 d„o
2581 1399 2683 1445 een
2716 1396 3055 1444 concubijne
3088 1396 3259 1441 lange
3291 1397 3496 1444 Jaeren

1370 1516 1637 1563 gehouden
1670 1515 1837 1561 heeft
1870 1513 2004 1560 ende
2037 1511 2138 1558 dat
2170 1506 2404 1555 deselve
2437 1502 2771 1551 cortelijck
2804 1501 2971 1546 vande
3005 1500 3306 1548 portuges)
3338 1503 3505 1553 padre

1376 1634 1616 1682 gedoopt
1650 1634 1788 1681 sij,
1821 1635 1890 1680 is
1925 1634 2131 1680 notoir
2164 1633 2268 1679 het
2302 1630 2542 1678 schijnt
2576 1627 2714 1675 mede
2748 1626 2851 1672 dat
2885 1625 2988 1671 hij
3022 1624 3125 1670 wel
3159 1623 3331 1668 soude
3365 1623 3468 1670 in¬

1366 1743 1723 1796 „clineeren
1757 1742 1829 1787 om
1864 1740 2007 1786 haer
2042 1739 2114 1784 te
2147 1735 2434 1784 trouwen,
2469 1735 2789 1781 aengesien
2825 1734 2932 1779 aen
2967 1734 3109 1780 mijn
3144 1732 3504 1781 geschreven

1386 1857 1606 1910 heeft,
1641 1853 1751 1901 dat
1786 1849 1896 1897 hij
1930 1839 2294 1892 voornemens
2330 1838 2475 1884 was,
2512 1838 2584 1883 't
2620 1835 2874 1883 selffde
2909 1834 2983 1880 in
3017 1833 3128 1879 een
3163 1832 3421 1880 missive

1387 1978 1494 2027 aen
1529 1978 1564 2023 u
1599 1974 1775 2022 Ed=ts
1806 1968 1880 2017 te
1914 1967 2301 2013 versoucken,
2336 1964 2616 2012 dewelcke
2650 1962 2757 2009 tot
2792 1961 2932 2006 dato
2965 1959 3107 2006 niet
3142 1954 3493 2003 verschenen

1390 2091 1503 2141 is,
1539 2085 1687 2135 ende
1723 2084 1834 2130 wel
1870 2082 1944 2128 te
1981 2080 2165 2127 spade
2201 2079 2385 2125 comen
2422 2078 2569 2125 sal,
2605 2076 2716 2123 als
2752 2075 3010 2121 wanneer
3047 2074 3341 2122 apparent
3377 2072 3488 2119 aen

1368 2210 1532 2261 mijn
1572 2208 1936 2255 aenhouden
1976 2207 2098 2253 sal
2138 2206 2219 2252 om
2259 2202 2421 2250 daer
2462 2200 2583 2247 toe
2624 2193 2947 2245 licentie
2987 2191 3069 2238 te
3108 2187 3476 2236 vergunnen

1385 2328 1499 2376 dat
1537 2326 1766 2373 echter
1804 2323 2185 2371 excuseeren
2223 2321 2375 2368 sal,
2412 2318 2528 2366 soo
2565 2316 2795 2363 langh,
2832 2315 2947 2362 tot
2984 2314 3099 2359 dat
3137 2313 3481 2360 vernemen,

1325 2450 1436 2506 wat
1470 2448 1506 2494 u
1541 2448 1718 2494 Ed=ts
1752 2443 2214 2493 diesaengaende
2248 2440 2461 2488 sullen
2496 2439 2780 2486 gelieven
2814 2438 2886 2484 't
2920 2433 3310 2483 ordineeren.
3344 2430 3417 2476 /.

1281 2634 1568 2704 Engelsz
1607 2635 1889 2683 supplij
1929 2638 2010 2683 is
2050 2639 2211 2685 uijt
2251 2639 2332 2685 de
2371 2638 2774 2684 Manielhdes
2813 2636 2975 2683 noch
3015 2633 3177 2682 niet
3216 2632 3500 2682 gereton

1357 2755 1590 2810 „neert
1628 2753 1783 2800 maer
1820 2754 2244 2801 d'president
2282 2755 2475 2802 heeft
2513 2754 2629 2800 met
2666 2753 2899 2799 voorsz
2934 2751 3167 2800 moorsz
3205 2746 3479 2796 schepen

1384 2863 1593 2913 advijs
1627 2863 1907 2910 gecregen
1940 2866 2045 2912 dat
2079 2866 2219 2911 voor
2254 2865 2497 2911 atchijn
2532 2864 2950 2911 gearriveert,
2983 2863 3123 2910 ende
3157 2860 3263 2908 int
3297 2860 3474 2908 laden

1361 2968 1509 3018 was,
1545 2970 1693 3017 ende
1729 2970 1840 3016 dat
1876 2970 1987 3016 het
2023 2969 2391 3017 Opperhooft
2427 2967 2648 3014 aldaer
2685 2967 2833 3012 noch
2869 2968 2980 3014 een
3016 2966 3201 3013 Joncq
3236 2965 3347 3012 van
3382 2962 3496 3010 twe

1386 3079 1650 3127 hondert
1687 3080 1912 3125 lasten
1950 3080 2213 3126 gecocht
2250 3080 2476 3127 hadde,
2513 3081 2590 3127 om
2626 3083 2740 3128 den
2777 3084 2965 3129 peper
3001 3083 3116 3129 die
3152 3081 3228 3126 de
3266 3078 3498 3126 suppli

1374 3192 1517 3243 niet
1551 3190 1727 3237 soude
1763 3188 1973 3235 connen
2009 3187 2255 3233 laaden,
2290 3187 2430 3233 daer
2466 3188 2536 3233 in
2570 3186 2641 3232 te
2677 3186 2960 3234 scheepen
2992 3190 3134 3236 naer
3168 3189 3274 3236 dat
3308 3188 3488 3234 hebbe

1396 3310 1620 3358 connen
1658 3306 1994 3354 vernemen,
2031 3304 2144 3351 sal
2180 3303 2256 3349 do
2292 3302 2481 3349 schip
2517 3304 2630 3350 soo
2666 3303 2854 3350 haest
2891 3304 3041 3350 hier
3077 3304 3492 3354 verschijnt,

1377 3429 1488 3485 met
1521 3427 1628 3472 den
1663 3425 1838 3472 peper
1874 3425 2014 3470 naer
2048 3423 2260 3470 gamron
2295 3423 2436 3470 ende
2470 3426 2716 3474 Bassora
2750 3428 3137 3475 vertrecken,
3172 3430 3383 3476 alwaer
3414 3429 3488 3477 de

1392 3547 1558 3594 selve
1592 3547 1725 3593 door
1758 3547 1858 3592 den
1891 3547 2124 3594 grooten
2157 3547 2391 3593 toevoer
2423 3546 2557 3593 noch
2590 3546 2825 3593 meerder
2856 3549 3023 3596 dalen
3056 3551 3189 3597 sal,
3223 3552 3323 3597 als
3356 3551 3489 3598 reed

1394 3669 1634 3719 volgens
1666 3667 1736 3713 't
1769 3664 2077 3712 schrijven
2110 3663 2214 3709 van
2248 3663 2316 3708 d'
2349 3662 2419 3708 E:
2452 3659 2760 3706 geleyjnsz
2793 3658 3067 3705 geschiet
3100 3659 3203 3705 is,
3237 3660 3374 3706 naer
3408 3661 3476 3707 de

1378 3801 1609 3853 maniel
1646 3799 1762 3846 des
1799 3798 1877 3844 en
1911 3796 2107 3845 mogen
2145 3796 2298 3841 geen
2335 3794 2719 3841 besendinge
2756 3791 2911 3839 meer
2949 3791 3141 3837 doen,
3178 3792 3332 3838 voor
3370 3789 3485 3838 dat

1396 3916 1756 3966 commissie
1795 3915 2034 3961 vanden
2073 3914 2353 3961 Coninck
2393 3915 2512 3961 van
2552 3916 2910 3962 Castilien
2949 3914 3110 3961 mede
3149 3912 3468 3958 brengen,

1383 4030 1596 4080 sonder
1631 4031 1736 4076 dat
1771 4031 1982 4079 souden
2015 4034 2156 4080 sij,
2190 4031 2542 4079 principael
2576 4034 2646 4079 de
2681 4034 3137 4081 particulieren
3171 4036 3241 4081 op
3276 4036 3416 4081 dese

1393 4134 1564 4182 tocht
1597 4138 1733 4184 seer
1767 4138 2038 4184 flammen,
2071 4140 2309 4188 dewijle
2342 4144 2445 4190 dit
2476 4145 2580 4192 met
2613 4146 2749 4192 dese
2782 4147 2952 4193 tocht
2986 4147 3155 4196 (:soo
3189 4151 3460 4200 seggen:)

1388 4244 1539 4296 seer
1575 4244 1798 4290 groote
1834 4246 2167 4293 proffijte
2204 4248 2427 4296 gedaen
2462 4251 2722 4302 hebben,
2758 4257 2833 4304 de
2869 4260 3091 4309 fluijt
3128 4263 3203 4310 de
3239 4266 3424 4311 hinde

1395 4358 1586 4414 (twee
1623 4355 1850 4402 daegen
1888 4355 2039 4401 voor
2076 4357 2152 4402 de
2190 4357 2454 4404 struijs
2491 4359 2906 4409 vertrocken,
2943 4362 3095 4408 end'
3132 4362 3245 4410 een
3281 4364 3436 4413 dach

3107 4484 3291 4532 naer
3337 4474 3477 4528 hem
