3642 4828
1067 588 1402 656 February
1439 581 1609 631 1645

1273 735 1624 783 palliacatta
1655 736 1751 781 als
1782 731 2165 781 madrespatam,
2197 729 2421 776 Comende
2449 729 2516 776 op
2548 727 2643 774 den
2674 725 2802 771 Wegh
2833 724 2930 771 van
2962 723 3155 770 Velvun

1273 844 1392 893 naer
1420 839 1739 888 Madrespatam
1768 838 1855 885 aen
1882 835 2173 883 gouverneur
2201 833 2375 880 Arnold
2404 831 2607 878 Heussen
2635 826 2897 876 geschren,
2923 819 3157 869 luydende
3185 819 3304 867 naer

1278 946 1541 998 translaet
1570 943 1658 990 van
1687 939 1863 988 woorde
1890 937 1951 984 te
1980 933 2155 981 woorde
2184 932 2272 978 als
2301 928 2507 979 Volght,

1181 1116 1291 1170 Ten
1322 1102 1467 1157 tide
1502 1100 1573 1147 in
1608 1097 1821 1144 velour
1854 1095 1962 1143 was
1997 1089 2210 1140 Vernam
2245 1088 2352 1134 den
2387 1081 2635 1132 Coninck
2670 1079 2777 1125 dat
2811 1067 3131 1124 oudegiere

1259 1206 1487 1263 verleren
1514 1204 1627 1250 Was,
1655 1201 1768 1248 ende
1796 1200 1881 1246 was
1908 1197 2022 1244 seer
2049 1194 2304 1241 verstoort
2331 1190 2614 1239 Veranderen
2639 1184 2726 1233 het
2753 1179 2895 1228 goede
2922 1175 3064 1224 hoert
3092 1175 3177 1220 dat
3205 1168 3403 1221 Maleije

1268 1311 1408 1365 hadde
1434 1300 1791 1354 toegedraegen,
1819 1296 2038 1345 seggende
2065 1296 2148 1344 hij
2173 1297 2312 1344 heeft
2339 1296 2531 1342 onderd'
2558 1291 2832 1340 Hollanders
2860 1289 3079 1336 gewoont,
3106 1284 3217 1333 ende

1266 1423 1375 1470 door
1401 1417 1509 1467 haer
1534 1412 1671 1461 sijne
1697 1403 1994 1456 rijckdommen
2019 1399 2208 1446 becomen
2234 1395 2451 1444 daernaer
2477 1395 2612 1443 heeft
2636 1394 2747 1443 haer
2773 1392 2854 1438 aen
2880 1391 2961 1437 mij
2987 1390 3043 1436 t'
3068 1382 3285 1436 onrechte

1251 1525 1616 1581 beschuldight,
1643 1523 1754 1569 ende
1781 1520 1921 1567 alsoo
1947 1515 2253 1564 verraeerije
2280 1512 2447 1560 plegen
2474 1505 2779 1557 palluacatta
2805 1500 2973 1549 geheel
3000 1496 3250 1544 bedorven,

1265 1625 1371 1672 hier
1395 1624 1634 1670 voortijts
1660 1623 1713 1670 de
1739 1622 1792 1668 in
1818 1619 2003 1668 sunsier
2028 1618 2187 1664 door't
2213 1616 2372 1663 faveur
2397 1615 2477 1661 van
2503 1610 2715 1660 Topacula
2739 1603 3083 1654 kistapaneijck
3109 1597 3322 1647 geraeckt

1261 1732 1345 1781 dan
1371 1726 1509 1776 heeft
1536 1725 1645 1771 door
1672 1720 1973 1770 verraderije
2001 1719 2110 1765 die,
2136 1718 2219 1764 die
2246 1717 2329 1763 hem
2355 1717 2493 1763 goedt
2520 1714 2684 1762 gedaen
2710 1711 2848 1758 hadde
2875 1707 3313 1756 t'ondergebraght,

1268 1835 1593 1884 daernaerdoor
1619 1833 1728 1879 mijn
1755 1832 1863 1878 last
1890 1832 1999 1878 naer
2025 1832 2080 1878 d'
2107 1830 2296 1877 rleijck
2323 1830 2486 1876 gegaen
2513 1828 2703 1875 sijnde,
2727 1820 2865 1872 heeft
2891 1819 2946 1864 in
2972 1816 3135 1864 plaets
3162 1816 3247 1864 van

1269 1950 1347 1997 mij
1371 1947 1526 1994 goeden
1551 1945 1706 1991 dienst
1732 1942 1886 1990 aldaer
1910 1941 1963 1986 te
1987 1939 2117 1986 doen,
2140 1937 2194 1984 d'
2220 1936 2374 1982 saecke
2400 1935 2554 1981 geheel
2580 1935 2708 1981 tegen
2733 1933 2811 1980 mij
2836 1927 3068 1978 gedreven,
3093 1925 3145 1972 't
3169 1922 3299 1969 welcq

1267 2056 1412 2108 alloe
1438 2053 1526 2101 wel
1553 2049 1754 2097 geweten
1781 2044 1925 2092 hebbe
1952 2043 2039 2088 soo
2066 2042 2209 2087 hebbe
2238 2041 2466 2087 nochtans
2492 2039 2580 2086 hem
2608 2035 2837 2083 Oudegure
2864 2032 3122 2079 betrouwt,
3149 2025 3265 2076 ende

1274 2164 1402 2220 alsoo
1425 2159 1601 2208 wederom
1625 2155 1825 2203 bedrogen
1848 2153 2073 2200 geworden,
2098 2153 2198 2198 mach
2222 2152 2323 2199 voor
2347 2154 2397 2199 en
2421 2152 2571 2198 alleen
2595 2150 2671 2197 ick
2694 2146 2795 2195 sijn
2820 2145 2895 2191 vel
2919 2143 3019 2189 niet
3042 2141 3094 2188 en
3118 2140 3193 2187 heb
3218 2136 3343 2185 laten

1276 2271 1589 2326 afstroopen,
1616 2268 1731 2315 ende
1759 2267 1873 2313 over
1901 2265 1987 2312 een
2014 2261 2214 2309 trommel
2242 2260 2441 2306 spannen
2470 2260 2527 2306 en
2554 2259 2640 2304 sal
2669 2259 2754 2304 min
2782 2255 3067 2304 gramnschap
3093 2252 3209 2300 niet

1254 2377 1639 2436 verminderen.

1259 2549 1737 2609 Tegenwoordich
1774 2548 1885 2596 heb
1921 2548 2106 2594 sched
2139 2547 2621 2595 visiapoursche
2658 2538 2879 2593 wooren
2914 2530 3287 2582 overwonnen

1279 2655 1367 2705 ten
1392 2651 1480 2700 sal
1506 2648 1594 2695 mij
1620 2647 1734 2695 geen
1762 2647 1932 2693 groodt
1959 2646 2102 2694 wercq
2129 2647 2271 2695 Wesen
2298 2647 2356 2693 d'
2383 2645 2779 2694 goecondaetsche
2807 2644 2864 2690 't
2891 2639 3033 2689 selve
3060 2636 3118 2683 te
3146 2634 3259 2681 doen

1277 2757 1383 2806 ende
1409 2752 1647 2801 oudegiere
1672 2751 1857 2797 wederom
1883 2751 1937 2798 te
1962 2754 2121 2800 nemen,
2146 2753 2200 2799 d'
2226 2751 2412 2798 maijs.,
2436 2753 2463 2799 ,
2488 2750 2674 2799 belaste
2699 2748 2779 2795 met
2804 2744 2937 2792 eener
2961 2739 3042 2787 aen
3067 2734 3358 2783 slareijnepa

1276 2861 1365 2906 dat
1392 2857 1544 2906 volcq
1573 2855 1692 2902 naer
1722 2854 2050 2901 Madrespatam
2079 2857 2198 2903 ende
2227 2857 2555 2903 palliccatta
2584 2855 2763 2902 ommed'
2790 2847 3060 2900 gouvernos
3088 2843 3180 2890 aen
3207 2840 3271 2889 te

1273 2970 1413 3020 nemen
1439 2967 1580 3014 soude
1607 2964 1803 3011 senden,
1830 2963 1943 3009 ende
1969 2965 2165 3012 d'Wijle
2192 2966 2386 3013 Chittij
2414 2965 2720 3012 Valliacatta
2746 2960 2860 3010 Seer
2886 2953 3110 3003 bedurven
3135 2945 3305 2996 heeft,

1258 3091 1349 3144 soo
1376 3086 1464 3134 sal
1492 3084 1551 3130 ue
1578 3079 1725 3129 Volcq
1753 3074 1985 3123 vernemen
2014 3074 2189 3121 overal
2215 3074 2333 3121 waer
2362 3076 2478 3122 sijn
2507 3077 2652 3124 goedt
2680 3075 2738 3121 so
2767 3074 2854 3120 dat
2881 3068 3144 3120 aenslren,
3171 3068 3261 3116 den

1277 3195 1559 3247 gouverneur
1586 3193 1643 3240 te
1669 3190 1839 3237 vreden
1867 3187 2092 3235 stellen,
2119 3188 2232 3235 ende
2259 3189 2345 3235 mij
2372 3191 2541 3236 advijs
2567 3189 2681 3234 doen
2708 3187 2906 3233 hebben,
2933 3181 3158 3231 waernaer
3184 3176 3242 3225 d'
3268 3172 3411 3220 magt.

1271 3309 1351 3359 mij
1376 3306 1480 3353 voor
1505 3304 1582 3351 hem
1608 3300 1814 3349 hebbende
1839 3299 1943 3345 doen
1967 3298 2251 3345 verschijnen
2276 3298 2354 3344 ben
2379 3298 2483 3344 niet
2508 3300 2817 3346 tusschrijven
2841 3297 3049 3345 gedeckt,
3072 3284 3411 3341 recommanderen

1279 3425 1340 3473 op
1369 3419 1696 3469 pulliacatta
1726 3414 1874 3464 goede
1903 3411 2023 3460 acht
2052 3410 2112 3456 t'
2141 3410 2349 3456 hebben,
2378 3409 2438 3455 op
2467 3408 2557 3455 dat
2585 3407 2646 3453 't
2675 3405 3120 3453 wederrespirere,
3149 3400 3300 3450 heeft

1275 3539 1365 3589 mij
1394 3536 1511 3582 oocq
1538 3531 1716 3579 belast
1742 3528 1920 3577 eenige
1948 3526 2153 3573 saecken
2182 3526 2241 3571 UE
2270 3524 2329 3571 te
2356 3519 2651 3568 verhaelen,
2679 3518 2942 3567 bevelende
2970 3514 3088 3562 uwen
3116 3507 3351 3558 resident

1254 3646 1571 3716 Ramabadrea
1600 3640 1726 3689 alle
1757 3637 1820 3684 't
1850 3636 2038 3681 voorsz
2069 3636 2132 3681 UE
2162 3633 2287 3680 mede
2317 3631 2412 3678 aen
2443 3631 2505 3676 te
2534 3628 2848 3676 schrijven,
2878 3625 3004 3673 ende
3035 3624 3129 3669 mij
3159 3622 3333 3670 geven

1272 3765 1485 3819 brieven
1515 3760 1607 3809 van
1636 3751 1911 3803 Credentie
1939 3748 2033 3796 Aen
2062 3745 2124 3792 u.
2154 3742 2306 3790 heeft
2336 3741 2428 3787 mij
2459 3734 2855 3786 gedepecheert,
2884 3725 3159 3777 ontfangen
3188 3722 3280 3768 ter

1261 3875 1425 3930 selver
1450 3871 1586 3918 uijre
1613 3868 1720 3916 mede
1746 3859 1962 3912 gelijcke
1988 3855 2176 3903 brieven
2201 3853 2284 3898 van
2310 3852 2606 3899 tlareijnepa
2632 3851 2740 3898 ende
2766 3840 3115 3896 wengerepunij,
3141 3831 3250 3884 ende

1280 3993 1345 4042 om
1373 3987 1561 4036 datter
1592 3985 1779 4032 eenige
1808 3981 1996 4030 quaede
2027 3976 2213 4026 daeren
2242 3972 2617 4021 Voorstonden,
2647 3972 2804 4019 hebbe
2834 3971 2927 4018 wat
2958 3964 3237 4016 vertoeft,

1273 4115 1404 4172 doch
1433 4107 1562 4158 mijn
1593 4102 1816 4152 broeder
1847 4100 1975 4147 voor
2006 4100 2070 4148 af
2101 4091 2387 4144 gesonden,
2419 4089 2514 4136 den
2545 4087 2768 4134 welcken
2800 4086 2864 4132 in
2893 4078 3250 4131 madrespatam

2885 4197 3272 4247 aenlangende
