3587 4883
917 207 1221 261 Januarij
1257 206 1371 253 ao.
1409 206 1561 252 1646

1299 437 1446 489 wiens
1474 433 1677 482 compste
1704 431 1967 479 bijsonder
1995 428 2226 477 verblijt
2255 426 2400 473 bleef
2428 425 2545 473 door
2572 428 2689 474 dien
2717 428 2949 475 bementen
2977 430 3064 476 van
3093 431 3359 499 denselven

1296 553 1649 605 bemintwierdt,
1676 548 1838 598 gelijk
1864 546 1946 593 hij
1972 544 2082 590 oocq
2107 542 2244 590 dede,
2270 541 2352 587 del
2378 540 2460 586 tot
2487 539 2920 587 teijckenvandien,
2947 542 3028 587 ons
3054 542 3137 591 wat
3163 547 3381 605 vermaeck

1302 673 1499 721 aendoen
1527 670 1696 717 wilde,
1721 663 1893 715 gelijk
1921 662 2203 709 geschiede.
2230 660 2428 706 latende
2456 658 2710 705 eetenende
2738 658 2964 705 druncken
2991 661 3133 708 voort
3160 664 3392 729 brengen:

1295 791 1568 842 mitsgaders
1594 789 1703 835 door
1729 787 1974 835 desselffs
2000 783 2164 832 vijven
2191 782 2246 828 op
2272 778 2571 826 verscheyjde
2597 778 2898 825 Instriments
2924 779 3088 825 Spelen
3114 780 3196 827 ene
3222 782 3389 841 singen

1280 918 1403 968 etc.
1432 917 1463 963 a
1490 910 1584 962 tot
1612 908 1703 954 een
1733 906 1884 953 stuck
1912 904 2064 951 inden
2094 905 2274 952 nacht,
2303 903 2395 950 als
2424 902 2635 947 wanneer
2665 898 3057 947 naerminnelijk
3085 903 3386 956 affscheijt

1291 1030 1448 1080 weder
1480 1026 1824 1075 vertrocken,
1853 1022 2137 1069 bevelende
2167 1021 2262 1068 ons
2293 1022 2543 1067 somtijts
2574 1021 2700 1067 daer
2731 1020 2952 1068 tekomen
2980 1024 3200 1074 Speelen
3231 1030 3358 1081 ende

1291 1156 1374 1206 hij
1400 1155 1533 1202 wilde
1559 1155 1613 1200 op
1638 1153 1720 1199 een
1744 1153 1878 1200 ander
1905 1151 2011 1198 tijt
2036 1149 2143 1195 eens
2170 1149 2356 1195 meerder
2382 1149 2675 1196 varolyckht.
2700 1146 2860 1194 tonser
2887 1145 3099 1191 vermaeck
3126 1145 3395 1204 aenrechten

1296 1283 1462 1332 doen,
1495 1281 1561 1327 op
1595 1278 1727 1326 alle
1760 1277 1958 1323 welcke
1991 1273 2455 1323 complementeuse
2487 1274 2752 1322 woorden,
2784 1274 2917 1321 onse
2950 1274 3249 1321 antwoorde
3281 1275 3381 1323 nae

1300 1402 1542 1451 behoren
1576 1401 1680 1447 met
1714 1402 2059 1448 vrundelijk
2092 1404 2300 1451 gelate
2332 1406 2747 1456 replicerende
2779 1406 2889 1458 den
2913 1413 2987 1462 ——

843 1538 882 1586 V
914 1534 1022 1581 dij
1054 1534 1161 1582 2:e
1194 1530 1301 1578 d:o
1333 1523 1406 1573 de
1440 1520 1826 1569 Chinesenons
1860 1520 2106 1567 comende
2140 1523 2561 1571 waerschouwen
2594 1527 2979 1575 datvaerdigh
3014 1530 3189 1576 lagen
3224 1524 3366 1574 omme

1288 1640 1441 1689 affte
1470 1638 1685 1685 drijven
1714 1637 1959 1683 teneynde
1989 1637 2081 1684 uyt
2111 1639 2203 1684 dit
2233 1640 2507 1689 Rijckhare
2537 1643 2721 1690 keijse
2751 1645 2812 1691 na
2842 1647 3056 1693 Batavia
3085 1646 3147 1692 te
3177 1640 3361 1690 maeken

1251 1763 1595 1814 Resolveerden
1624 1763 1710 1808 een
1738 1762 1997 1810 brieffken
2025 1765 2082 1811 te
2111 1764 2369 1811 schrijven
2398 1766 2541 1812 aend'
2568 1766 2599 1812 E
2626 1765 2742 1812 d:le
2768 1761 2914 1810 h=ren
2942 1761 3085 1807 Raden
3114 1761 3200 1806 van
3226 1759 3377 1807 Jndia

1292 1884 1429 1934 omme
1462 1884 1598 1930 haer
1629 1885 1765 1934 Ed:e
1797 1890 2334 1941 benstaetherwarts
2365 1894 2501 1941 over
2534 1894 2635 1940 tot
2668 1891 2837 1939 heden
2869 1891 3070 1938 bekent
3102 1889 3373 1936 temaeken

1278 2010 1450 2062 gelijk
1478 2010 1648 2058 deden,
1675 2012 1790 2059 ende
1816 2015 2099 2065 aendeselve
2127 2020 2211 2066 ten
2239 2018 2466 2066 diensine
2493 2018 2578 2063 des
2605 2016 2832 2063 namdaghs
2860 2017 3030 2063 lieten
3058 2017 3368 2065 intregeren.

1289 2133 1416 2181 onder
1442 2135 1644 2180 tusschen
1668 2134 1796 2180 comen
1821 2136 1897 2182 ons
1922 2138 2200 2189 verscheijde
2225 2144 2428 2193 grooten,
2453 2148 2529 2194 als
2553 2147 2681 2193 andre
2705 2147 2858 2194 Coopl:
2882 2150 2984 2196 ende
3006 2147 3135 2196 Comp.
3160 2147 3189 2194 s
3210 2145 3389 2196 vrunden

1288 2264 1399 2311 inde
1427 2266 1565 2312 logie
1592 2265 1868 2312 begroeten,
1896 2266 1979 2313 die
2005 2267 2090 2313 met
2117 2267 2422 2314 minnelijkh.
2447 2268 2476 2314 t
2502 2266 2780 2313 bejegenden
2806 2265 2917 2313 ende
2944 2265 3000 2312 na
3027 2268 3331 2314 vermogenont

1252 2385 1526 2434 „haelden,
1555 2388 1645 2433 tot
1675 2387 1856 2433 tegens
1886 2387 2126 2433 denavond
2156 2387 2247 2433 als
2277 2387 2578 2433 wanneerons
2608 2388 2698 2433 den
2727 2384 2909 2433 Capado
2939 2384 3180 2434 Ongahaij
3210 2384 3391 2436 (groot

1244 2507 1525 2556 „rechter)
1556 2509 1681 2555 door
1712 2510 1805 2555 syn
1837 2510 2055 2556 broeder
2086 2509 2180 2555 ons
2210 2508 2429 2555 groeten
2460 2510 2586 2557 ende
2616 2511 2772 2557 tegen
2804 2509 3271 2557 overmorgenavond
3301 2506 3365 2554 te

1265 2631 1465 2679 sijnent
1491 2627 1750 2675 ontbieden
1778 2629 1920 2676 liet,
1949 2630 2262 2676 versoekende
2290 2629 2376 2675 met
2405 2630 2491 2676 een
2519 2631 2576 2676 om
2604 2631 2690 2677 een
2718 2632 2832 2678 kist
2861 2632 2975 2680 gelt
3002 2633 3060 2678 op
3088 2628 3381 2679 leverantie

1278 2748 1553 2800 vansijde,
1583 2755 1736 2801 wilde
1765 2757 1857 2803 ons
1887 2758 2070 2804 altijt
2099 2756 2435 2803 bewijseneen
2465 2756 2648 2803 vrundt
2678 2759 2740 2804 te
2769 2759 2952 2806 wesen,
2982 2758 3104 2804 daer
3134 2759 3225 2804 hem
3256 2752 3349 2804 als

1284 2878 1524 2924 Verleden
1553 2878 1795 2925 Saijsoen
1824 2881 2035 2926 mochten
2064 2880 2216 2928 vando
2245 2883 2306 2928 en
2335 2884 2576 2933 crijgen,
2605 2884 2846 2930 'twelcke
2875 2883 2966 2930 met
2995 2885 3357 2932 beleeftheijt

1278 3000 1486 3047 sochten
1516 3002 1605 3048 aff
1634 3002 1696 3049 te
1723 3005 1903 3052 slaen,
1932 3007 2200 3054 hoewelder
2229 3008 2408 3055 echter
2437 3010 2675 3059 toekomen
2704 3014 2794 3060 sal
2824 3015 3032 3062 moeten,
3062 3016 3151 3061 soo
3180 3012 3329 3061 sijne

1308 3126 1576 3177 vrundschap
1603 3132 1710 3180 (die
1736 3134 1845 3182 dogh
1870 3137 2032 3184 nodigh
2058 3139 2245 3185 hebben)
2270 3138 2487 3188 behouden
2513 3143 2701 3191 willen,
2726 3143 2888 3191 sijnde
2914 3144 3022 3190 oocq
3048 3146 3129 3192 een
3155 3147 3321 3196 cleijn

1226 3262 1544 3321 principael
1575 3263 1889 3309 tenaensien
1919 3264 2013 3310 van
2044 3262 2108 3308 de
2138 3263 2295 3309 hulpe
2326 3265 2452 3311 ende
2482 3267 2701 3315 dienste
2732 3269 2826 3314 die
2855 3267 2921 3314 de
2950 3266 3108 3315 Comp.
3137 3266 3170 3312 e
3201 3264 3295 3310 bij

1274 3393 1599 3447 gelenth:t
1634 3391 1886 3438 doencan

833 3555 869 3602 N
900 3549 996 3597 dij
1029 3549 1128 3598 3„e
1155 3553 1254 3601 d:o
1282 3545 1414 3595 liet
1446 3543 1510 3589 en
1541 3541 1864 3588 nogheenige
1896 3542 2121 3588 solpher
2153 3543 2410 3590 aenboord
2442 3545 2572 3591 voor
2602 3547 2700 3594 den
2730 3543 2925 3591 Jongen
2956 3539 3181 3587 Coningh
3213 3539 3348 3588 ende

1258 3669 1454 3718 Prince
1485 3670 1748 3717 duckongh
1780 3670 1911 3717 thoo
1943 3668 2139 3716 wegen,
2171 3667 2335 3713 onder
2367 3668 2563 3718 wijlen
2596 3673 2791 3720 quamds
2824 3673 3020 3721 Prince
3052 3674 3314 3721 aenboord
3343 3671 3378 3718 t

1269 3794 1332 3839 de
1362 3792 1774 3840 Schepenbesien
1803 3795 1930 3842 daer
1960 3790 2118 3840 vande
2149 3789 2432 3836 overigh=t
2464 3790 2779 3839 nabehooren
2810 3794 3061 3842 onthaelt
3091 3795 3250 3842 wierd
3281 3795 3313 3840 t

2984 3946 3224 3997 sulcx
