<?xml version="1.0" encoding="UTF-8"?>
<PcGts xmlns="http://schema.primaresearch.org/PAGE/gts/pagecontent/2013-07-15">
  <Metadata externalRef="5c248aef-40bf-453b-8b23-0e7b8f2a0a16">
    <Creator>Laypa</Creator>
    <Created>2023-09-08T02:19:56</Created>
    <LastChange>2023-09-08T03:38:16</LastChange>
    <Comment>license: CC0</Comment>
    <MetadataItem type="processingStep" name="layout-analysis" value="laypa">
      <Labels>
        <Label value="228a7d24385cff0e51687c00d0e65a2c2a9703d5" type="githash"/>
        <Label value="61334eb4-edff-4af5-b036-b5927f35bbcf" type="uuid"/>
        <Label value="https://hdl.handle.net/10622/VMSCBR" type="laypamodelremote"/>
      </Labels>
    </MetadataItem>
    <MetadataItem type="processingStep" name="region-analysis" value="laypa">
      <Labels>
        <Label value="0a3442b4-835c-44bc-9115-3fd08263a5dc" type="uuid"/>
        <Label value="https://hdl.handle.net/10622/DMAS2T" type="laypamodelremote"/>
      </Labels>
    </MetadataItem>
    <MetadataItem type="processingStep" name="htr" value="loghi-htr">
      <Labels>
        <Label value="9efb3e0ff4338dc6e07d110ac4d435f27f5b0e16&#10;" type="githash"/>
        <Label value="3a9bdaa3-493c-483e-bbb2-f51961b8e5a0" type="uuid"/>
        <Label value="64" type="batch_size"/>
        <Label value="https://hdl.handle.net/10622/X2JZYY" type="loghihtrmodelremote"/>
      </Labels>
    </MetadataItem>
    <MetadataItem type="processingStep" name="word-splitting" value="loghi-htr-tooling"/>
    <MetadataItem type="other" name="dataset" value="https://hdl.handle.net/10622/LVXSBW">
      <Labels>
        <Label value="VOC transcriptions v2 - GLOBALISE" type="name"/>
        <Label value="Dataset in pagexml and txt format, including data card." type="description"/>
        <Label value="https://globalise.huygens.knaw.nl/" type="creator"/>
        <Label value="https://hdl.handle.net/10622/LVXSBW" type="url"/>
      </Labels>
    </MetadataItem>
  </Metadata>
  <Page imageFilename="NL-HaNA_1.04.02_1161_0565.jpg" imageWidth="3567" imageHeight="4801">
    <ReadingOrder>
      <OrderedGroup id="orderedgroup_17e08e71-1401-43e2-b3cd-56c4611b59d7">
        <RegionRefIndexed index="0" regionRef="region_140a6ae2-6d69-4818-b240-e9bdeda91119_4"/>
        <RegionRefIndexed index="1" regionRef="region_a500d55c-421e-426a-9e07-ccefbac7956a_5"/>
        <RegionRefIndexed index="2" regionRef="region_aeb8f630-599b-4a34-9550-8b17a9a9a899_2"/>
        <RegionRefIndexed index="3" regionRef="region_9c68db17-4025-488f-aa23-a754d6975f3c_1"/>
        <RegionRefIndexed index="4" regionRef="region_9458262c-5e2e-4e24-b9b3-6a6ece993063_3"/>
      </OrderedGroup>
    </ReadingOrder>
    <TextRegion id="region_140a6ae2-6d69-4818-b240-e9bdeda91119_4" custom="structure {type:page-number;}">
      <Coords points="2682,509 2682,519 2679,523 2679,557 2682,561 2682,564 2703,585 2703,589 2721,606 2724,606 2728,610 2734,610 2738,613 2776,613 2780,610 2783,613 2794,613 2797,610 2815,610 2818,606 2835,606 2839,603 2849,603 2853,599 2856,599 2860,596 2863,596 2867,592 2867,589 2877,578 2877,571 2881,568 2881,561 2877,557 2877,544 2874,540 2874,523 2870,519 2870,516 2867,512 2863,512 2856,505 2849,505 2846,502 2829,502 2825,498 2811,498 2808,495 2790,495 2787,491 2783,491 2780,488 2766,488 2762,484 2710,484 2707,488 2703,488 2696,495 2693,495 2689,498 2689,502"/>
      <TextLine id="af806148-4d72-48ed-8ddc-b7cb53a4fbbb">
        <Coords points="2672,490 2910,494 2919,501 2919,587 2672,584"/>
        <Baseline points="2714,571 2764,570 2814,568 2864,569 2878,566"/>
        <Word id="word_4a6f950e-4b25-4f30-b80e-0a3d8ddbb599">
          <Coords points="2713,536 2763,535 2813,533 2865,534 2871,532 2880,576 2864,579 2814,578 2764,580 2714,581"/>
          <TextEquiv>
            <Unicode>862</Unicode>
          </TextEquiv>
        </Word>
        <TextEquiv conf="0.9991921815054512">
          <Unicode>862</Unicode>
        </TextEquiv>
        <TextStyle xHeight="43"/>
      </TextLine>
    </TextRegion>
    <TextRegion id="region_a500d55c-421e-426a-9e07-ccefbac7956a_5" custom="structure {type:marginalia;}">
      <Coords points="481,2822 484,2826 484,2829 491,2836 495,2836 498,2839 505,2839 509,2843 554,2843 557,2839 561,2839 564,2836 568,2836 571,2833 568,2829 568,2822 564,2819 561,2819 550,2808 536,2808 533,2805 505,2805 502,2808 498,2808 495,2812 491,2812"/>
    </TextRegion>
    <TextRegion id="region_aeb8f630-599b-4a34-9550-8b17a9a9a899_2" custom="structure {type:paragraph;}">
      <Coords points="857,704 839,766 839,1035 826,1136 815,1171 812,1261 826,1320 836,1421 836,1498 829,1529 829,1676 843,1860 839,1958 822,2049 822,2139 836,2233 839,2414 857,2446 871,2509 892,2543 913,2550 1209,2557 1874,2536 1958,2522 1996,2509 2020,2484 2034,2449 2055,2428 2097,2414 2303,2397 2379,2397 2463,2387 2696,2390 2738,2383 2801,2383 2849,2373 2881,2355 2895,2310 2895,2247 2902,2237 2898,2219 2916,2191 2916,2146 2930,2076 2930,2035 2916,2007 2905,1916 2926,1854 2940,1746 2940,1655 2950,1571 2933,1404 2940,1251 2926,1185 2926,1125 2916,1077 2916,1035 2926,1003 2919,913 2933,874 2943,780 2943,725 2926,693 2905,683 2829,669 2654,679 2557,700 2487,686 2250,679 1951,690 1836,683 1519,690 1473,683 1285,676 1080,648 979,672 913,669 881,676"/>
      <TextLine id="line_758d6a3e-f38b-4538-b782-35c0dc90bcd1">
        <Coords points="742,643 779,643 793,655 808,640 920,640 988,624 1024,593 1156,592 1172,605 1860,604 1879,620 1975,620 1983,612 2551,604 2578,623 2846,627 2862,640 2967,644 2967,730 2734,731 2674,763 2586,794 2523,734 2099,739 2051,767 1919,767 1879,806 1864,809 1843,805 1819,782 1751,782 1743,774 1671,770 1607,818 1583,801 1483,801 1472,790 1375,790 1359,806 1219,805 1207,793 1032,790 1020,778 948,778 934,766 742,762"/>
        <Baseline points="784,745 834,746 884,741 934,740 984,738 1034,738 1084,737 1134,735 1184,734 1234,733 1284,733 1334,733 1384,732 1434,732 1484,731 1534,732 1584,732 1634,732 1684,730 1734,729 1784,729 1834,728 1884,727 1934,729 1984,727 2034,727 2084,728 2134,729 2184,728 2234,726 2284,726 2334,726 2384,726 2434,724 2484,723 2534,724 2584,723 2634,719 2684,716 2734,715 2784,716 2834,715 2884,711 2926,709"/>
        <Word id="word_66163dc7-0507-4cf7-9dab-28e1e80716bf">
          <Coords points="785,710 835,711 881,706 933,705 983,703 988,703 988,748 984,748 934,750 885,751 834,756 784,755"/>
          <TextEquiv>
            <Unicode>Ende</Unicode>
          </TextEquiv>
        </Word>
        <Word id="word_75a255c9-2bb6-4db4-9b07-3556dc1779dc">
          <Coords points="1038,703 1083,702 1133,700 1183,699 1233,698 1284,698 1334,698 1383,697 1434,697 1446,697 1447,742 1434,742 1384,742 1334,743 1284,743 1234,743 1184,744 1134,745 1084,747 1039,748"/>
          <TextEquiv>
            <Unicode>naerdien</Unicode>
          </TextEquiv>
        </Word>
        <Word id="word_3a34aa5c-8bb7-4d73-9fd7-e6070bfe958f">
          <Coords points="1499,696 1535,697 1584,697 1634,697 1683,695 1733,694 1784,694 1803,694 1804,739 1784,739 1734,739 1684,740 1634,742 1584,742 1534,742 1498,741"/>
          <TextEquiv>
            <Unicode>zijnen</Unicode>
          </TextEquiv>
        </Word>
        <Word id="word_b888b9c2-1cd6-4466-b989-e57e40c68c10">
          <Coords points="1854,693 1883,692 1935,694 1983,692 2034,692 2085,693 2135,694 2183,693 2233,691 2284,691 2314,691 2314,736 2284,736 2234,736 2184,738 2134,739 2084,738 2034,737 1984,737 1934,739 1884,737 1855,738"/>
          <TextEquiv>
            <Unicode>jonghsten</Unicode>
          </TextEquiv>
        </Word>
        <Word id="word_7007892f-d900-4cb1-b428-b16bcbb5cc20">
          <Coords points="2365,691 2384,691 2433,689 2483,688 2535,689 2583,688 2631,684 2682,681 2733,680 2785,681 2833,680 2881,676 2924,674 2926,719 2885,721 2834,725 2784,726 2734,725 2685,726 2635,729 2584,733 2534,734 2484,733 2434,734 2384,736 2365,736"/>
          <TextEquiv>
            <Unicode>verplichten</Unicode>
          </TextEquiv>
        </Word>
        <TextEquiv conf="0.909606268604372">
          <Unicode>Ende naerdien zijnen jonghsten verplichten</Unicode>
        </TextEquiv>
        <TextStyle xHeight="49"/>
      </TextLine>
      <TextLine id="line_9fc8ee38-2ca6-4057-940d-89c956e22231">
        <Coords points="799,763 945,767 957,779 1073,779 1081,787 1221,795 1241,804 1585,803 1605,819 1668,767 1704,767 1712,775 1744,775 1752,783 1820,783 1844,807 1869,808 1888,800 1920,768 2044,768 2076,756 2100,736 2523,736 2583,795 2715,743 2895,743 2911,756 2971,756 2980,749 2980,835 2663,836 2656,843 2635,843 2611,867 2575,883 2188,874 2157,898 2124,902 2000,898 1972,874 1904,870 1888,858 1317,854 1270,898 1245,910 1089,914 1069,906 799,906"/>
        <Baseline points="841,857 891,857 941,855 991,853 1041,849 1091,847 1141,846 1191,845 1241,841 1291,839 1341,836 1391,834 1441,833 1491,833 1541,833 1591,834 1641,834 1691,834 1741,834 1791,834 1841,835 1891,834 1941,833 1991,833 2041,831 2091,829 2141,829 2191,827 2241,826 2291,826 2341,826 2391,825 2441,827 2491,826 2541,825 2591,823 2641,823 2691,822 2741,820 2791,818 2841,816 2891,815 2939,814"/>
        <Word id="word_3521ef43-ad13-4fc2-8c5c-83df9497812e">
          <Coords points="841,822 891,822 940,820 990,818 1025,815 1028,860 991,863 941,865 891,867 841,867"/>
          <TextEquiv>
            <Unicode>tijt</Unicode>
          </TextEquiv>
        </Word>
        <Word id="word_c5682ba8-ddb5-4d60-a0cb-b15bda2b458f">
          <Coords points="1075,811 1092,812 1140,811 1190,810 1211,808 1215,853 1191,855 1141,856 1091,857 1074,856"/>
          <TextEquiv>
            <Unicode>den</Unicode>
          </TextEquiv>
        </Word>
        <Word id="word_074483ff-70d1-4a05-abdc-8bfe3be45278">
          <Coords points="1260,804 1290,804 1339,801 1352,801 1354,845 1342,846 1291,849 1260,849"/>
          <TextEquiv>
            <Unicode>30</Unicode>
          </TextEquiv>
        </Word>
        <Word id="word_3d4b72b9-6ce8-4eec-9c24-ac17e051ab58">
          <Coords points="1399,799 1440,798 1491,798 1541,798 1592,799 1633,799 1633,844 1591,844 1541,843 1491,843 1441,843 1400,844"/>
          <TextEquiv>
            <Unicode>junio</Unicode>
          </TextEquiv>
        </Word>
        <Word id="word_62c37017-0b72-48b0-9f59-7394dcd93bd0">
          <Coords points="1680,799 1691,799 1741,799 1791,799 1842,800 1890,799 1940,798 1991,798 2040,796 2090,794 2141,794 2145,794 2147,839 2141,839 2091,839 2041,841 1991,843 1941,843 1891,844 1841,845 1791,844 1741,844 1691,844 1680,844"/>
          <TextEquiv>
            <Unicode>aenstaende</Unicode>
          </TextEquiv>
        </Word>
        <Word id="word_d5457285-df74-4b99-bcf2-7d143ed54e2f">
          <Coords points="2192,792 2240,791 2291,791 2341,791 2390,790 2427,791 2426,836 2391,835 2341,836 2291,836 2241,836 2193,837"/>
          <TextEquiv>
            <Unicode>compt</Unicode>
          </TextEquiv>
        </Word>
        <Word id="word_ab3a9ee4-f449-4531-92d7-c6579444f206">
          <Coords points="2468,794 2487,791 2540,790 2590,788 2641,788 2690,787 2740,785 2790,783 2840,781 2890,780 2938,779 2939,824 2891,825 2841,826 2791,828 2741,830 2691,832 2641,833 2591,833 2541,835 2492,836 2474,838"/>
          <TextEquiv>
            <Unicode>texpireren</Unicode>
          </TextEquiv>
        </Word>
        <TextEquiv conf="0.8763289217049193">
          <Unicode>tijt den 30 junio aenstaende compt texpireren</Unicode>
        </TextEquiv>
        <TextStyle xHeight="37"/>
      </TextLine>
      <TextLine id="line_00cacf23-0430-4b08-af30-201c43e123e5">
        <Coords points="791,903 1081,902 1097,915 1220,911 1264,903 1320,848 2135,851 2191,871 2519,875 2527,883 2575,884 2610,868 2634,844 2654,844 2666,833 2943,833 2943,919 2698,919 2674,936 2663,932 2645,948 2638,941 2099,944 2091,952 2047,952 2011,976 1951,1036 1935,1040 1910,1023 1508,1019 1464,1060 1448,1060 1416,1043 1200,1048 1152,1003 791,1003"/>
        <Baseline points="833,980 883,974 933,971 983,968 1033,965 1083,962 1133,961 1183,958 1233,955 1283,954 1333,952 1383,949 1433,947 1483,945 1533,943 1583,942 1633,940 1683,938 1733,937 1783,938 1833,938 1883,935 1933,934 1983,931 2033,929 2083,931 2133,932 2183,930 2233,928 2283,926 2333,924 2383,922 2433,920 2483,918 2533,916 2583,915 2633,913 2683,910 2733,908 2783,907 2833,905 2883,900 2902,898"/>
        <Word id="word_f104a657-f47d-496a-a2aa-97c253cff6c0">
          <Coords points="829,945 879,939 931,936 981,933 1003,932 1006,977 984,978 934,981 884,984 834,990"/>
          <TextEquiv>
            <Unicode>ende</Unicode>
          </TextEquiv>
        </Word>
        <Word id="word_1e3890f3-b105-4750-b089-e0a8baadd141">
          <Coords points="1046,929 1081,927 1132,926 1181,923 1231,920 1282,919 1332,917 1348,916 1350,961 1333,962 1283,964 1234,965 1184,968 1133,971 1084,972 1049,974"/>
          <TextEquiv>
            <Unicode>genegen</Unicode>
          </TextEquiv>
        </Word>
        <Word id="word_034018a7-c316-4b51-bd2c-6acc487eec4e">
          <Coords points="1392,913 1432,912 1482,910 1532,908 1582,907 1632,905 1650,904 1652,949 1633,950 1583,952 1533,953 1483,955 1433,957 1393,958"/>
          <TextEquiv>
            <Unicode>sijnde</Unicode>
          </TextEquiv>
        </Word>
        <Word id="word_a54056e1-fb92-4e58-a7c8-5513bc80ac93">
          <Coords points="1694,903 1733,902 1782,903 1781,948 1733,947 1695,948"/>
          <TextEquiv>
            <Unicode>d'</Unicode>
          </TextEquiv>
        </Word>
        <Word id="word_2a211728-ac3e-4bdc-a0f4-378539c63cbf">
          <Coords points="1821,904 1830,903 1881,900 1910,899 1911,944 1884,945 1834,948 1825,949"/>
          <TextEquiv>
            <Unicode>E.</Unicode>
          </TextEquiv>
        </Word>
        <Word id="word_460e90e6-9120-4392-bdc4-8aeccc7a6b34">
          <Coords points="1951,899 1980,896 2032,894 2084,896 2134,897 2182,895 2211,894 2213,939 2183,940 2133,942 2083,941 2033,939 1984,941 1954,944"/>
          <TextEquiv>
            <Unicode>Comp„e</Unicode>
          </TextEquiv>
        </Word>
        <Word id="word_512e1d06-7b7e-4b9f-a70d-75378431dc3d">
          <Coords points="2254,892 2282,891 2332,889 2382,887 2432,885 2470,884 2471,928 2433,930 2383,932 2333,934 2283,936 2256,937"/>
          <TextEquiv>
            <Unicode>onder</Unicode>
          </TextEquiv>
        </Word>
        <Word id="word_304219a6-387d-4fb4-b263-10104ab678fe">
          <Coords points="2513,882 2532,881 2582,880 2632,878 2681,875 2732,873 2782,872 2832,870 2880,865 2898,863 2903,908 2884,910 2833,915 2783,917 2733,918 2684,920 2633,923 2583,925 2533,926 2515,927"/>
          <TextEquiv>
            <Unicode>eerlijcke</Unicode>
          </TextEquiv>
        </Word>
        <TextEquiv conf="0.9092832785799149">
          <Unicode>ende genegen sijnde d' E. Comp„e onder eerlijcke</Unicode>
        </TextEquiv>
        <TextStyle xHeight="41"/>
      </TextLine>
      <TextLine id="d2e779e8-6a2f-438b-9b08-29a134744330">
        <Coords points="782,1002 1151,1002 1199,1047 1387,1042 1463,1059 1507,1018 1894,1022 1942,1039 2018,971 2046,955 2086,955 2098,943 2494,939 2545,935 2553,928 2649,928 2657,935 2682,919 2697,934 2845,934 2870,945 2870,1031 2725,1026 2673,1070 1727,1074 1711,1090 1671,1094 1371,1094 1343,1110 1207,1149 1187,1161 1024,1165 832,1160 824,1152 782,1152"/>
        <Baseline points="824,1108 874,1103 924,1100 974,1096 1024,1093 1074,1090 1124,1086 1174,1084 1224,1083 1274,1080 1324,1079 1374,1077 1424,1075 1474,1073 1524,1070 1574,1069 1624,1067 1674,1065 1724,1063 1774,1060 1824,1059 1874,1056 1924,1055 1974,1053 2024,1051 2074,1049 2124,1049 2174,1045 2224,1041 2274,1040 2324,1038 2374,1035 2424,1033 2474,1030 2524,1029 2574,1025 2624,1022 2674,1018 2724,1016 2774,1012 2824,1009 2829,1010"/>
        <Word id="word_50f3b71d-aa33-498d-8e55-a0794ac4c41c">
          <Coords points="821,1073 871,1068 922,1065 971,1061 1022,1058 1072,1055 1121,1051 1173,1049 1223,1048 1272,1045 1323,1044 1373,1042 1423,1040 1473,1038 1490,1037 1493,1082 1474,1083 1424,1085 1374,1087 1324,1089 1275,1090 1224,1093 1174,1094 1125,1096 1075,1100 1025,1103 975,1106 925,1110 875,1113 825,1118"/>
          <TextEquiv>
            <Unicode>verbeteringhe</Unicode>
          </TextEquiv>
        </Word>
        <Word id="word_1b1fe859-c3c3-4395-b3c3-6ab40c81e592">
          <Coords points="1544,1034 1574,1034 1623,1032 1673,1030 1697,1029 1698,1074 1674,1075 1624,1077 1574,1079 1544,1079"/>
          <TextEquiv>
            <Unicode>van</Unicode>
          </TextEquiv>
        </Word>
        <Word id="word_25e3e908-39a3-4c88-b857-e3ad226a1261">
          <Coords points="1747,1027 1771,1025 1823,1024 1872,1021 1923,1020 1973,1018 2005,1017 2007,1062 1974,1063 1924,1065 1875,1066 1824,1069 1775,1070 1750,1072"/>
          <TextEquiv>
            <Unicode>gagie</Unicode>
          </TextEquiv>
        </Word>
        <Word id="word_873dca22-896c-4d44-bf97-82d6f820d23d">
          <Coords points="2057,1015 2073,1014 2124,1014 2171,1010 2221,1006 2263,1005 2264,1050 2225,1051 2175,1055 2124,1059 2074,1059 2058,1060"/>
          <TextEquiv>
            <Unicode>ende</Unicode>
          </TextEquiv>
        </Word>
        <Word id="word_21be7b48-2a3e-43e1-813c-35f6e405c063">
          <Coords points="2311,1004 2319,1003 2372,1000 2423,998 2472,995 2523,994 2571,990 2622,987 2671,983 2723,981 2771,977 2822,974 2836,976 2827,1020 2825,1019 2775,1022 2724,1026 2675,1028 2625,1032 2575,1035 2524,1039 2475,1040 2424,1043 2375,1045 2325,1048 2316,1049"/>
          <TextEquiv>
            <Unicode>qualiteijt</Unicode>
          </TextEquiv>
        </Word>
        <TextEquiv conf="0.9657560648291641">
          <Unicode>verbeteringhe van gagie ende qualiteijt</Unicode>
        </TextEquiv>
        <TextStyle xHeight="38"/>
      </TextLine>
      <TextLine id="line_5288d340-5883-441e-b6f1-85807c015b61">
        <Coords points="793,1166 1190,1162 1206,1150 1330,1115 1370,1095 1674,1095 1706,1091 1722,1079 1782,1075 2672,1071 2704,1047 2836,1047 2852,1062 2876,1066 2997,1072 2997,1160 2984,1172 2501,1176 2373,1211 1977,1215 1957,1231 1794,1231 1758,1210 1694,1210 1486,1215 1478,1223 1342,1223 1294,1227 1282,1239 999,1238 983,1243 963,1263 927,1267 871,1291 793,1295"/>
        <Baseline points="835,1226 885,1222 935,1218 985,1215 1035,1214 1085,1211 1135,1209 1185,1207 1235,1205 1285,1203 1335,1200 1385,1198 1435,1196 1485,1194 1535,1191 1585,1190 1635,1187 1685,1186 1735,1184 1785,1181 1835,1178 1885,1177 1935,1174 1985,1173 2035,1171 2085,1169 2135,1168 2185,1166 2235,1164 2285,1162 2335,1160 2385,1158 2435,1157 2485,1157 2535,1157 2585,1154 2635,1150 2685,1147 2735,1145 2785,1143 2835,1141 2885,1143 2935,1142 2956,1138"/>
        <Word id="word_bb55de9c-c80d-49de-b29c-98e57799e22a">
          <Coords points="832,1191 882,1187 932,1183 983,1180 1034,1179 1056,1178 1059,1223 1035,1224 986,1225 936,1228 886,1232 836,1236"/>
          <TextEquiv>
            <Unicode>noch</Unicode>
          </TextEquiv>
        </Word>
        <Word id="word_9de8006e-b21b-4699-ba95-87e90332a4d2">
          <Coords points="1113,1174 1135,1174 1184,1172 1234,1170 1284,1168 1333,1165 1384,1163 1434,1161 1447,1160 1449,1205 1435,1206 1385,1208 1336,1210 1285,1213 1235,1215 1185,1217 1135,1219 1114,1219"/>
          <TextEquiv>
            <Unicode>langer</Unicode>
          </TextEquiv>
        </Word>
        <Word id="word_801461e6-cc70-4770-9263-f680151e5500">
          <Coords points="1502,1158 1532,1156 1584,1155 1614,1153 1617,1198 1585,1200 1536,1201 1505,1203"/>
          <TextEquiv>
            <Unicode>te</Unicode>
          </TextEquiv>
        </Word>
        <Word id="word_3e2199de-f5d7-4984-8a7b-ccf1bdd42ac2">
          <Coords points="1675,1150 1688,1151 1734,1149 1783,1146 1833,1143 1884,1142 1933,1139 1984,1138 2006,1137 2007,1182 1985,1183 1936,1184 1885,1187 1836,1188 1786,1191 1735,1194 1684,1196 1671,1195"/>
          <TextEquiv>
            <Unicode>dienen</Unicode>
          </TextEquiv>
        </Word>
        <Word id="word_ff246852-413c-46a4-8cd4-ce229a1bc91b">
          <Coords points="2061,1135 2084,1134 2134,1133 2184,1131 2234,1129 2284,1127 2334,1125 2341,1125 2342,1170 2335,1170 2285,1172 2235,1174 2185,1176 2135,1178 2085,1179 2063,1180"/>
          <TextEquiv>
            <Unicode>werdt</Unicode>
          </TextEquiv>
        </Word>
        <Word id="word_c130a8c0-3757-4896-8cc3-6d1da81fffa4">
          <Coords points="2397,1122 2435,1122 2485,1122 2535,1122 2563,1120 2566,1165 2535,1167 2485,1167 2435,1167 2398,1167"/>
          <TextEquiv>
            <Unicode>der</Unicode>
          </TextEquiv>
        </Word>
        <Word id="word_59d998d1-b900-416c-bc70-748b77b2d18f">
          <Coords points="2617,1117 2630,1115 2683,1112 2734,1110 2784,1108 2834,1106 2886,1108 2934,1107 2949,1104 2958,1148 2935,1152 2885,1153 2835,1151 2785,1153 2735,1155 2686,1157 2636,1160 2623,1162"/>
          <TextEquiv>
            <Unicode>halven</Unicode>
          </TextEquiv>
        </Word>
        <TextEquiv conf="0.9474582606500581">
          <Unicode>noch langer te dienen werdt der halven</Unicode>
        </TextEquiv>
        <TextStyle xHeight="40"/>
      </TextLine>
      <TextLine id="a62e150e-4c5e-47ad-a8cd-33becb75efd8">
        <Coords points="795,1293 877,1289 933,1265 965,1261 989,1241 1277,1241 1297,1225 1344,1221 1640,1217 1756,1208 1796,1233 1956,1233 1980,1217 2092,1217 2132,1209 2383,1209 2427,1200 2891,1204 2896,1198 2896,1284 2820,1277 2731,1281 2659,1348 2603,1347 2579,1323 2563,1319 1884,1324 1840,1332 1580,1328 1544,1364 1073,1363 1037,1395 853,1399 795,1435"/>
        <Baseline points="837,1362 887,1362 937,1360 987,1353 1037,1347 1087,1342 1137,1339 1187,1337 1237,1333 1287,1331 1337,1327 1387,1325 1437,1322 1487,1320 1537,1319 1587,1318 1637,1315 1687,1312 1737,1309 1787,1307 1837,1304 1887,1301 1937,1298 1987,1297 2037,1295 2087,1292 2137,1290 2187,1288 2237,1288 2287,1288 2337,1287 2387,1286 2437,1285 2487,1284 2537,1282 2587,1280 2637,1278 2687,1274 2737,1272 2787,1269 2837,1266 2855,1263"/>
        <Word id="word_f8dd7800-e4e9-4500-90e5-79d3e5b5c0bc">
          <Coords points="837,1327 887,1327 936,1325 936,1325 942,1369 937,1370 887,1372 837,1372"/>
          <TextEquiv>
            <Unicode>op</Unicode>
          </TextEquiv>
        </Word>
        <Word id="word_5efb5704-bb36-4a9d-bdfe-ee2c02704ce9">
          <Coords points="988,1318 1033,1312 1084,1307 1135,1304 1186,1302 1196,1301 1199,1346 1187,1347 1138,1349 1088,1352 1038,1357 993,1362"/>
          <TextEquiv>
            <Unicode>sijn</Unicode>
          </TextEquiv>
        </Word>
        <Word id="word_1e659777-5449-4dd2-821c-3a2cbe386e48">
          <Coords points="1249,1297 1286,1296 1334,1292 1386,1290 1435,1287 1486,1285 1536,1284 1586,1283 1610,1282 1613,1326 1587,1328 1537,1329 1487,1330 1438,1332 1387,1335 1338,1337 1287,1341 1250,1342"/>
          <TextEquiv>
            <Unicode>Billick</Unicode>
          </TextEquiv>
        </Word>
        <Word id="word_ba28a218-6f47-41e4-8aae-d3e333f0f953">
          <Coords points="1662,1278 1685,1277 1735,1274 1786,1272 1835,1269 1885,1266 1935,1263 1986,1262 2036,1260 2076,1258 2079,1302 2037,1305 1987,1307 1938,1308 1888,1311 1838,1314 1787,1317 1738,1319 1688,1322 1665,1323"/>
          <TextEquiv>
            <Unicode>versoeck</Unicode>
          </TextEquiv>
        </Word>
        <Word id="word_815f24bf-7f1e-44c8-95ac-dcb4ff9f11e9">
          <Coords points="2133,1255 2140,1255 2186,1253 2237,1253 2287,1253 2336,1252 2337,1252 2338,1297 2337,1297 2287,1298 2237,1298 2187,1298 2136,1300 2129,1299"/>
          <TextEquiv>
            <Unicode>ende</Unicode>
          </TextEquiv>
        </Word>
        <Word id="word_576a8a69-b627-4a1a-b767-559e4cc463a7">
          <Coords points="2389,1251 2436,1250 2486,1249 2536,1247 2586,1245 2595,1245 2597,1290 2587,1290 2537,1292 2487,1294 2437,1295 2389,1296"/>
          <TextEquiv>
            <Unicode>omme</Unicode>
          </TextEquiv>
        </Word>
        <Word id="word_f2bb76f4-b611-47d0-8eb6-9278e5580917">
          <Coords points="2645,1243 2684,1239 2736,1237 2785,1234 2835,1231 2849,1228 2857,1273 2838,1276 2788,1279 2737,1282 2688,1284 2649,1288"/>
          <TextEquiv>
            <Unicode>sijn</Unicode>
          </TextEquiv>
        </Word>
        <TextEquiv conf="0.9808394749405902">
          <Unicode>op sijn Billick versoeck ende omme sijn</Unicode>
        </TextEquiv>
        <TextStyle xHeight="42"/>
      </TextLine>
      <TextLine id="ba20e2fc-29a8-485a-b2c2-000d8984d172">
        <Coords points="772,1447 790,1443 850,1399 1034,1395 1074,1362 1546,1363 1582,1330 2578,1322 2614,1358 2790,1367 2830,1328 2879,1328 2879,1414 2694,1414 2630,1446 2602,1450 2550,1490 2518,1502 2394,1501 2370,1477 1906,1478 1890,1494 1390,1494 1366,1506 1246,1505 1222,1489 1054,1489 1034,1502 830,1502 772,1549"/>
        <Baseline points="814,1496 864,1490 914,1485 964,1480 1014,1476 1064,1474 1114,1472 1164,1469 1214,1466 1264,1463 1314,1461 1364,1458 1414,1457 1464,1456 1514,1452 1564,1448 1614,1445 1664,1442 1714,1440 1764,1437 1814,1435 1864,1432 1914,1430 1964,1428 2014,1426 2064,1423 2114,1420 2164,1418 2214,1418 2264,1416 2314,1413 2364,1410 2414,1409 2464,1404 2514,1401 2564,1398 2614,1397 2664,1396 2714,1396 2764,1396 2814,1393 2838,1393"/>
        <Word id="word_d380b86c-332e-4572-95b8-52490fd19204">
          <Coords points="810,1461 860,1455 911,1450 961,1445 1011,1441 1063,1439 1113,1437 1162,1434 1212,1431 1226,1430 1229,1475 1215,1476 1165,1479 1114,1482 1064,1484 1015,1486 965,1490 915,1495 865,1500 815,1506"/>
          <TextEquiv>
            <Unicode>persoon,</Unicode>
          </TextEquiv>
        </Word>
        <Word id="word_2e40c862-7b38-4fd5-84b3-10bf5d8e7687">
          <Coords points="1279,1427 1313,1426 1362,1423 1413,1422 1463,1421 1485,1419 1489,1464 1464,1466 1414,1467 1365,1468 1314,1471 1281,1472"/>
          <TextEquiv>
            <Unicode>noch</Unicode>
          </TextEquiv>
        </Word>
        <Word id="word_7b24bcbc-5860-4d6e-809e-aedaf0c27aa8">
          <Coords points="1537,1415 1561,1413 1612,1410 1662,1407 1713,1405 1745,1403 1748,1448 1714,1450 1665,1452 1615,1455 1565,1458 1541,1460"/>
          <TextEquiv>
            <Unicode>meer</Unicode>
          </TextEquiv>
        </Word>
        <Word id="word_86e27e9a-1d4d-4832-b28e-4db17454518a">
          <Coords points="1800,1400 1814,1400 1862,1397 1913,1395 1963,1393 2006,1391 2008,1436 1964,1438 1914,1440 1865,1442 1814,1445 1799,1445"/>
          <TextEquiv>
            <Unicode>ende</Unicode>
          </TextEquiv>
        </Word>
        <Word id="word_e3d99853-5c34-4b25-8ab5-0a4331665332">
          <Coords points="2051,1390 2056,1389 2112,1385 2163,1383 2214,1383 2263,1381 2265,1381 2267,1426 2264,1426 2214,1428 2164,1428 2115,1430 2066,1433 2062,1434"/>
          <TextEquiv>
            <Unicode>meer</Unicode>
          </TextEquiv>
        </Word>
        <Word id="word_54ac8445-e999-4f64-b654-f1079d092b84">
          <Coords points="2317,1378 2362,1375 2413,1374 2461,1369 2472,1368 2475,1413 2465,1414 2414,1419 2365,1420 2319,1423"/>
          <TextEquiv>
            <Unicode>jns</Unicode>
          </TextEquiv>
        </Word>
        <Word id="word_7ec8d181-5423-48c4-8d83-984d3e6da460">
          <Coords points="2524,1365 2562,1363 2613,1362 2663,1361 2714,1361 2764,1361 2812,1358 2838,1358 2838,1403 2815,1403 2764,1406 2714,1406 2664,1406 2614,1407 2565,1408 2527,1410"/>
          <TextEquiv>
            <Unicode>Comp=s</Unicode>
          </TextEquiv>
        </Word>
        <TextEquiv conf="0.9534042653727579">
          <Unicode>persoon, noch meer ende meer jns Comp=s</Unicode>
        </TextEquiv>
        <TextStyle xHeight="46"/>
      </TextLine>
      <TextLine id="f4ef6d96-c732-41d4-8e17-566c81e34419">
        <Coords points="783,1537 833,1501 1369,1505 1393,1493 1886,1489 1908,1477 1940,1476 2368,1476 2392,1500 2524,1501 2581,1469 2600,1450 2632,1446 2688,1417 2828,1417 2888,1476 2957,1475 2957,1561 2264,1574 2256,1582 2112,1582 2084,1606 1705,1601 1645,1630 1281,1638 783,1633"/>
        <Baseline points="825,1621 875,1615 925,1611 975,1607 1025,1605 1075,1602 1125,1600 1175,1599 1225,1598 1275,1596 1325,1595 1375,1592 1425,1592 1475,1590 1525,1587 1575,1588 1625,1587 1675,1585 1725,1582 1775,1580 1825,1578 1875,1576 1925,1574 1975,1570 2025,1570 2075,1566 2125,1566 2175,1566 2225,1565 2275,1564 2325,1562 2375,1560 2425,1557 2475,1555 2525,1551 2575,1549 2625,1546 2675,1544 2725,1544 2775,1544 2825,1541 2875,1541 2916,1540"/>
        <Word id="word_861a1661-2fe9-46c5-b6c6-a7af4506ffbe">
          <Coords points="821,1586 871,1580 922,1576 972,1572 1024,1570 1073,1567 1108,1566 1110,1611 1076,1612 1025,1615 976,1617 926,1621 876,1625 826,1631"/>
          <TextEquiv>
            <Unicode>dienst</Unicode>
          </TextEquiv>
        </Word>
        <Word id="word_c1168a2b-3750-4455-b563-7da11c97e806">
          <Coords points="1158,1564 1176,1564 1224,1563 1251,1562 1253,1607 1225,1608 1175,1609 1157,1609"/>
          <TextEquiv>
            <Unicode>te</Unicode>
          </TextEquiv>
        </Word>
        <Word id="word_bce89524-25b1-44c4-b4e9-bfe421473534">
          <Coords points="1300,1560 1325,1560 1373,1557 1425,1557 1474,1555 1523,1552 1576,1553 1624,1552 1674,1550 1723,1547 1774,1545 1821,1543 1823,1588 1775,1590 1726,1592 1675,1595 1625,1597 1575,1598 1526,1597 1475,1600 1425,1602 1376,1602 1325,1605 1300,1605"/>
          <TextEquiv>
            <Unicode>courageren,</Unicode>
          </TextEquiv>
        </Word>
        <Word id="word_a751cc40-6112-4d0f-abb8-8acb58ddb72f">
          <Coords points="1869,1541 1874,1541 1924,1539 1972,1535 2013,1535 2013,1580 1976,1580 1925,1584 1875,1586 1871,1586"/>
          <TextEquiv>
            <Unicode>Bij</Unicode>
          </TextEquiv>
        </Word>
        <Word id="word_0c851c48-f684-42e8-944a-8970b237fdeb">
          <Coords points="2051,1536 2066,1532 2125,1531 2175,1531 2224,1530 2274,1529 2296,1528 2298,1573 2275,1574 2225,1575 2175,1576 2125,1576 2078,1576 2063,1580"/>
          <TextEquiv>
            <Unicode>desen</Unicode>
          </TextEquiv>
        </Word>
        <Word id="word_537557c3-297e-4e09-a4bb-2685aa9def0b">
          <Coords points="2344,1526 2374,1525 2423,1522 2439,1521 2441,1566 2426,1567 2375,1570 2346,1571"/>
          <TextEquiv>
            <Unicode>d'</Unicode>
          </TextEquiv>
        </Word>
        <Word id="word_a7effc90-367f-4665-b8cb-7681f171721b">
          <Coords points="2485,1520 2522,1516 2574,1514 2623,1511 2674,1509 2678,1509 2678,1554 2675,1554 2626,1556 2575,1559 2526,1561 2489,1564"/>
          <TextEquiv>
            <Unicode>novo</Unicode>
          </TextEquiv>
        </Word>
        <Word id="word_f5457583-da76-49e3-bb42-b4a1ddc2ea6c">
          <Coords points="2725,1509 2775,1509 2823,1506 2875,1506 2915,1505 2916,1550 2875,1551 2826,1551 2775,1554 2725,1554"/>
          <TextEquiv>
            <Unicode>voor</Unicode>
          </TextEquiv>
        </Word>
        <TextEquiv conf="0.9361752044963094">
          <Unicode>dienst te courageren, Bij desen d' novo voor</Unicode>
        </TextEquiv>
        <TextStyle xHeight="43"/>
      </TextLine>
      <TextLine id="line_91153247-a8c6-41dc-bd1c-880f7682fd6d">
        <Coords points="788,1635 1637,1632 1681,1620 1709,1599 2088,1604 2868,1597 2868,1683 2392,1684 2376,1700 1964,1700 1932,1704 1884,1748 1609,1743 1593,1752 1393,1751 1373,1768 986,1763 930,1812 788,1811"/>
        <Baseline points="830,1748 880,1745 930,1742 980,1739 1030,1736 1080,1733 1130,1731 1180,1729 1230,1727 1280,1726 1330,1724 1380,1723 1430,1720 1480,1718 1530,1715 1580,1713 1630,1710 1680,1706 1730,1702 1780,1701 1830,1698 1880,1696 1930,1694 1980,1692 2030,1690 2080,1688 2130,1686 2180,1683 2230,1680 2280,1678 2330,1677 2380,1676 2430,1675 2480,1673 2530,1673 2580,1671 2630,1669 2680,1667 2730,1665 2780,1662 2827,1662"/>
        <Word id="word_0c0f093b-0f0d-48dc-ac96-af786798c0c6">
          <Coords points="828,1713 878,1710 928,1707 978,1704 1028,1701 1078,1698 1106,1697 1108,1742 1081,1743 1031,1746 981,1749 931,1752 881,1755 831,1758"/>
          <TextEquiv>
            <Unicode>drije</Unicode>
          </TextEquiv>
        </Word>
        <Word id="word_33c0d849-25f3-47f8-a9ea-2a6cdcca6e29">
          <Coords points="1161,1695 1179,1694 1229,1692 1279,1691 1329,1689 1379,1688 1428,1685 1479,1683 1528,1680 1579,1678 1628,1675 1677,1671 1727,1667 1779,1666 1828,1663 1879,1661 1882,1661 1884,1706 1880,1706 1831,1708 1780,1711 1731,1712 1681,1716 1631,1720 1580,1723 1531,1725 1480,1728 1431,1730 1380,1733 1330,1734 1280,1736 1230,1737 1180,1739 1163,1740"/>
          <TextEquiv>
            <Unicode>naestvolgende</Unicode>
          </TextEquiv>
        </Word>
        <Word id="word_754cacb3-1bf7-47cd-8331-f579729e6782">
          <Coords points="1938,1659 1979,1657 2029,1655 2079,1653 2129,1651 2178,1648 2214,1646 2217,1691 2181,1693 2130,1696 2080,1698 2030,1700 1980,1702 1940,1704"/>
          <TextEquiv>
            <Unicode>jaren</Unicode>
          </TextEquiv>
        </Word>
        <Word id="word_248b6711-017d-4c8f-962a-24b0b772ad7f">
          <Coords points="2274,1643 2282,1643 2329,1642 2379,1641 2429,1640 2479,1638 2530,1638 2579,1636 2629,1634 2679,1632 2729,1630 2778,1627 2827,1627 2827,1672 2781,1672 2730,1675 2680,1677 2630,1679 2580,1681 2530,1683 2480,1683 2430,1685 2380,1686 2330,1687 2279,1688 2271,1687"/>
          <TextEquiv>
            <Unicode>aengenomen</Unicode>
          </TextEquiv>
        </Word>
        <TextEquiv conf="0.9277385140234761">
          <Unicode>drije naestvolgende jaren aengenomen</Unicode>
        </TextEquiv>
        <TextStyle xHeight="40"/>
      </TextLine>
      <TextLine id="db4fed45-d0d3-41de-ab65-ce208599918b">
        <Coords points="800,1812 934,1809 986,1764 1374,1769 1398,1748 1882,1749 1937,1701 2377,1701 2393,1685 2873,1680 2897,1704 2982,1709 2982,1797 2974,1805 2681,1800 2645,1832 2601,1848 1993,1848 1965,1860 1881,1941 1858,1934 1774,1934 1762,1922 1474,1922 1414,1863 1408,1867 1396,1855 1218,1860 1190,1864 1182,1872 1038,1871 1022,1884 950,1891 800,1891"/>
        <Baseline points="842,1874 892,1870 942,1865 992,1863 1042,1859 1092,1854 1142,1852 1192,1850 1242,1845 1292,1842 1342,1840 1392,1838 1442,1836 1492,1833 1542,1831 1592,1829 1642,1828 1692,1825 1742,1823 1792,1820 1842,1817 1892,1815 1942,1812 1992,1810 2042,1807 2092,1806 2142,1803 2192,1800 2242,1798 2292,1794 2342,1792 2392,1789 2442,1787 2492,1784 2542,1782 2592,1782 2642,1782 2692,1782 2742,1780 2792,1779 2842,1777 2892,1775 2941,1775"/>
        <Word id="word_6086e2f2-92b6-4f8d-80b2-3c475f2bd8fa">
          <Coords points="839,1839 889,1835 939,1830 991,1828 1039,1824 1042,1869 992,1873 943,1875 893,1880 843,1884"/>
          <TextEquiv>
            <Unicode>ende</Unicode>
          </TextEquiv>
        </Word>
        <Word id="word_53a025cb-fe8b-41bd-866d-8e076d4c6021">
          <Coords points="1060,1839 1061,1838 1141,1817 1189,1815 1191,1860 1142,1862 1101,1859 1100,1860"/>
          <TextEquiv>
            <Unicode>d'</Unicode>
          </TextEquiv>
        </Word>
        <Word id="word_3286fae6-54e6-4e19-bed6-03be10b3ae18">
          <Coords points="1208,1836 1209,1833 1290,1807 1341,1805 1391,1803 1441,1801 1490,1798 1541,1796 1591,1794 1641,1793 1690,1790 1737,1788 1739,1833 1693,1835 1642,1838 1592,1839 1542,1841 1493,1843 1442,1846 1392,1848 1342,1850 1293,1852 1251,1849 1250,1852"/>
          <TextEquiv>
            <Unicode>qualiteijt</Unicode>
          </TextEquiv>
        </Word>
        <Word id="word_b65756d5-f153-4445-89cb-b85c9fc1705b">
          <Coords points="1777,1788 1781,1787 1840,1782 1891,1780 1936,1777 1939,1822 1892,1825 1843,1827 1795,1829 1792,1831"/>
          <TextEquiv>
            <Unicode>van</Unicode>
          </TextEquiv>
        </Word>
        <Word id="word_0bebe87f-ce68-4c65-a8dd-513bc417d2bc">
          <Coords points="1996,1775 1999,1776 2040,1772 2091,1771 2140,1768 2190,1765 2241,1763 2289,1759 2337,1757 2339,1802 2293,1804 2242,1808 2193,1810 2143,1813 2092,1816 2043,1817 1990,1820 1986,1819"/>
          <TextEquiv>
            <Unicode>coopman</Unicode>
          </TextEquiv>
        </Word>
        <Word id="word_f5fee536-3bbc-4863-aef0-556931f23dbb">
          <Coords points="2378,1757 2382,1755 2441,1752 2490,1749 2541,1747 2592,1747 2642,1747 2692,1747 2741,1745 2791,1744 2841,1742 2891,1740 2938,1740 2938,1785 2892,1785 2842,1787 2792,1789 2742,1790 2692,1792 2642,1792 2592,1792 2542,1792 2493,1794 2442,1797 2395,1799 2391,1800"/>
          <TextEquiv>
            <Unicode>midtsgaders</Unicode>
          </TextEquiv>
        </Word>
        <TextEquiv conf="0.9493319928546547">
          <Unicode>ende d' qualiteijt van coopman midtsgaders</Unicode>
        </TextEquiv>
        <TextStyle xHeight="46"/>
      </TextLine>
      <TextLine id="line_5392f69a-0acf-4a1a-b149-121e0217af19">
        <Coords points="798,1891 996,1887 1024,1883 1040,1870 1183,1875 1195,1864 1215,1864 1239,1852 1404,1848 1483,1922 1763,1922 1775,1934 1858,1934 1880,1942 1966,1860 2006,1847 2402,1847 2454,1851 2470,1866 2561,1871 2902,1865 2902,1951 2669,1947 2645,1956 2374,1956 2354,1964 2106,1968 2094,1980 2054,1984 1735,1980 1690,2019 1651,2020 1611,2035 1575,2063 1527,2062 1471,2015 1187,2015 1163,2024 1059,2023 1016,2051 836,2051 798,2067"/>
        <Baseline points="840,2015 890,2010 940,2006 990,1999 1040,1994 1090,1991 1140,1988 1190,1985 1240,1982 1290,1978 1340,1977 1390,1977 1440,1973 1490,1972 1540,1971 1590,1969 1640,1967 1690,1966 1740,1966 1790,1965 1840,1961 1890,1959 1940,1958 1990,1955 2040,1953 2090,1951 2140,1949 2190,1947 2240,1945 2290,1943 2340,1943 2390,1946 2440,1943 2490,1940 2540,1940 2590,1939 2640,1938 2690,1937 2740,1936 2790,1933 2840,1932 2861,1930"/>
        <Word id="word_c0105d1a-0d92-4d38-a328-3ab9e095280c">
          <Coords points="837,1980 887,1975 937,1971 944,1970 950,2015 941,2016 891,2020 841,2025"/>
          <TextEquiv>
            <Unicode>op</Unicode>
          </TextEquiv>
        </Word>
        <Word id="word_50fa0420-1473-4445-b8f7-8fa37e718ca3">
          <Coords points="1000,1962 1037,1959 1088,1956 1138,1953 1188,1950 1238,1947 1287,1943 1339,1942 1390,1942 1437,1938 1489,1937 1494,1937 1495,1982 1490,1982 1441,1983 1390,1987 1340,1987 1291,1988 1241,1992 1191,1995 1141,1998 1091,2001 1041,2004 1004,2007"/>
          <TextEquiv>
            <Unicode>aprobatie</Unicode>
          </TextEquiv>
        </Word>
        <Word id="word_53d240d9-c177-46d8-9b35-a00d8f6d01a7">
          <Coords points="1548,1936 1588,1934 1639,1932 1689,1931 1713,1931 1713,1976 1690,1976 1640,1977 1590,1979 1550,1981"/>
          <TextEquiv>
            <Unicode>van</Unicode>
          </TextEquiv>
        </Word>
        <Word id="word_7cfa1ed6-d339-44f5-abd0-cbcb17a4fa77">
          <Coords points="1766,1931 1788,1930 1837,1926 1889,1924 1939,1923 1984,1920 1987,1965 1940,1968 1890,1969 1841,1971 1790,1975 1768,1976"/>
          <TextEquiv>
            <Unicode>haer</Unicode>
          </TextEquiv>
        </Word>
        <Word id="word_e7d193a9-a2e5-4952-98c8-3bc0224eba66">
          <Coords points="2040,1917 2089,1916 2139,1914 2189,1912 2204,1911 2205,1956 2190,1957 2140,1959 2090,1961 2041,1962"/>
          <TextEquiv>
            <Unicode>ed:</Unicode>
          </TextEquiv>
        </Word>
        <Word id="word_3e4812ce-8b1b-4842-93d9-6a4059014dd1">
          <Coords points="2258,1909 2289,1908 2340,1908 2392,1911 2422,1909 2424,1954 2389,1956 2340,1953 2290,1953 2260,1954"/>
          <TextEquiv>
            <Unicode>tot</Unicode>
          </TextEquiv>
        </Word>
        <Word id="word_6f97099f-1358-406c-8142-f3fd1bc47d5d">
          <Coords points="2476,1906 2488,1905 2540,1905 2589,1904 2639,1903 2689,1902 2739,1901 2788,1898 2839,1897 2858,1895 2862,1940 2840,1942 2791,1943 2740,1946 2690,1947 2640,1948 2590,1949 2540,1950 2491,1950 2479,1951"/>
          <TextEquiv>
            <Unicode>Batavia</Unicode>
          </TextEquiv>
        </Word>
        <TextEquiv conf="0.9533016469303797">
          <Unicode>op aprobatie van haer ed: tot Batavia</Unicode>
        </TextEquiv>
        <TextStyle xHeight="47"/>
      </TextLine>
      <TextLine id="c914bd30-5490-40c8-be81-54788c371bfa">
        <Coords points="795,2072 837,2052 1017,2052 1060,2023 1161,2024 1185,2015 1469,2015 1517,2055 1568,2056 1661,2020 1733,1980 2056,1984 2100,1975 2360,1975 2620,1983 2648,2003 2720,2003 2740,2020 2912,2015 2948,2040 2971,2040 3005,2005 3005,2091 2996,2081 2984,2089 2424,2092 1725,2127 1393,2135 1381,2143 1213,2143 1182,2174 795,2174"/>
        <Baseline points="837,2153 887,2148 937,2147 987,2142 1037,2140 1087,2137 1137,2133 1187,2131 1237,2129 1287,2127 1337,2126 1387,2127 1437,2126 1487,2125 1537,2123 1587,2121 1637,2120 1687,2118 1737,2116 1787,2113 1837,2110 1887,2109 1937,2106 1987,2103 2037,2101 2087,2100 2137,2096 2187,2093 2237,2091 2287,2089 2337,2087 2387,2084 2437,2081 2487,2080 2537,2079 2587,2079 2637,2080 2687,2080 2737,2077 2787,2077 2837,2075 2887,2075 2937,2073 2964,2070"/>
        <Word id="word_7be75771-5c6b-41e2-b1eb-9cce9162625f">
          <Coords points="834,2118 884,2113 936,2112 984,2107 1036,2105 1085,2102 1134,2098 1186,2096 1236,2094 1286,2092 1336,2091 1356,2091 1355,2136 1337,2136 1287,2137 1237,2139 1187,2141 1138,2143 1088,2147 1037,2150 988,2152 937,2157 888,2158 838,2163"/>
          <TextEquiv>
            <Unicode>absoluijdt</Unicode>
          </TextEquiv>
        </Word>
        <Word id="word_0ddf4bab-d884-4451-baae-be2ae4f6cbbf">
          <Coords points="1406,2092 1435,2091 1486,2090 1536,2088 1586,2086 1636,2085 1686,2083 1736,2081 1769,2079 1771,2124 1737,2126 1687,2128 1637,2130 1587,2131 1537,2133 1487,2135 1437,2136 1408,2137"/>
          <TextEquiv>
            <Unicode>fiscael</Unicode>
          </TextEquiv>
        </Word>
        <Word id="word_513ab1f5-4f86-4d02-98db-740fc230df4a">
          <Coords points="1820,2076 1835,2075 1886,2074 1935,2071 1985,2068 2036,2066 2086,2065 2131,2061 2135,2106 2087,2110 2037,2111 1988,2113 1938,2116 1887,2119 1838,2120 1823,2121"/>
          <TextEquiv>
            <Unicode>nevens</Unicode>
          </TextEquiv>
        </Word>
        <Word id="word_9b62db99-b9a0-43b4-8f1e-7a579b30004c">
          <Coords points="2203,2062 2205,2063 2236,2056 2286,2054 2336,2052 2339,2052 2342,2097 2337,2097 2287,2099 2237,2101 2182,2102 2180,2101"/>
          <TextEquiv>
            <Unicode>een</Unicode>
          </TextEquiv>
        </Word>
        <Word id="word_f0e58cef-4100-4a7a-87aa-e4998c9a087f">
          <Coords points="2391,2049 2435,2046 2486,2045 2536,2044 2587,2044 2638,2045 2687,2045 2735,2042 2787,2042 2836,2040 2887,2040 2936,2038 2960,2035 2965,2080 2937,2083 2887,2085 2837,2085 2787,2087 2738,2087 2687,2090 2637,2090 2587,2089 2537,2089 2487,2090 2438,2091 2393,2094"/>
          <TextEquiv>
            <Unicode>tracktement</Unicode>
          </TextEquiv>
        </Word>
        <TextEquiv conf="0.954814150639779">
          <Unicode>absoluijdt fiscael nevens een tracktement</Unicode>
        </TextEquiv>
        <TextStyle xHeight="40"/>
      </TextLine>
      <TextLine id="line_5dbd9606-fb88-4d0a-b553-8052895cb13b">
        <Coords points="790,2175 1180,2175 1212,2143 1381,2143 1392,2136 1780,2120 2892,2119 2913,2140 2913,2227 2628,2228 2616,2240 2416,2240 2408,2248 2364,2248 2348,2238 2196,2236 2144,2244 1860,2252 1840,2256 1808,2284 1676,2284 1644,2300 1152,2300 1124,2323 790,2323"/>
        <Baseline points="832,2291 882,2286 932,2283 982,2280 1032,2277 1082,2274 1132,2271 1182,2270 1232,2269 1282,2269 1332,2265 1382,2261 1432,2260 1482,2259 1532,2257 1582,2254 1632,2253 1682,2249 1732,2248 1782,2247 1832,2247 1882,2244 1932,2242 1982,2240 2032,2237 2082,2236 2132,2235 2182,2230 2232,2228 2282,2227 2332,2226 2382,2224 2432,2222 2482,2220 2532,2218 2582,2217 2632,2215 2682,2214 2732,2213 2782,2211 2832,2207 2872,2206"/>
        <Word id="word_c0f889c1-1f2f-42a6-b384-aa289e05dfcf">
          <Coords points="829,2256 879,2251 930,2248 980,2245 983,2245 985,2290 983,2290 933,2293 883,2296 833,2301"/>
          <TextEquiv>
            <Unicode>van</Unicode>
          </TextEquiv>
        </Word>
        <Word id="word_cc253587-9272-41e7-8661-676ec7d2f3e3">
          <Coords points="1034,2242 1080,2239 1130,2236 1181,2235 1231,2234 1282,2234 1288,2233 1292,2278 1282,2279 1232,2279 1182,2280 1133,2281 1083,2284 1036,2287"/>
          <TextEquiv>
            <Unicode>vijff</Unicode>
          </TextEquiv>
        </Word>
        <Word id="word_3e3e4910-c9d0-47ec-9b0c-5c2e26e0c263">
          <Coords points="1339,2229 1379,2226 1431,2225 1443,2225 1444,2270 1432,2270 1383,2271 1342,2274"/>
          <TextEquiv>
            <Unicode>en</Unicode>
          </TextEquiv>
        </Word>
        <Word id="word_051f4a6a-d80b-4544-a360-b26e5b6abab9">
          <Coords points="1493,2224 1530,2222 1580,2219 1631,2218 1679,2214 1731,2213 1781,2212 1832,2212 1880,2209 1901,2208 1903,2253 1883,2254 1832,2257 1782,2257 1732,2258 1683,2259 1632,2263 1583,2264 1532,2267 1495,2269"/>
          <TextEquiv>
            <Unicode>tsestich</Unicode>
          </TextEquiv>
        </Word>
        <Word id="word_851b4134-cf71-4e17-8d1a-9788c5de6d2e">
          <Coords points="1952,2206 1981,2205 2030,2202 2081,2201 2131,2200 2179,2195 2231,2193 2281,2192 2310,2191 2311,2236 2282,2237 2232,2238 2183,2240 2132,2245 2082,2246 2033,2247 1982,2250 1954,2251"/>
          <TextEquiv>
            <Unicode>guldens</Unicode>
          </TextEquiv>
        </Word>
        <Word id="word_41f441e0-6652-4a77-bb55-ce242bbacaed">
          <Coords points="2359,2190 2380,2189 2431,2187 2481,2185 2513,2184 2515,2229 2482,2230 2432,2232 2383,2234 2363,2235"/>
          <TextEquiv>
            <Unicode>ter</Unicode>
          </TextEquiv>
        </Word>
        <Word id="word_7eb02d10-9368-4fe6-8bd9-9aca52fe7d23">
          <Coords points="2567,2182 2583,2182 2631,2180 2681,2179 2731,2178 2781,2176 2829,2172 2871,2171 2872,2216 2833,2217 2782,2221 2732,2223 2682,2224 2632,2225 2582,2227 2566,2227"/>
          <TextEquiv>
            <Unicode>maendt</Unicode>
          </TextEquiv>
        </Word>
        <TextEquiv conf="0.9548175792137196">
          <Unicode>van vijff en tsestich guldens ter maendt</Unicode>
        </TextEquiv>
        <TextStyle xHeight="47"/>
      </TextLine>
      <TextLine id="d2f3bd81-7b2f-46c5-8ba5-133df963c04a">
        <Coords points="781,2323 1123,2323 1146,2303 1646,2299 1670,2287 1802,2287 1841,2258 2009,2259 2033,2247 2205,2247 2221,2238 2349,2238 2365,2250 2473,2250 2540,2278 2873,2284 2873,2370 2600,2371 2528,2443 2505,2455 2337,2450 2317,2462 2293,2462 2233,2406 1845,2403 1822,2407 1790,2435 1534,2435 1502,2467 1466,2483 1434,2482 1408,2458 1198,2459 1125,2478 998,2478 951,2466 781,2467"/>
        <Baseline points="823,2421 873,2423 923,2420 973,2416 1023,2415 1073,2411 1123,2409 1173,2405 1223,2403 1273,2405 1323,2406 1373,2407 1423,2404 1473,2402 1523,2400 1573,2399 1623,2397 1673,2394 1723,2392 1773,2391 1823,2391 1873,2389 1923,2387 1973,2386 2023,2386 2073,2385 2123,2383 2173,2380 2223,2378 2273,2378 2323,2377 2373,2373 2423,2370 2473,2368 2523,2367 2573,2364 2623,2360 2673,2357 2723,2354 2773,2352 2823,2350 2832,2349"/>
        <Word id="word_0d81d262-ec88-4e14-ac9c-e7965a2da7fb">
          <Coords points="824,2386 874,2388 921,2385 970,2381 1022,2380 1070,2376 1122,2374 1170,2370 1222,2368 1274,2370 1324,2371 1374,2372 1421,2369 1440,2368 1441,2413 1424,2414 1373,2417 1323,2416 1273,2415 1223,2413 1174,2415 1123,2419 1074,2421 1023,2425 974,2426 924,2430 873,2433 823,2431"/>
          <TextEquiv>
            <Unicode>toegevought,</Unicode>
          </TextEquiv>
        </Word>
        <Word id="word_17fbf4e6-7d49-4a1d-ba33-73b491f25ebd">
          <Coords points="1491,2366 1522,2365 1572,2364 1622,2362 1671,2359 1722,2357 1772,2356 1823,2356 1872,2354 1922,2352 1972,2351 2008,2351 2008,2396 1973,2396 1923,2397 1873,2399 1823,2401 1773,2401 1723,2402 1674,2404 1623,2407 1573,2409 1523,2410 1493,2411"/>
          <TextEquiv>
            <Unicode>jnnegaende</Unicode>
          </TextEquiv>
        </Word>
        <Word id="word_8211b7f3-7f50-49bf-9ad3-fc2534d11aef">
          <Coords points="2057,2351 2070,2350 2122,2348 2171,2345 2213,2343 2214,2388 2174,2390 2123,2393 2074,2395 2060,2396"/>
          <TextEquiv>
            <Unicode>den</Unicode>
          </TextEquiv>
        </Word>
        <Word id="word_3da5c7ca-3d16-41de-b9a9-8735af9c19d9">
          <Coords points="2273,2342 2281,2344 2322,2342 2370,2338 2421,2335 2472,2333 2522,2332 2523,2377 2473,2378 2424,2380 2374,2383 2323,2387 2271,2388 2263,2386"/>
          <TextEquiv>
            <Unicode>20=en</Unicode>
          </TextEquiv>
        </Word>
        <Word id="word_4175285c-e744-42d1-8b20-76639582bf8b">
          <Coords points="2570,2331 2619,2325 2671,2322 2721,2319 2772,2317 2822,2315 2828,2314 2833,2359 2823,2360 2773,2362 2724,2364 2674,2367 2624,2370 2576,2376"/>
          <TextEquiv>
            <Unicode>junio</Unicode>
          </TextEquiv>
        </Word>
        <TextEquiv conf="0.9586676123566824">
          <Unicode>toegevought, jnnegaende den 20=en junio</Unicode>
        </TextEquiv>
        <TextStyle xHeight="48"/>
      </TextLine>
      <TextLine id="a406f89e-59d8-43ac-ad8c-938d91f41827">
        <Coords points="793,2468 999,2468 1007,2476 1132,2477 1207,2460 1406,2460 1427,2480 1474,2481 1534,2437 1770,2437 1795,2433 1818,2417 1978,2417 2002,2421 2030,2441 2143,2435 2143,2521 1746,2522 1375,2542 1343,2546 1327,2558 1291,2558 1279,2570 1015,2566 883,2574 863,2582 793,2581"/>
        <Baseline points="835,2569 885,2565 935,2563 985,2559 1035,2554 1085,2549 1135,2548 1185,2548 1235,2546 1285,2542 1335,2537 1385,2535 1435,2532 1485,2528 1535,2526 1585,2525 1635,2521 1685,2518 1735,2516 1785,2513 1835,2511 1885,2510 1935,2507 1985,2504 2035,2503 2085,2501 2102,2500"/>
        <Word id="word_066b6b08-e712-476b-9e5e-76c77f81d585">
          <Coords points="832,2534 882,2530 934,2528 973,2525 977,2570 935,2573 886,2575 836,2579"/>
          <TextEquiv>
            <Unicode>Ao</Unicode>
          </TextEquiv>
        </Word>
        <Word id="word_c2ba666b-42ae-4076-8e66-1b8fca87b779">
          <Coords points="1041,2519 1080,2514 1134,2513 1185,2513 1234,2511 1282,2507 1324,2503 1328,2548 1286,2552 1235,2556 1185,2558 1135,2558 1086,2559 1047,2564"/>
          <TextEquiv>
            <Unicode>1646</Unicode>
          </TextEquiv>
        </Word>
        <Word id="word_9b983d2d-e8e4-4bbf-8ca0-234d95750dd1">
          <Coords points="1399,2496 1436,2497 1482,2493 1534,2491 1584,2490 1632,2486 1683,2483 1734,2481 1783,2478 1834,2476 1884,2475 1933,2472 1983,2469 2034,2468 2084,2466 2100,2465 2102,2510 2085,2511 2035,2513 1986,2514 1936,2517 1885,2520 1835,2521 1786,2523 1735,2526 1686,2528 1636,2531 1585,2535 1535,2536 1486,2538 1435,2542 1397,2541"/>
          <TextEquiv>
            <Unicode>toecomende</Unicode>
          </TextEquiv>
        </Word>
        <TextEquiv conf="0.7859357342946061">
          <Unicode>Ao 1646 toecomende</Unicode>
        </TextEquiv>
        <TextStyle xHeight="32"/>
      </TextLine>
    </TextRegion>
    <TextRegion id="region_9c68db17-4025-488f-aa23-a754d6975f3c_1" custom="structure {type:paragraph;}">
      <Coords points="2943,2714 2919,2704 2902,2707 2888,2697 2832,2697 2738,2669 2700,2669 2679,2662 2550,2665 2512,2658 2379,2662 2236,2683 2135,2690 1554,2679 1432,2690 1223,2697 864,2697 850,2721 864,2749 867,2777 878,2791 881,2819 853,2906 853,3049 846,3087 853,3285 860,3313 857,3571 846,3672 864,3717 857,3763 864,3954 860,4014 850,4045 853,4149 864,4184 871,4324 878,4341 878,4365 860,4407 864,4421 899,4435 916,4435 941,4428 1010,4428 1129,4411 1282,4414 1522,4393 1623,4393 1662,4386 1825,4379 2142,4390 2303,4372 2424,4376 2498,4365 2682,4365 2780,4379 2811,4372 2842,4355 2856,4338 2891,4327 2902,4317 2912,4289 2909,4129 2898,4094 2905,4059 2905,4007 2898,3979 2902,3930 2881,3829 2895,3794 2905,3784 2909,3756 2881,3697 2877,3637 2888,3613 2888,3564 2881,3540 2905,3512 2933,3494 2940,3467 2933,3442 2943,3428 2943,3397 2957,3352 2954,3285 2919,3184 2898,3160 2895,3080 2912,3035 2902,2989 2902,2941 2916,2916 2912,2902 2947,2780 2950,2735"/>
      <TextLine id="fa2bb70a-aebd-4675-a503-1699c26827f5">
        <Coords points="756,2578 854,2582 922,2607 1425,2602 1457,2610 1807,2610 1900,2701 2092,2706 2144,2659 2248,2658 2276,2670 2355,2670 2404,2718 2456,2678 2796,2686 2796,2771 1717,2784 1709,2792 1689,2791 1677,2779 1425,2780 1357,2847 1321,2819 1289,2839 1281,2832 1125,2832 1062,2859 1042,2879 1014,2879 963,2901 922,2902 910,2893 756,2898"/>
        <Baseline points="798,2790 848,2784 898,2785 948,2784 998,2782 1048,2780 1098,2777 1148,2776 1198,2774 1248,2773 1298,2773 1348,2771 1398,2769 1448,2770 1498,2767 1548,2766 1598,2766 1648,2765 1698,2764 1748,2762 1798,2761 1848,2759 1898,2758 1948,2757 1998,2756 2048,2754 2098,2753 2148,2753 2198,2752 2248,2750 2298,2750 2348,2750 2398,2748 2448,2748 2498,2747 2548,2746 2598,2744 2648,2743 2698,2744 2748,2749 2755,2750"/>
        <Word id="word_96963e67-5e50-489e-b2c6-40abcdc7b15a">
          <Coords points="794,2755 844,2749 899,2750 947,2749 997,2747 1047,2745 1096,2742 1147,2741 1163,2740 1165,2785 1148,2786 1099,2787 1048,2790 998,2792 948,2794 898,2795 849,2794 799,2800"/>
          <TextEquiv>
            <Unicode>Pieter</Unicode>
          </TextEquiv>
        </Word>
        <Word id="word_082a34d7-d613-4c23-be66-e96672ed541d">
          <Coords points="1226,2738 1248,2738 1298,2738 1347,2736 1397,2734 1449,2735 1496,2732 1547,2731 1598,2731 1647,2730 1697,2729 1747,2727 1797,2726 1847,2724 1897,2723 1898,2723 1899,2768 1898,2768 1848,2769 1798,2771 1748,2772 1698,2774 1648,2775 1598,2776 1548,2776 1499,2777 1448,2780 1398,2779 1348,2781 1298,2783 1248,2783 1226,2783"/>
          <TextEquiv>
            <Unicode>huijbertsen</Unicode>
          </TextEquiv>
        </Word>
        <Word id="word_148a0e7d-ded3-4c5b-bc0e-f9434f9d63f2">
          <Coords points="1959,2722 1997,2721 2047,2719 2097,2718 2143,2718 2143,2763 2098,2763 2048,2764 1998,2766 1960,2767"/>
          <TextEquiv>
            <Unicode>van</Unicode>
          </TextEquiv>
        </Word>
        <Word id="word_ca4ae8c3-8bea-4d44-afd0-f5185e116cba">
          <Coords points="2202,2718 2246,2715 2298,2715 2348,2715 2397,2713 2448,2713 2497,2712 2547,2711 2597,2709 2647,2708 2699,2709 2751,2714 2760,2715 2754,2760 2747,2759 2698,2754 2648,2753 2598,2754 2548,2756 2498,2757 2448,2758 2398,2758 2348,2760 2298,2760 2249,2760 2205,2763"/>
          <TextEquiv>
            <Unicode>Rotterdam</Unicode>
          </TextEquiv>
        </Word>
        <TextEquiv conf="0.9448487178799412">
          <Unicode>Pieter huijbertsen van Rotterdam</Unicode>
        </TextEquiv>
        <TextStyle xHeight="57"/>
      </TextLine>
      <TextLine id="line_7636303e-b071-4e7a-bc67-0ce172247332">
        <Coords points="839,2896 965,2900 1013,2880 1041,2880 1061,2860 1121,2833 1280,2833 1288,2840 1321,2820 1356,2848 1428,2780 1680,2780 1692,2788 2259,2780 2915,2786 2915,2872 2471,2869 2387,2881 2359,2897 2223,2897 2179,2941 2136,2956 2109,2932 1923,2933 1899,2916 1740,2916 1732,2908 1532,2909 1356,2917 1328,2929 1081,2929 1073,2937 1033,2937 1017,2953 993,2960 921,2960 877,3004 839,3008"/>
        <Baseline points="881,2936 931,2933 981,2926 1031,2921 1081,2919 1131,2916 1181,2913 1231,2911 1281,2908 1331,2905 1381,2903 1431,2901 1481,2899 1531,2897 1581,2895 1631,2894 1681,2892 1731,2891 1781,2889 1831,2888 1881,2886 1931,2884 1981,2882 2031,2879 2081,2877 2131,2875 2181,2874 2231,2871 2281,2868 2331,2866 2381,2864 2431,2863 2481,2861 2531,2859 2581,2857 2631,2858 2681,2857 2731,2856 2781,2856 2831,2853 2874,2851"/>
        <Word id="word_bd1280ad-eafc-4883-b782-ddf8a90a7ed2">
          <Coords points="879,2901 929,2898 976,2891 1004,2889 1009,2933 982,2936 932,2943 882,2946"/>
          <TextEquiv>
            <Unicode>jnt</Unicode>
          </TextEquiv>
        </Word>
        <Word id="word_c52f9ebc-01a0-4839-99de-1e84dc03c04d">
          <Coords points="1050,2884 1081,2884 1129,2881 1179,2878 1230,2876 1260,2874 1263,2919 1231,2921 1182,2923 1132,2926 1081,2929 1050,2929"/>
          <TextEquiv>
            <Unicode>landt</Unicode>
          </TextEquiv>
        </Word>
        <Word id="word_7c8c3ace-e4be-4b52-84e1-3847abc0f7cc">
          <Coords points="1302,2872 1329,2870 1380,2868 1430,2866 1480,2864 1530,2862 1580,2860 1601,2860 1601,2905 1581,2905 1531,2907 1481,2909 1431,2911 1381,2913 1332,2915 1305,2917"/>
          <TextEquiv>
            <Unicode>gecomen</Unicode>
          </TextEquiv>
        </Word>
        <Word id="word_8ad0966a-2aa0-4eba-bf51-998c67a3a07d">
          <Coords points="1642,2859 1679,2857 1728,2856 1729,2901 1681,2902 1644,2904"/>
          <TextEquiv>
            <Unicode>a.</Unicode>
          </TextEquiv>
        </Word>
        <Word id="word_958257d9-df59-4b3a-a1b6-a2cfad59a1eb">
          <Coords points="1767,2855 1777,2854 1813,2853 1814,2898 1782,2899 1772,2900"/>
          <TextEquiv>
            <Unicode>o</Unicode>
          </TextEquiv>
        </Word>
        <Word id="word_83d62139-ef45-42bd-8cb5-50836c281d09">
          <Coords points="1854,2853 1879,2851 1930,2849 1980,2847 2023,2844 2026,2889 1981,2892 1931,2894 1882,2896 1856,2897"/>
          <TextEquiv>
            <Unicode>1618</Unicode>
          </TextEquiv>
        </Word>
        <Word id="word_64e9005f-7ba8-4c6e-b721-c078e4e2b5aa">
          <Coords points="2068,2842 2082,2842 2130,2840 2180,2839 2229,2836 2235,2836 2238,2881 2232,2881 2181,2884 2131,2885 2081,2887 2068,2887"/>
          <TextEquiv>
            <Unicode>voor</Unicode>
          </TextEquiv>
        </Word>
        <Word id="word_70a32589-6abf-49bb-8129-7a89cdee33f6">
          <Coords points="2278,2833 2279,2833 2330,2831 2380,2829 2430,2828 2480,2826 2491,2826 2492,2871 2481,2871 2431,2873 2381,2874 2331,2876 2282,2878 2280,2878"/>
          <TextEquiv>
            <Unicode>jongh</Unicode>
          </TextEquiv>
        </Word>
        <Word id="word_c57236fa-9fb1-4524-9b17-1fdd61c056ed">
          <Coords points="2533,2824 2580,2822 2632,2823 2680,2822 2730,2821 2781,2821 2829,2818 2872,2816 2874,2861 2832,2863 2781,2866 2731,2866 2681,2867 2631,2868 2581,2867 2535,2869"/>
          <TextEquiv>
            <Unicode>bootsman</Unicode>
          </TextEquiv>
        </Word>
        <TextEquiv conf="0.9407927696620572">
          <Unicode>jnt landt gecomen a. o 1618 voor jongh bootsman</Unicode>
        </TextEquiv>
        <TextStyle xHeight="44"/>
      </TextLine>
      <TextLine id="line_82b0eefd-965e-49e9-9d95-050394f230d4">
        <Coords points="824,3009 874,3005 922,2957 1018,2953 1034,2937 1074,2937 1082,2929 1329,2929 1361,2913 1397,2909 1733,2908 1741,2916 1900,2916 1924,2933 2110,2932 2137,2956 2168,2949 2224,2893 2352,2893 2452,2872 2731,2880 2755,2900 2900,2902 2900,2988 2627,2988 2587,3020 2440,3020 2412,3028 2376,3011 2256,3008 2208,3016 2116,3060 2068,3059 2033,3024 2027,3028 2016,3017 1908,3012 1805,3016 1773,3020 1765,3028 1537,3028 1413,3036 1374,3075 1301,3087 1022,3095 994,3067 824,3068"/>
        <Baseline points="866,3058 916,3051 966,3048 1016,3044 1066,3039 1116,3037 1166,3035 1216,3031 1266,3028 1316,3026 1366,3024 1416,3022 1466,3020 1516,3019 1566,3017 1616,3016 1666,3014 1716,3013 1766,3011 1816,3009 1866,3007 1916,3005 1966,3004 2016,3002 2066,3001 2116,2999 2166,2996 2216,2994 2266,2991 2316,2988 2366,2985 2416,2982 2466,2981 2516,2979 2566,2978 2616,2976 2666,2973 2716,2971 2766,2971 2816,2970 2859,2967"/>
        <Word id="word_940c090b-b7dc-4bd0-a2c6-6de107f696d6">
          <Coords points="861,3023 911,3016 964,3013 1013,3009 1063,3004 1115,3002 1165,3000 1213,2996 1264,2993 1297,2992 1299,3037 1267,3038 1217,3041 1166,3045 1116,3047 1067,3049 1017,3054 967,3058 917,3061 867,3068"/>
          <TextEquiv>
            <Unicode>naderhandt</Unicode>
          </TextEquiv>
        </Word>
        <Word id="word_3a184003-36b5-4aba-b120-cafdddf768c3">
          <Coords points="1340,2990 1365,2989 1415,2987 1465,2985 1515,2984 1565,2982 1615,2981 1665,2979 1715,2978 1731,2977 1732,3022 1716,3023 1666,3024 1616,3026 1566,3027 1516,3029 1466,3030 1416,3032 1366,3034 1342,3035"/>
          <TextEquiv>
            <Unicode>gevordert</Unicode>
          </TextEquiv>
        </Word>
        <Word id="word_bdc1b621-60e0-445c-84f0-3fee1861115a">
          <Coords points="1774,2976 1815,2974 1865,2972 1904,2970 1906,3015 1866,3017 1816,3019 1776,3021"/>
          <TextEquiv>
            <Unicode>tot</Unicode>
          </TextEquiv>
        </Word>
        <Word id="word_f3c17502-da15-47c3-9f11-82c9620e3fc1">
          <Coords points="1949,2969 1967,2969 2015,2967 2065,2966 2115,2964 2164,2961 2215,2959 2264,2956 2314,2953 2364,2950 2414,2947 2425,2947 2426,2992 2417,2992 2367,2995 2317,2998 2267,3001 2216,3004 2167,3006 2116,3009 2066,3011 2016,3012 1966,3014 1949,3014"/>
          <TextEquiv>
            <Unicode>lijffschudt</Unicode>
          </TextEquiv>
        </Word>
        <Word id="word_0ebfd75f-bc70-4076-8973-0f6fda9f9b0e">
          <Coords points="2467,2946 2515,2944 2565,2943 2615,2941 2664,2938 2715,2936 2766,2936 2815,2935 2857,2932 2860,2977 2816,2980 2766,2981 2716,2981 2667,2983 2616,2986 2566,2988 2516,2989 2469,2991"/>
          <TextEquiv>
            <Unicode>sergiand,</Unicode>
          </TextEquiv>
        </Word>
        <TextEquiv conf="0.925290631630718">
          <Unicode>naderhandt gevordert tot lijffschudt sergiand,</Unicode>
        </TextEquiv>
        <TextStyle xHeight="44"/>
      </TextLine>
      <TextLine id="line_9c652529-d7ae-429c-8269-a0fddc6ec095">
        <Coords points="803,3065 997,3069 1029,3097 1141,3097 1164,3086 1360,3082 1416,3034 1812,3029 1851,3037 1977,3037 2001,3061 2011,3062 2123,3058 2191,3030 2215,3010 2387,3013 2403,3025 2435,3026 2443,3018 2590,3018 2602,3009 2828,3009 2846,3024 2887,3024 2887,3110 2562,3111 2546,3119 2439,3119 2395,3162 2111,3161 2039,3182 1572,3182 1548,3198 1224,3201 1152,3230 1136,3246 803,3246"/>
        <Baseline points="845,3185 895,3183 945,3179 995,3177 1045,3174 1095,3171 1145,3169 1195,3166 1245,3164 1295,3164 1345,3162 1395,3159 1445,3156 1495,3153 1545,3150 1595,3147 1645,3143 1695,3142 1745,3140 1795,3139 1845,3136 1895,3134 1945,3131 1995,3128 2045,3126 2095,3122 2145,3120 2195,3117 2245,3115 2295,3112 2345,3110 2395,3107 2445,3107 2495,3107 2545,3105 2595,3103 2645,3101 2695,3101 2745,3101 2795,3099 2845,3093 2846,3089"/>
        <Word id="word_b0b956f7-9c00-4689-8852-ee75b5bf9f5e">
          <Coords points="844,3150 894,3148 942,3144 994,3142 1043,3139 1093,3136 1144,3134 1193,3131 1244,3129 1295,3129 1332,3127 1334,3172 1295,3174 1245,3174 1196,3176 1145,3179 1096,3181 1046,3184 995,3187 946,3189 895,3193 845,3195"/>
          <TextEquiv>
            <Unicode>vaendrigh,</Unicode>
          </TextEquiv>
        </Word>
        <Word id="word_e83acde8-e9d4-4e3d-b00c-86cbb9603ebf">
          <Coords points="1379,3126 1391,3124 1443,3121 1493,3118 1543,3115 1576,3113 1579,3158 1546,3160 1496,3163 1446,3166 1396,3169 1384,3170"/>
          <TextEquiv>
            <Unicode>ende</Unicode>
          </TextEquiv>
        </Word>
        <Word id="word_e8cb9d46-f2ba-421b-869d-d1e84ee690dc">
          <Coords points="1623,3110 1641,3108 1694,3107 1744,3105 1794,3104 1843,3101 1894,3099 1943,3096 1993,3093 2044,3091 2092,3087 2144,3085 2193,3082 2244,3080 2260,3079 2263,3124 2245,3125 2196,3127 2145,3130 2096,3132 2045,3136 1996,3138 1946,3141 1895,3144 1846,3146 1795,3149 1745,3150 1695,3152 1646,3153 1628,3155"/>
          <TextEquiv>
            <Unicode>jegenwoordich</Unicode>
          </TextEquiv>
        </Word>
        <Word id="word_487d79a2-e334-4373-adcd-a4318b0ac7dc">
          <Coords points="2310,3076 2344,3075 2393,3072 2445,3072 2495,3072 2544,3070 2594,3068 2644,3066 2695,3066 2745,3066 2794,3064 2812,3081 2841,3058 2856,3091 2846,3103 2795,3109 2745,3111 2695,3111 2645,3111 2595,3113 2545,3115 2495,3117 2445,3117 2396,3117 2345,3120 2312,3121"/>
          <TextEquiv>
            <Unicode>Luijtenandt</Unicode>
          </TextEquiv>
        </Word>
        <TextEquiv conf="0.9445365401722419">
          <Unicode>vaendrigh, ende jegenwoordich Luijtenandt</Unicode>
        </TextEquiv>
        <TextStyle xHeight="46"/>
      </TextLine>
      <TextLine id="f22872d9-627d-4227-adec-7f5a140ef7ad">
        <Coords points="830,3245 1136,3245 1219,3201 1547,3197 1571,3181 2050,3181 2114,3161 2625,3157 2633,3163 2826,3163 2826,3249 2661,3245 2621,3282 1850,3282 830,3326"/>
        <Baseline points="872,3317 922,3313 972,3310 1022,3308 1072,3305 1122,3303 1172,3300 1222,3299 1272,3296 1322,3293 1372,3292 1422,3291 1472,3289 1522,3288 1572,3287 1622,3284 1672,3282 1722,3280 1772,3277 1822,3276 1872,3275 1922,3275 1972,3273 2022,3271 2072,3269 2122,3266 2172,3263 2222,3260 2272,3257 2322,3255 2372,3252 2422,3248 2472,3245 2522,3243 2572,3239 2622,3235 2672,3234 2722,3231 2772,3230 2785,3228"/>
        <Word id="word_1ed15061-1dfe-4672-862d-2eae2766e6b6">
          <Coords points="869,3282 919,3278 970,3275 1021,3273 1070,3270 1077,3270 1079,3315 1073,3315 1022,3318 973,3320 923,3323 873,3327"/>
          <TextEquiv>
            <Unicode>ende</Unicode>
          </TextEquiv>
        </Word>
        <Word id="word_4fb7601f-451d-4e37-9f8a-cc6c68d367ec">
          <Coords points="1128,3268 1170,3265 1221,3264 1270,3261 1283,3260 1286,3305 1273,3306 1222,3309 1173,3310 1131,3313"/>
          <TextEquiv>
            <Unicode>met</Unicode>
          </TextEquiv>
        </Word>
        <Word id="word_59b78359-db7d-4e5a-9e73-4806ea68e9e2">
          <Coords points="1337,3257 1372,3257 1388,3257 1389,3302 1372,3302 1337,3302"/>
          <TextEquiv>
            <Unicode>t</Unicode>
          </TextEquiv>
        </Word>
        <Word id="word_a1b50710-e425-4344-8df4-e425f4ce6db0">
          <Coords points="1439,3256 1470,3254 1521,3253 1571,3252 1620,3249 1671,3247 1721,3245 1770,3242 1821,3241 1854,3240 1855,3285 1822,3286 1773,3287 1722,3290 1672,3292 1623,3294 1572,3297 1522,3298 1473,3299 1441,3301"/>
          <TextEquiv>
            <Unicode>vertreck</Unicode>
          </TextEquiv>
        </Word>
        <Word id="word_d9646a04-3273-426f-a38b-0ad67a5eed60">
          <Coords points="1908,3239 1924,3240 1971,3238 2021,3236 2071,3234 2120,3231 2170,3228 2214,3225 2217,3270 2173,3273 2123,3276 2072,3279 2022,3281 1972,3283 1922,3285 1906,3284"/>
          <TextEquiv>
            <Unicode>vanden</Unicode>
          </TextEquiv>
        </Word>
        <Word id="word_b729a9d4-b75f-491d-b90c-608c9cad8d93">
          <Coords points="2266,3222 2270,3222 2321,3220 2370,3217 2419,3213 2470,3210 2521,3208 2569,3204 2619,3200 2671,3199 2720,3196 2771,3195 2780,3193 2786,3238 2772,3240 2723,3241 2672,3244 2623,3245 2573,3249 2522,3253 2473,3255 2423,3258 2373,3262 2322,3265 2273,3267 2269,3267"/>
          <TextEquiv>
            <Unicode>cappeteijn</Unicode>
          </TextEquiv>
        </Word>
        <TextEquiv conf="0.8993839891002208">
          <Unicode>ende met t vertreck vanden cappeteijn</Unicode>
        </TextEquiv>
        <TextStyle xHeight="37"/>
      </TextLine>
      <TextLine id="line_2c3b47f8-f6d8-4ded-a3a2-6cfbe19621d5">
        <Coords points="798,3327 944,3327 952,3319 1088,3311 1596,3296 1768,3284 2479,3287 2667,3291 2683,3303 2896,3301 2896,3387 2607,3380 2335,3392 2327,3400 1975,3404 1927,3408 1919,3416 1768,3416 1732,3444 1637,3471 1364,3475 1344,3491 1092,3491 1076,3478 876,3479 852,3462 840,3462 798,3491"/>
        <Baseline points="840,3451 890,3446 940,3442 990,3440 1040,3437 1090,3435 1140,3431 1190,3430 1240,3427 1290,3424 1340,3421 1390,3418 1440,3416 1490,3414 1540,3413 1590,3412 1640,3412 1690,3409 1740,3407 1790,3404 1840,3400 1890,3397 1940,3394 1990,3395 2040,3392 2090,3390 2140,3389 2190,3388 2240,3387 2290,3385 2340,3383 2390,3382 2440,3381 2490,3379 2540,3377 2590,3374 2640,3372 2690,3372 2740,3370 2790,3366 2840,3366 2855,3366"/>
        <Word id="word_cc0c73e3-46db-4abe-a4c9-69d1e558d3b2">
          <Coords points="837,3416 887,3411 937,3407 989,3405 1038,3402 1089,3400 1132,3397 1135,3441 1090,3445 1041,3447 990,3450 941,3452 891,3456 841,3461"/>
          <TextEquiv>
            <Unicode>jurgen</Unicode>
          </TextEquiv>
        </Word>
        <Word id="word_f2fc7927-7b01-481c-bc40-5992a3bf3839">
          <Coords points="1196,3395 1203,3397 1238,3392 1288,3389 1338,3386 1388,3383 1439,3381 1477,3380 1478,3424 1440,3426 1391,3428 1341,3431 1291,3434 1241,3437 1186,3439 1180,3437"/>
          <TextEquiv>
            <Unicode>Bodijn</Unicode>
          </TextEquiv>
        </Word>
        <Word id="word_cbc6cc6b-beeb-40a8-aa18-168781f4a58f">
          <Coords points="1528,3378 1541,3378 1589,3377 1640,3377 1673,3375 1675,3420 1640,3422 1590,3422 1540,3423 1527,3423"/>
          <TextEquiv>
            <Unicode>als</Unicode>
          </TextEquiv>
        </Word>
        <Word id="word_851fd9c3-8325-49de-95b1-42f444d8344d">
          <Coords points="1724,3372 1740,3372 1788,3369 1837,3365 1888,3362 1938,3359 1970,3360 1969,3405 1941,3404 1891,3407 1841,3410 1791,3414 1740,3417 1724,3417"/>
          <TextEquiv>
            <Unicode>hooft</Unicode>
          </TextEquiv>
        </Word>
        <Word id="word_1321274b-03cb-49d8-9b7b-338b6657ac4a">
          <Coords points="2013,3361 2034,3357 2089,3355 2139,3354 2189,3353 2214,3353 2215,3397 2190,3398 2140,3399 2090,3400 2042,3402 2020,3405"/>
          <TextEquiv>
            <Unicode>over</Unicode>
          </TextEquiv>
        </Word>
        <Word id="word_3a381ed2-34f6-4eb6-b835-ab0f142872ec">
          <Coords points="2262,3352 2288,3350 2339,3348 2362,3348 2363,3393 2340,3393 2291,3395 2265,3396"/>
          <TextEquiv>
            <Unicode>d'</Unicode>
          </TextEquiv>
        </Word>
        <Word id="word_7d509caf-3d23-4af5-b059-9aa2ce55df56">
          <Coords points="2411,3347 2439,3346 2489,3344 2539,3342 2588,3339 2639,3337 2690,3337 2739,3335 2787,3331 2840,3331 2854,3331 2854,3376 2840,3376 2791,3376 2740,3380 2690,3382 2640,3382 2591,3384 2540,3387 2490,3389 2440,3391 2412,3392"/>
          <TextEquiv>
            <Unicode>militeren</Unicode>
          </TextEquiv>
        </Word>
        <TextEquiv conf="0.907324727942218">
          <Unicode>jurgen Bodijn als hooft over d' militeren</Unicode>
        </TextEquiv>
        <TextStyle xHeight="46"/>
      </TextLine>
      <TextLine id="bebd1d94-0e92-413e-9bdb-3c9eb2dadce8">
        <Coords points="823,3597 833,3606 965,3480 1077,3479 1089,3491 1345,3492 1365,3476 1637,3472 1721,3448 1749,3432 2381,3427 2389,3435 2565,3439 2986,3438 2986,3524 2841,3525 2817,3545 2769,3564 2697,3567 2682,3552 2165,3552 2133,3580 2109,3588 1885,3592 1865,3612 1781,3603 1769,3591 1385,3596 1025,3588 929,3596 858,3663 823,3667"/>
        <Baseline points="865,3587 915,3584 965,3584 1015,3582 1065,3579 1115,3575 1165,3572 1215,3569 1265,3565 1315,3564 1365,3562 1415,3560 1465,3560 1515,3558 1565,3557 1615,3556 1665,3554 1715,3553 1765,3551 1815,3548 1865,3545 1915,3542 1965,3541 2015,3537 2065,3534 2115,3532 2165,3529 2215,3525 2265,3523 2315,3520 2365,3517 2415,3516 2465,3514 2515,3513 2565,3512 2615,3510 2665,3508 2715,3507 2765,3506 2815,3505 2865,3504 2915,3503 2945,3503"/>
        <Word id="word_f0d666ab-f50c-4518-a93d-4547698514fb">
          <Coords points="863,3552 913,3549 965,3549 1014,3547 1063,3544 1112,3540 1163,3537 1213,3534 1262,3530 1314,3529 1364,3527 1414,3525 1465,3525 1507,3523 1509,3568 1465,3570 1415,3570 1365,3572 1315,3574 1266,3575 1216,3579 1166,3582 1116,3585 1066,3589 1015,3592 965,3594 916,3594 866,3597"/>
          <TextEquiv>
            <Unicode>proviesioneel</Unicode>
          </TextEquiv>
        </Word>
        <Word id="word_e201f4e6-c190-46e2-92cc-2a1728776a8b">
          <Coords points="1562,3521 1569,3522 1614,3521 1664,3519 1714,3518 1764,3516 1813,3513 1863,3510 1913,3507 1964,3506 2012,3502 2051,3500 2054,3545 2016,3547 1965,3551 1916,3552 1866,3555 1816,3558 1765,3561 1715,3563 1665,3564 1615,3566 1564,3567 1557,3566"/>
          <TextEquiv>
            <Unicode>gebruijckt</Unicode>
          </TextEquiv>
        </Word>
        <Word id="word_9fc06d23-283b-4652-834d-fbef87146481">
          <Coords points="2104,3497 2116,3497 2163,3494 2212,3490 2264,3488 2313,3485 2363,3482 2414,3481 2464,3479 2514,3478 2548,3477 2549,3522 2515,3523 2465,3524 2415,3526 2366,3527 2316,3530 2265,3533 2216,3535 2166,3539 2115,3542 2103,3542"/>
          <TextEquiv>
            <Unicode>geworden,</Unicode>
          </TextEquiv>
        </Word>
        <Word id="word_7fadaaa2-0ea3-43d9-9e01-da74dbc33146">
          <Coords points="2595,3476 2612,3475 2664,3473 2714,3472 2764,3471 2795,3470 2796,3515 2765,3516 2715,3517 2665,3518 2616,3520 2599,3521"/>
          <TextEquiv>
            <Unicode>ende</Unicode>
          </TextEquiv>
        </Word>
        <Word id="word_c68148a9-d342-4364-849d-527b664a6974">
          <Coords points="2845,3469 2864,3469 2914,3468 2945,3468 2945,3513 2915,3513 2865,3514 2846,3514"/>
          <TextEquiv>
            <Unicode>op</Unicode>
          </TextEquiv>
        </Word>
        <TextEquiv conf="0.9501980121889179">
          <Unicode>proviesioneel gebruijckt geworden, ende op</Unicode>
        </TextEquiv>
        <TextStyle xHeight="42"/>
      </TextLine>
      <TextLine id="df2fff26-ea3d-47f8-b82d-cdd2b5489ea1">
        <Coords points="820,3670 858,3662 930,3595 954,3591 1770,3590 1782,3602 1818,3602 1830,3614 1858,3615 1886,3591 2118,3587 2166,3550 2685,3554 2702,3567 2850,3554 2915,3565 2915,3651 2526,3652 2502,3656 2466,3687 2426,3699 2322,3699 2298,3707 2082,3707 2046,3723 1966,3718 1918,3723 1906,3735 1270,3730 1214,3722 820,3723"/>
        <Baseline points="862,3714 912,3710 962,3708 1012,3706 1062,3704 1112,3701 1162,3698 1212,3696 1262,3695 1312,3694 1362,3694 1412,3694 1462,3691 1512,3690 1562,3688 1612,3686 1662,3684 1712,3683 1762,3682 1812,3680 1862,3678 1912,3675 1962,3673 2012,3670 2062,3666 2112,3663 2162,3662 2212,3658 2262,3656 2312,3655 2362,3652 2412,3650 2462,3648 2512,3646 2562,3644 2612,3641 2662,3639 2712,3636 2762,3635 2812,3633 2862,3630 2874,3630"/>
        <Word id="word_1d9809fa-eda9-4dd9-822c-de0773e9572f">
          <Coords points="859,3679 909,3675 961,3673 1004,3671 1006,3716 962,3718 913,3720 863,3724"/>
          <TextEquiv>
            <Unicode>ons</Unicode>
          </TextEquiv>
        </Word>
        <Word id="word_cb2417a7-c386-470c-90cc-b11fd38bd339">
          <Coords points="1052,3669 1061,3669 1110,3666 1160,3663 1211,3661 1261,3660 1311,3659 1362,3659 1412,3659 1435,3658 1438,3702 1412,3704 1362,3704 1312,3704 1262,3705 1212,3706 1163,3708 1113,3711 1062,3714 1054,3714"/>
          <TextEquiv>
            <Unicode>versoeck</Unicode>
          </TextEquiv>
        </Word>
        <Word id="word_1e66ce48-da81-4984-853f-4db30b0f1bb4">
          <Coords points="1485,3655 1512,3655 1561,3653 1611,3651 1627,3650 1629,3695 1612,3696 1562,3698 1512,3700 1485,3700"/>
          <TextEquiv>
            <Unicode>met</Unicode>
          </TextEquiv>
        </Word>
        <Word id="word_7e621115-fa34-4cb9-86a5-ac0fff3c2601">
          <Coords points="1676,3648 1712,3648 1724,3648 1725,3693 1712,3693 1677,3693"/>
          <TextEquiv>
            <Unicode>t</Unicode>
          </TextEquiv>
        </Word>
        <Word id="word_ef744d59-b01b-4089-b66b-10e73115110b">
          <Coords points="1771,3647 1810,3645 1861,3643 1866,3643 1869,3688 1862,3688 1812,3690 1773,3692"/>
          <TextEquiv>
            <Unicode>fl</Unicode>
          </TextEquiv>
        </Word>
        <Word id="word_3f221081-1db1-4933-9aa9-c752b2de5acf">
          <Coords points="1915,3640 1961,3638 2010,3635 2059,3631 2105,3628 2108,3673 2063,3676 2013,3680 1962,3683 1916,3685"/>
          <TextEquiv>
            <Unicode>uijt</Unicode>
          </TextEquiv>
        </Word>
        <Word id="word_5b8d31a3-5ede-4d4d-bdae-f15f8e7a7d11">
          <Coords points="2164,3626 2170,3628 2209,3623 2261,3621 2311,3620 2360,3617 2393,3616 2395,3661 2363,3662 2312,3665 2262,3666 2213,3668 2160,3672 2153,3670"/>
          <TextEquiv>
            <Unicode>schip</Unicode>
          </TextEquiv>
        </Word>
        <Word id="word_1cdbf302-a78e-4843-8e6f-4db8284b8021">
          <Coords points="2441,3614 2461,3613 2511,3611 2561,3609 2610,3606 2661,3604 2710,3601 2761,3600 2811,3598 2860,3595 2874,3595 2874,3640 2863,3640 2812,3643 2762,3645 2713,3646 2662,3649 2613,3651 2562,3654 2512,3656 2462,3658 2443,3659"/>
          <TextEquiv>
            <Unicode>maeslandt</Unicode>
          </TextEquiv>
        </Word>
        <TextEquiv conf="0.8996734294979412">
          <Unicode>ons versoeck met t fl uijt schip maeslandt</Unicode>
        </TextEquiv>
        <TextStyle xHeight="44"/>
      </TextLine>
      <TextLine id="line_9b791334-8669-4693-bebc-3b1ea6911bbc">
        <Coords points="826,3726 1216,3721 1264,3729 1988,3734 1996,3726 2032,3726 2072,3710 2280,3710 2304,3702 2440,3698 2496,3665 2560,3669 2568,3677 2760,3677 2780,3693 3001,3706 2996,3799 2272,3805 2180,3841 2067,3857 2020,3856 2000,3836 1864,3832 1484,3840 1392,3845 1368,3857 908,3853 826,3904"/>
        <Baseline points="868,3841 918,3843 968,3841 1018,3837 1068,3834 1118,3830 1168,3827 1218,3824 1268,3822 1318,3820 1368,3820 1418,3819 1468,3816 1518,3814 1568,3812 1618,3810 1668,3810 1718,3809 1768,3808 1818,3806 1868,3804 1918,3802 1968,3800 2018,3798 2068,3796 2118,3794 2168,3791 2218,3790 2268,3790 2318,3789 2368,3787 2418,3786 2468,3785 2518,3783 2568,3780 2618,3779 2668,3777 2718,3778 2768,3780 2818,3779 2868,3777 2918,3776 2960,3772"/>
        <Word id="word_ff6d61a9-30c3-43fa-98b4-ad3472ea5fd9">
          <Coords points="869,3806 919,3808 966,3806 968,3851 918,3853 868,3851"/>
          <TextEquiv>
            <Unicode>op</Unicode>
          </TextEquiv>
        </Word>
        <Word id="word_1501701a-6c58-4087-8408-e7df689bef78">
          <Coords points="984,3830 984,3828 1066,3799 1115,3795 1166,3792 1213,3789 1215,3834 1169,3837 1119,3840 1069,3844 1028,3840 1027,3842"/>
          <TextEquiv>
            <Unicode>22.e</Unicode>
          </TextEquiv>
        </Word>
        <Word id="word_d2a58e39-b91f-472b-ad8a-e8ade8c13d73">
          <Coords points="1273,3787 1276,3788 1317,3785 1368,3785 1417,3784 1466,3781 1517,3779 1562,3777 1564,3822 1518,3824 1469,3826 1418,3829 1368,3830 1318,3830 1266,3832 1262,3831"/>
          <TextEquiv>
            <Unicode>meerdt</Unicode>
          </TextEquiv>
        </Word>
        <Word id="word_00e9b1ca-dad1-4b17-9793-5933bbd1090e">
          <Coords points="1612,3775 1617,3775 1668,3775 1717,3774 1767,3773 1817,3771 1861,3769 1863,3814 1818,3816 1768,3818 1718,3819 1668,3820 1618,3820 1614,3820"/>
          <TextEquiv>
            <Unicode>ordre</Unicode>
          </TextEquiv>
        </Word>
        <Word id="word_76b6f8e7-c303-431a-98d5-02570ec0ec16">
          <Coords points="1911,3767 1917,3767 1967,3765 2017,3763 2067,3761 2110,3759 2112,3804 2068,3806 2018,3808 1968,3810 1918,3812 1913,3812"/>
          <TextEquiv>
            <Unicode>ende</Unicode>
          </TextEquiv>
        </Word>
        <Word id="word_8221954d-4af5-4908-89ac-edb1436c5268">
          <Coords points="2155,3758 2161,3757 2217,3755 2268,3755 2317,3754 2367,3752 2417,3751 2467,3750 2517,3748 2566,3745 2617,3744 2667,3742 2719,3743 2761,3745 2759,3790 2718,3788 2668,3787 2618,3789 2569,3790 2518,3793 2468,3795 2418,3796 2368,3797 2318,3799 2268,3800 2218,3800 2170,3801 2163,3802"/>
          <TextEquiv>
            <Unicode>authorisatie</Unicode>
          </TextEquiv>
        </Word>
        <Word id="word_58f8dfef-6085-4832-9234-2ac422c7ba58">
          <Coords points="2799,3748 2808,3745 2867,3742 2917,3741 2955,3737 2959,3782 2918,3786 2868,3787 2821,3789 2812,3791"/>
          <TextEquiv>
            <Unicode>van</Unicode>
          </TextEquiv>
        </Word>
        <TextEquiv conf="0.9180556378611328">
          <Unicode>op 22.e meerdt ordre ende authorisatie van</Unicode>
        </TextEquiv>
        <TextStyle xHeight="43"/>
      </TextLine>
      <TextLine id="d8a9a946-47cb-4d8b-8474-d788081256e8">
        <Coords points="786,3918 828,3906 912,3850 1232,3830 2003,3837 2023,3857 2063,3858 2215,3849 2550,3854 2819,3850 2826,3843 2867,3843 2867,3929 2502,3929 2490,3938 2339,3938 2291,3977 1763,3976 1747,3989 1623,3993 916,3992 786,4056"/>
        <Baseline points="828,3991 878,3983 928,3980 978,3976 1028,3973 1078,3972 1128,3971 1178,3968 1228,3963 1278,3960 1328,3957 1378,3955 1428,3952 1478,3949 1528,3946 1578,3943 1628,3941 1678,3940 1728,3939 1778,3937 1828,3936 1878,3935 1928,3933 1978,3933 2028,3932 2078,3929 2128,3928 2178,3926 2228,3925 2278,3926 2328,3927 2378,3924 2428,3922 2478,3920 2528,3918 2578,3918 2628,3916 2678,3914 2728,3911 2778,3909 2826,3908"/>
        <Word id="word_fbb2dd73-7b69-4b60-b1a8-783e700c0d4c">
          <Coords points="822,3956 872,3948 926,3945 975,3941 1026,3938 1043,3938 1044,3983 1029,3983 979,3986 929,3990 880,3993 830,4001"/>
          <TextEquiv>
            <Unicode>haer</Unicode>
          </TextEquiv>
        </Word>
        <Word id="word_ab8c1f95-d76a-4e84-b1d0-30050418316c">
          <Coords points="1097,3937 1127,3936 1176,3933 1225,3928 1257,3926 1260,3971 1229,3973 1179,3978 1128,3981 1098,3982"/>
          <TextEquiv>
            <Unicode>ed:</Unicode>
          </TextEquiv>
        </Word>
        <Word id="word_8f9317b6-69bb-418b-b6d3-4418f7590916">
          <Coords points="1311,3923 1326,3922 1377,3920 1426,3917 1476,3914 1526,3911 1576,3908 1627,3906 1677,3905 1690,3905 1691,3950 1678,3950 1628,3951 1579,3953 1529,3956 1479,3959 1429,3962 1378,3965 1329,3967 1314,3968"/>
          <TextEquiv>
            <Unicode>gecomen</Unicode>
          </TextEquiv>
        </Word>
        <Word id="word_78532651-fb3e-43a1-84ab-24a92b100aaf">
          <Coords points="1743,3904 1776,3902 1827,3901 1877,3900 1927,3898 1978,3898 2027,3897 2067,3895 2070,3939 2028,3942 1978,3943 1928,3943 1878,3945 1828,3946 1779,3947 1746,3949"/>
          <TextEquiv>
            <Unicode>sijnde</Unicode>
          </TextEquiv>
        </Word>
        <Word id="word_ba6cc5c1-2921-4ac7-8cf3-fe2b976f86f1">
          <Coords points="2136,3894 2141,3895 2177,3891 2227,3890 2279,3891 2329,3892 2337,3891 2340,3936 2328,3937 2278,3936 2228,3935 2178,3936 2124,3937 2120,3936"/>
          <TextEquiv>
            <Unicode>omme</Unicode>
          </TextEquiv>
        </Word>
        <Word id="word_b39a2f3e-408a-40fd-9674-a1aa991cb06b">
          <Coords points="2392,3888 2427,3887 2477,3885 2527,3883 2578,3883 2627,3881 2677,3879 2726,3876 2777,3874 2825,3873 2826,3918 2778,3919 2729,3921 2678,3924 2628,3926 2578,3928 2528,3928 2478,3930 2428,3932 2394,3933"/>
          <TextEquiv>
            <Unicode>gemelten</Unicode>
          </TextEquiv>
        </Word>
        <TextEquiv conf="0.9146515365358993">
          <Unicode>haer ed: gecomen sijnde omme gemelten</Unicode>
        </TextEquiv>
        <TextStyle xHeight="46"/>
      </TextLine>
      <TextLine id="line_39c52dd5-bf7a-4396-8453-6648f6cadad4">
        <Coords points="800,4050 902,4002 914,3990 1002,3994 1010,3986 1038,3985 1625,3994 1749,3990 1765,3974 1789,3973 2065,3982 2672,3982 2768,3975 2973,3980 2971,4070 2728,4069 2696,4093 2660,4093 2576,4117 1953,4104 1549,4109 1513,4125 1349,4124 1326,4141 1186,4140 1130,4156 838,4160 800,4184"/>
        <Baseline points="842,4131 892,4123 942,4118 992,4112 1042,4109 1092,4105 1142,4102 1192,4101 1242,4098 1292,4096 1342,4093 1392,4092 1442,4090 1492,4089 1542,4088 1592,4088 1642,4088 1692,4086 1742,4083 1792,4080 1842,4078 1892,4077 1942,4075 1992,4074 2042,4072 2092,4072 2142,4070 2192,4069 2242,4068 2292,4068 2342,4065 2392,4062 2442,4060 2492,4059 2542,4057 2592,4055 2642,4053 2692,4051 2742,4049 2792,4047 2842,4045 2892,4044 2932,4046"/>
        <Word id="word_21e5c327-2c1c-4e8b-8331-322d6d79e1e9">
          <Coords points="836,4096 886,4088 939,4083 988,4077 1040,4074 1089,4070 1117,4068 1120,4113 1093,4115 1043,4119 993,4122 943,4128 894,4133 844,4141"/>
          <TextEquiv>
            <Unicode>Pieter</Unicode>
          </TextEquiv>
        </Word>
        <Word id="word_caf8511b-f7c0-4c05-89b9-80ac8f975f45">
          <Coords points="1167,4066 1193,4066 1240,4063 1291,4061 1340,4058 1391,4057 1441,4055 1491,4054 1541,4053 1592,4053 1642,4053 1691,4051 1740,4048 1768,4046 1771,4091 1743,4093 1692,4096 1642,4098 1592,4098 1542,4098 1492,4099 1442,4100 1392,4102 1343,4103 1292,4106 1243,4108 1192,4111 1166,4111"/>
          <TextEquiv>
            <Unicode>huijbrechtsen</Unicode>
          </TextEquiv>
        </Word>
        <Word id="word_7ecdccce-48a3-40d7-bc3a-3feaf72e9ef0">
          <Coords points="1816,4044 1841,4043 1891,4042 1941,4040 1955,4040 1956,4085 1942,4085 1892,4087 1842,4088 1817,4089"/>
          <TextEquiv>
            <Unicode>Bij</Unicode>
          </TextEquiv>
        </Word>
        <Word id="word_1356b849-e804-4056-afc5-fd6e34fa5cb3">
          <Coords points="2001,4039 2040,4037 2092,4037 2141,4035 2191,4034 2241,4033 2281,4033 2281,4078 2242,4078 2192,4079 2142,4080 2092,4082 2042,4082 2003,4084"/>
          <TextEquiv>
            <Unicode>aldien</Unicode>
          </TextEquiv>
        </Word>
        <Word id="word_234cc9bd-6a65-4341-8290-35f49d78a89b">
          <Coords points="2321,4034 2335,4031 2390,4027 2441,4025 2491,4024 2541,4022 2591,4020 2641,4018 2691,4016 2741,4014 2791,4012 2841,4010 2891,4009 2933,4011 2931,4056 2892,4054 2842,4055 2792,4057 2742,4059 2692,4061 2642,4063 2592,4065 2542,4067 2492,4069 2442,4070 2393,4072 2344,4075 2330,4078"/>
          <TextEquiv>
            <Unicode>ondertusschen</Unicode>
          </TextEquiv>
        </Word>
        <TextEquiv conf="0.953071916702273">
          <Unicode>Pieter huijbrechtsen Bij aldien ondertusschen</Unicode>
        </TextEquiv>
        <TextStyle xHeight="49"/>
      </TextLine>
      <TextLine id="bf54778f-783b-4c66-bba1-ec2327ee2359">
        <Coords points="836,4161 866,4144 890,4144 898,4152 1142,4153 1186,4140 1326,4141 1350,4125 1506,4126 1546,4113 1859,4113 2149,4121 2157,4129 2294,4129 2321,4117 2569,4118 2609,4109 2757,4109 2885,4113 2906,4134 2906,4221 2877,4221 2865,4213 2753,4214 2689,4242 2669,4262 2617,4262 2597,4270 1450,4270 1302,4265 1287,4258 1154,4258 954,4266 914,4270 882,4286 836,4285"/>
        <Baseline points="878,4261 928,4261 978,4258 1028,4255 1078,4253 1128,4252 1178,4251 1228,4250 1278,4249 1328,4247 1378,4245 1428,4245 1478,4244 1528,4241 1578,4241 1628,4239 1678,4238 1728,4235 1778,4231 1828,4229 1878,4229 1928,4228 1978,4227 2028,4226 2078,4225 2128,4226 2178,4224 2228,4222 2278,4219 2328,4219 2378,4217 2428,4215 2478,4213 2528,4210 2578,4208 2628,4207 2678,4206 2728,4207 2778,4205 2828,4203 2865,4200"/>
        <Word id="word_a4b62340-108e-4e70-8f2e-3e79500e0aab">
          <Coords points="878,4226 928,4226 976,4223 1026,4220 1077,4218 1081,4218 1082,4263 1078,4263 1029,4265 979,4268 928,4271 878,4271"/>
          <TextEquiv>
            <Unicode>geen</Unicode>
          </TextEquiv>
        </Word>
        <Word id="word_5cbfe5b4-e79f-4326-8f5c-126708dcecb8">
          <Coords points="1132,4217 1177,4216 1227,4215 1277,4214 1327,4212 1377,4210 1428,4210 1438,4210 1439,4255 1428,4255 1378,4255 1328,4257 1278,4259 1228,4260 1178,4261 1133,4262"/>
          <TextEquiv>
            <Unicode>reeden</Unicode>
          </TextEquiv>
        </Word>
        <Word id="word_67973709-1866-4f33-8e37-a43667f109f8">
          <Coords points="1487,4209 1525,4206 1578,4206 1627,4204 1642,4204 1643,4249 1628,4249 1578,4251 1529,4251 1490,4254"/>
          <TextEquiv>
            <Unicode>ter</Unicode>
          </TextEquiv>
        </Word>
        <Word id="word_4a6d90b3-1b4c-4643-8ca6-e36a25fc3ee8">
          <Coords points="1691,4203 1725,4200 1775,4196 1827,4194 1878,4194 1927,4193 1977,4192 2027,4191 2077,4190 2129,4191 2150,4190 2152,4235 2128,4236 2078,4235 2028,4236 1978,4237 1928,4238 1878,4239 1828,4239 1779,4241 1729,4245 1694,4248"/>
          <TextEquiv>
            <Unicode>contrarie</Unicode>
          </TextEquiv>
        </Word>
        <Word id="word_fb0c617b-46e5-4720-ac48-7300ce53535e">
          <Coords points="2201,4188 2227,4187 2276,4184 2328,4184 2377,4182 2427,4180 2477,4178 2526,4175 2558,4174 2560,4219 2529,4220 2478,4223 2428,4225 2378,4227 2328,4229 2279,4229 2228,4232 2203,4233"/>
          <TextEquiv>
            <Unicode>gegeven</Unicode>
          </TextEquiv>
        </Word>
        <Word id="word_0fa8b454-9c79-447a-beaa-c6a6bb14351d">
          <Coords points="2611,4172 2629,4172 2677,4171 2729,4172 2777,4170 2827,4168 2862,4165 2866,4210 2828,4213 2778,4215 2728,4217 2678,4216 2628,4217 2610,4217"/>
          <TextEquiv>
            <Unicode>mocht</Unicode>
          </TextEquiv>
        </Word>
        <TextEquiv conf="0.9697151932351015">
          <Unicode>geen reeden ter contrarie gegeven mocht</Unicode>
        </TextEquiv>
        <TextStyle xHeight="46"/>
      </TextLine>
      <TextLine id="line_6634b7a2-a8ac-4a7e-b3e9-a9973c658136">
        <Coords points="796,4293 878,4289 914,4269 1218,4257 1287,4257 1302,4268 2548,4268 2696,4280 2732,4312 2749,4312 2770,4332 2797,4332 2861,4275 2861,4361 2572,4364 2508,4420 2488,4424 1893,4428 1800,4436 1353,4435 1342,4443 858,4443 796,4471"/>
        <Baseline points="838,4422 888,4411 938,4407 988,4402 1038,4399 1088,4396 1138,4393 1188,4391 1238,4388 1288,4386 1338,4384 1388,4381 1438,4378 1488,4376 1538,4374 1588,4373 1638,4371 1688,4369 1738,4367 1788,4366 1838,4363 1888,4361 1938,4359 1988,4355 2038,4354 2088,4354 2138,4351 2188,4350 2238,4348 2288,4348 2338,4345 2388,4344 2438,4343 2488,4342 2538,4341 2588,4341 2638,4341 2688,4341 2738,4340 2788,4339 2820,4340"/>
        <Word id="word_4b82c9c6-80b1-4e3c-a452-aacab83f2c80">
          <Coords points="830,4388 880,4377 935,4372 985,4367 1036,4364 1086,4361 1136,4358 1187,4356 1236,4353 1243,4353 1245,4398 1239,4398 1188,4401 1139,4403 1089,4406 1039,4409 989,4412 939,4417 890,4421 840,4432"/>
          <TextEquiv>
            <Unicode>hebben,</Unicode>
          </TextEquiv>
        </Word>
        <Word id="word_564efd99-d265-405f-8abe-2465bdbff97d">
          <Coords points="1302,4350 1337,4349 1386,4346 1436,4343 1477,4341 1478,4386 1439,4388 1389,4391 1338,4394 1303,4395"/>
          <TextEquiv>
            <Unicode>tot</Unicode>
          </TextEquiv>
        </Word>
        <Word id="word_7de98549-84b5-4fcf-8c36-781c689e3feb">
          <Coords points="1535,4339 1537,4339 1587,4338 1637,4336 1687,4334 1737,4332 1787,4331 1836,4328 1887,4326 1937,4324 1942,4324 1945,4368 1938,4369 1888,4371 1839,4373 1788,4376 1738,4377 1688,4379 1638,4381 1588,4383 1538,4384 1537,4384"/>
          <TextEquiv>
            <Unicode>eersten</Unicode>
          </TextEquiv>
        </Word>
        <Word id="word_9ad53440-db2a-4a38-9606-8b7f3514b435">
          <Coords points="2003,4319 2038,4319 2088,4319 2136,4316 2187,4315 2237,4313 2288,4313 2336,4310 2387,4309 2437,4308 2487,4307 2537,4306 2588,4306 2638,4306 2645,4306 2645,4351 2638,4351 2588,4351 2538,4351 2488,4352 2438,4353 2388,4354 2339,4355 2288,4358 2238,4358 2188,4360 2139,4361 2088,4364 2038,4364 2003,4364"/>
          <TextEquiv>
            <Unicode>Luijtenandt</Unicode>
          </TextEquiv>
        </Word>
        <Word id="word_c0faec30-69ed-482d-a389-60815d4d8ce1">
          <Coords points="2702,4306 2737,4305 2787,4304 2821,4305 2820,4350 2788,4349 2738,4350 2704,4351"/>
          <TextEquiv>
            <Unicode>Te</Unicode>
          </TextEquiv>
        </Word>
        <TextEquiv conf="0.914583363865655">
          <Unicode>hebben, tot eersten Luijtenandt Te</Unicode>
        </TextEquiv>
        <TextStyle xHeight="55"/>
      </TextLine>
    </TextRegion>
    <TextRegion id="region_9458262c-5e2e-4e24-b9b3-6a6ece993063_3" custom="structure {type:catch-word;}">
      <Coords points="2853,4477 2849,4474 2849,4470 2846,4467 2846,4463 2842,4460 2842,4456 2839,4453 2839,4449 2832,4442 2829,4442 2822,4435 2818,4435 2815,4432 2808,4432 2804,4428 2783,4428 2780,4432 2738,4432 2734,4428 2710,4428 2707,4425 2661,4425 2658,4428 2647,4428 2644,4432 2578,4432 2574,4435 2550,4435 2546,4439 2532,4439 2529,4442 2515,4442 2512,4446 2491,4446 2487,4449 2400,4449 2397,4453 2358,4453 2355,4456 2348,4456 2344,4460 2330,4460 2327,4463 2320,4463 2316,4467 2313,4467 2306,4474 2303,4474 2296,4480 2296,4505 2299,4508 2299,4512 2313,4526 2316,4526 2320,4529 2323,4529 2327,4533 2334,4533 2337,4536 2341,4536 2344,4540 2404,4540 2407,4536 2424,4536 2428,4533 2473,4533 2477,4536 2515,4536 2518,4540 2546,4540 2550,4543 2557,4543 2560,4547 2599,4547 2602,4543 2623,4543 2626,4540 2675,4540 2679,4536 2700,4536 2703,4533 2724,4533 2728,4529 2745,4529 2748,4526 2808,4526 2811,4522 2818,4522 2822,4519 2825,4519 2829,4515 2832,4515 2835,4512 2839,4512 2853,4498"/>
      <TextLine id="d4269971-2aff-4917-bf19-ad6fe998743a">
        <Coords points="2282,4444 2671,4435 2932,4440 2932,4526 2915,4508 2859,4513 2808,4551 2282,4551"/>
        <Baseline points="2324,4527 2374,4523 2424,4518 2474,4515 2524,4512 2574,4510 2624,4509 2674,4507 2724,4505 2774,4505 2824,4506 2874,4503 2891,4505"/>
        <Word id="word_d59dda83-fcef-4a48-865f-de8b9db0df17">
          <Coords points="2321,4492 2371,4488 2421,4483 2472,4480 2522,4477 2573,4475 2623,4474 2673,4472 2723,4470 2774,4470 2825,4471 2872,4468 2895,4470 2890,4515 2875,4513 2824,4516 2774,4515 2724,4515 2674,4517 2624,4519 2574,4520 2525,4522 2475,4525 2425,4528 2375,4533 2325,4537"/>
          <TextEquiv>
            <Unicode>promoveeren</Unicode>
          </TextEquiv>
        </Word>
        <TextEquiv conf="0.8234042723876706">
          <Unicode>promoveeren</Unicode>
        </TextEquiv>
        <TextStyle xHeight="42"/>
      </TextLine>
    </TextRegion>
  </Page>
</PcGts>
