3567 4883
1282 718 1615 771 maendt
1666 708 2280 760 toegeleijdt
2334 714 2447 766 d'
2498 722 3166 776 verbeteringe
3221 732 3400 782 van

1417 849 1711 905 Gagie
1747 841 2001 892 ende
2058 838 2117 883 t
2175 838 2525 887 nieuwe
2582 839 3049 889 verbandt
3105 845 3340 898 dato

1329 964 1531 1017 als
1596 957 1995 1008 vooren
2061 955 2260 1002 aen
2326 954 2658 1001 vanck
2723 953 3188 1004 nemende

1337 1221 1720 1277 Pieter
1781 1230 2484 1281 Lauwrentsen
2547 1236 2739 1282 van
2802 1236 3376 1286 amsterdam

1333 1342 1427 1389 jn
1471 1340 1704 1388 jndia
1749 1340 2073 1387 gecomen
2118 1341 2212 1390 ao
2257 1345 2443 1394 1636
2488 1350 2628 1396 met
2671 1351 2766 1397 't
2812 1350 3043 1396 schip
3089 1347 3412 1402 middeld

1307 1467 1360 1515 a
1408 1469 1460 1516 ƒ
1511 1469 1613 1516 12
1663 1466 1765 1515 p.
1814 1461 1867 1508 r
1916 1455 2222 1504 maendt
2272 1460 2476 1506 voor
2526 1459 2883 1506 soldaet
2932 1461 3187 1508 werdt
3237 1461 3340 1507 op

1304 1597 1507 1645 sijn
1556 1588 1960 1642 vertoogh
2010 1586 2212 1633 ende
2262 1579 2918 1632 Bequaemheijt,
2968 1586 3220 1633 midts
3267 1581 3323 1632 e

1311 1735 1734 1788 Experatie
1778 1724 2016 1779 sijne
2062 1721 2486 1771 verbandts
2532 1726 2673 1773 Bij
2718 1715 2955 1770 desen
3000 1715 3096 1761 do
3141 1713 3331 1760 noro

1304 1875 1500 1929 voor
1541 1864 1793 1918 drije
1841 1853 2135 1908 achter
2184 1850 2331 1896 een
2379 1846 2772 1894 volgende
2818 1842 3114 1892 jaeren
3161 1837 3260 1885 in

1424 1995 1786 2062 Gemelte
1836 1989 2349 2040 qualiteijt
2398 1992 2552 2040 van
2602 1981 2960 2038 soldaet
3007 1975 3420 2026 aengenom

1292 2137 1482 2189 ende
1527 2130 1669 2180 een
1712 2118 2181 2172 belooningh
2227 2117 2368 2164 van
2414 2112 2555 2161 der
2600 2101 2835 2155 thien
2881 2095 3208 2147 guldens
3254 2091 3395 2139 ter

1300 2251 1622 2302 maendt
1674 2242 2266 2296 toegeleijt,
2317 2243 2427 2291 d'
2479 2232 3124 2287 verbeteringe
3173 2224 3340 2275 van

1315 2384 1674 2442 Gagie,
1733 2377 1971 2428 ende
2030 2369 2446 2422 tnieuwe
2504 2363 2979 2414 verbandt
3035 2344 3217 2410 adi
3271 2327 3391 2377 m0

1274 2507 1718 2568 october
1781 2500 1908 2549 Ao
1962 2495 2224 2544 1645
2285 2477 2921 2537 innegaende

1422 2758 1731 2815 Simon
1790 2768 2222 2815 Heijman
2284 2768 2469 2813 van
2529 2767 2838 2815 sungo
2899 2765 3023 2811 in
3083 2766 3394 2815 jndia

1278 2864 1357 2913 -

1366 2887 1738 2941 Gecomen
1789 2882 1898 2930 Ao
1950 2880 2164 2927 1641
2216 2876 2376 2927 met
2430 2876 2749 2928 tschip
2801 2875 3388 2931 herderwijck

1201 3016 1410 3068 voor
1461 3000 1828 3057 soldaet
1879 2998 1932 3044 a
1982 2998 2039 3046 ƒ
2078 3003 2140 3051 9
2188 3002 2348 3048 ter
2391 3003 2715 3050 maendt
2765 3007 2975 3054 wert
3026 3006 3131 3053 op
3175 2989 3393 3050 sijn

1253 3125 1902 3193 vertooghende
1946 3115 2601 3170 Bequaemheijt
2655 3115 2871 3161 mits
2924 3105 3418 3164 Experatie

1214 3261 1526 3311 Sijnes
1577 3261 1941 3309 jongste
1991 3260 2408 3309 verbandt
2457 3263 2668 3310 ende
2717 3238 3394 3311 genegentheijt

1265 3392 1365 3444 d'
1384 3383 1461 3428 E
1505 3383 1805 3440 Comp„e
1852 3397 2050 3446 noch
2098 3395 2394 3446 langer
2443 3394 2541 3440 jn
2590 3391 2836 3441 jndia
2884 3388 2984 3436 te
3033 3383 3380 3431 dienen:

1256 3541 1405 3588 Bij
1432 3529 1697 3587 desen
1745 3527 1844 3574 de
1892 3527 2089 3573 novo
2138 3526 2334 3572 voor
2383 3526 2628 3572 drije
2676 3509 3318 3570 naestvolgende

1267 3659 1521 3723 jaren
1561 3653 1669 3703 jn
1710 3653 1815 3698 d'
1854 3646 2115 3697 selve
2165 3642 2666 3691 qualiteijt
2710 3643 2866 3690 van
2893 3625 3264 3688 soldaat

1262 3778 1829 3846 aengenomen,
1880 3776 2086 3825 ende
2137 3773 2291 3824 een
2342 3760 2855 3816 belooningh
2895 3752 3060 3804 van
3107 3729 3367 3796 Eeffe

1243 3919 1587 3975 guldens
1636 3919 1784 3965 ter
1833 3916 2128 3965 maendt
2176 3903 2667 3960 toegeleijd
2712 3897 2814 3946 te
2863 3886 3403 3943 verbetering

1224 4052 1425 4101 van
1489 4043 1827 4096 gagie
1893 4043 2161 4090 ende
2227 4040 2697 4088 tnieuwe
2763 4025 3298 4088 verbandt

1230 4182 1482 4235 dato
1544 4173 1733 4224 als
1795 4165 2173 4215 vooren
2235 4163 2738 4211 aenvancq
2800 4138 3240 4206 nemende
