3730 4937
2890 317 3071 368 715

550 298 881 359 frebruarij
912 292 1013 341 ao.
1044 283 1212 335 1646.

988 481 1184 532 door's
1215 479 1378 526 Maj=s
1409 478 1573 528 beste
1603 485 1864 539 galeijen
1895 495 1993 544 van
2024 500 2122 549 uyt
2154 504 2221 552 de
2250 509 2382 562 Stad
2412 519 2608 574 overby
2638 530 2738 583 hem
2767 540 3007 597 gehaelt

983 616 1150 663 wierd,
1177 617 1400 664 sullende
1427 618 1761 670 gesamentlijk
1787 624 1984 675 (sooder
2010 631 2177 680 gescht
2204 635 2345 688 word)
2371 645 2539 700 binnen
2564 657 2679 709 drie
2703 667 2732 713 a
2758 669 2789 716 4
2814 673 2954 722 dagen
2981 678 3067 727 int

972 741 1124 793 hoff
1161 740 1390 788 keeren

735 888 853 934 adij
881 885 969 935 4:'
997 883 1085 929 d:o
1113 882 1230 929 lagh
1258 884 1346 930 den
1375 885 1578 933 Coningh
1607 888 1695 935 met
1723 891 2043 945 aldesselffs
2071 901 2335 956 galeijen,
2362 913 2624 968 noghaend'
2651 923 2945 985 andersijde
2970 943 3118 993 vande

956 999 1173 1045 trevier
1203 1001 1451 1052 voorsijn
1480 1008 1697 1061 Nagoda,
1727 1016 1913 1068 alwaer
1942 1024 2036 1072 hem
2065 1027 2191 1077 door
2220 1034 2529 1090 aldewerelt
2558 1046 2652 1095 den
2681 1051 2776 1102 Eet
2804 1059 3056 1123 gesworen

946 1120 1137 1168 wierdt
1168 1123 1296 1171 Jtem
1325 1127 1515 1174 vanden
1546 1130 1798 1184 daijroo,
1828 1140 1924 1188 die
1955 1143 2082 1191 daer
2112 1148 2240 1199 over
2269 1155 2334 1202 in
2364 1159 2649 1214 desselffs
2678 1170 2805 1222 hoff
2836 1178 3058 1231 groote—

971 1241 1057 1288 off
1086 1243 1232 1291 rande
1258 1248 1346 1294 tot
1374 1250 1663 1303 bevestinge
1690 1258 1892 1310 vandien
1921 1265 2095 1315 gedaen
2122 1271 2237 1321 had:
2266 1276 2413 1329 Etc:a

729 1385 761 1431 S
789 1379 1048 1431 middaghs
1078 1381 1205 1427 boud
1236 1380 1333 1429 den
1363 1385 1555 1436 Capado
1586 1392 1872 1442 ongadingh
1901 1396 2094 1444 sijnen
2125 1400 2412 1457 schrijver
2442 1414 2730 1473 terlogie,
2760 1429 2857 1479 met
2886 1436 2982 1487 den

960 1500 1184 1546 welcken
1215 1502 1311 1549 ons
1342 1505 1756 1561 aenseggenliet
1787 1517 1883 1564 dat
1914 1520 2043 1567 over
2073 1524 2201 1573 twee
2231 1529 2264 1576 a
2296 1531 2424 1581 drie
2454 1538 2615 1588 dagen
2645 1544 2774 1595 (als
2803 1552 3027 1607 wanneer

944 1617 1044 1664 den
1075 1620 1308 1671 Coningh
1340 1627 1507 1677 weder
1538 1634 1605 1680 te
1637 1636 1770 1685 hove
1802 1639 2001 1686 stonde
2034 1641 2298 1691 tekomen)
2331 1646 2464 1691 syne
2496 1647 2662 1699 may=t
2694 1655 2794 1702 tot
2825 1658 3127 1718 welcompst

945 1733 1035 1780 int
1062 1737 1179 1785 hoff
1208 1740 1355 1787 comen
1382 1743 1646 1799 begroeten
1673 1755 1877 1807 souden,
1906 1762 2024 1810 daer
2051 1766 2111 1814 op
2139 1770 2431 1826 antwoorden
2459 1781 2576 1831 sulx
2604 1786 2896 1841 voornemens
2924 1796 3074 1849 waren

936 1868 1019 1913 te
1061 1868 1227 1915 doen
1268 1870 1602 1922 waermede
1643 1877 2018 1937 denselven
2058 1886 2393 1941 vertrock

720 1985 850 2032 adij
882 1987 981 2035 6:'
1012 1989 1111 2035 d:o
1143 1990 1405 2042 smorgens
1436 1999 1600 2048 brack
1631 2004 1730 2053 den
1761 2010 1991 2061 Coningh
2021 2017 2121 2066 met
2152 2022 2446 2073 desselffs
2477 2029 2739 2087 Galeijen
2770 2043 2870 2094 van
2900 2051 3032 2103 ver„

908 2101 1334 2156 „haeldeplaetse
1362 2112 1424 2158 op
1453 2114 1667 2166 varende
1695 2123 1908 2175 omtrent
1938 2129 1999 2175 1½
2029 2129 2150 2177 mijl
2180 2132 2395 2188 hooger,
2422 2145 2546 2195 daer
2573 2152 2908 2223 eenweijnigh
2935 2180 3027 2234 ge„

901 2219 1376 2279 „legenhebbende
1409 2235 1884 2295 wederomvandaen
1916 2252 2188 2308 affquam,
2220 2265 2390 2312 verby
2422 2268 2492 2317 de
2524 2273 2763 2331 Schepen
2794 2288 3036 2349 beneden

917 2348 982 2398 de
1014 2353 1333 2404 sandtplaet
1365 2359 1462 2407 om,
1493 2363 1589 2408 tot
1620 2364 1845 2416 omtrent
1876 2372 2005 2422 voor
2035 2379 2099 2425 de
2131 2380 2325 2434 doelen
2354 2391 2740 2455 alwaerleggen
2769 2412 2961 2464 bleeff

912 2474 1061 2523 tot
1108 2480 1254 2526 den

806 2591 901 2637 7:e
931 2592 1027 2638 d„o
1056 2594 1151 2642 dat
1180 2598 1525 2651 (naharewyse
1555 2607 1649 2654 een
1679 2610 1992 2666 goedendagh
2022 2621 2180 2670 wesen
2209 2627 2243 2674 )
2270 2628 2334 2676 's
2364 2628 2585 2682 morgens
2614 2638 2802 2692 vroegh
2831 2648 2957 2697 uijt

899 2712 960 2760 de
990 2714 1232 2762 galeijen
1260 2719 1622 2772 optlandstrat
1652 2728 1834 2777 endena
1862 2734 1924 2781 't
1952 2738 2075 2788 hoff
2102 2745 2286 2798 gingh,
2313 2755 2435 2804 daer
2463 2761 2556 2810 den
2582 2768 2764 2821 Jongen
2793 2777 3004 2831 Coningh

868 2839 968 2887 end
997 2841 1128 2888 alle
1159 2844 1224 2890 de
1255 2846 1481 2894 grooten
1513 2847 1609 2893 hun
1641 2847 1834 2894 quamen
1867 2849 2158 2901 Sombaijen
2188 2858 2319 2909 ende
2348 2866 2768 2933 bewellecommen

2827 2898 2916 2947 1

641 2981 773 3030 adij
804 2979 903 3026 9:e
933 2977 1032 3022 d:o
1063 2977 1194 3026 send
1225 2982 1324 3030 den
1354 2986 1548 3035 Capado
1580 2989 1872 3039 ongadingh
1903 2994 2002 3040 een
2032 2997 2390 3059 dienaerinde
2420 3016 2582 3067 logie
2613 3023 2874 3081 doorwien
2904 3034 3002 3083 ons

704 3078 1001 3140 aenseggen
1033 3095 1166 3143 laet
1198 3097 1265 3143 op
1297 3100 1495 3149 morgen
1527 3104 1726 3153 souden
1757 3109 1825 3157 te
1856 3113 1988 3160 hove
2021 3115 2417 3174 verschijnen:
2448 3131 2582 3181 omme
2613 3137 2714 3187 den
2744 3144 2975 3198 Coningh

893 3218 992 3267 tot
1021 3216 1379 3268 wellecompst
1409 3224 1473 3270 te
1505 3224 1795 3276 begroeten
1826 3232 1955 3280 waer
1987 3236 2052 3283 op
2083 3240 2180 3287 bij
2211 3242 2310 3290 den
2339 3247 2726 3307 opper-oopman
2756 3264 2981 3316 Antonio

895 3332 988 3379 van
1018 3335 1359 3391 Broeckhorst
1388 3347 1574 3399 wierde
1604 3354 1945 3411 g'antwoordt
1974 3367 2069 3415 dat
2098 3371 2222 3418 daer
2252 3373 2347 3419 toe
2376 3375 2562 3427 gereet
2592 3383 2777 3433 souden
2807 3388 2996 3442 maeken

877 3460 946 3506 te
976 3463 1179 3515 wesen,
1206 3471 1310 3519 als
1342 3474 1444 3523 ons
1475 3479 1609 3528 quam
1642 3483 2042 3537 waerschouwen
2074 3493 2342 3543 wanneert
2374 3499 2475 3547 een
2507 3503 2674 3554 goede
2706 3510 2809 3560 tyt
2839 3517 2973 3565 obas

846 3580 969 3630 met
1005 3589 1480 3651 welcqrapport
1519 3606 1718 3659 weder
1756 3615 2155 3688 vertrock,—

648 3704 780 3758 adij
810 3706 938 3753 10:'
967 3710 1063 3757 d:o
1093 3713 1346 3766 smorgens
1376 3722 1661 3774 vervongen
1690 3731 1787 3780 ons
1816 3737 1881 3783 op
1910 3739 2289 3798 d'onbiedingh
2319 3755 2417 3804 van
2444 3762 2573 3813 gem:
2601 3771 2792 3823 Capado
2821 3780 2983 3834 onga„

839 3827 1037 3876 „dingh
1067 3832 1134 3880 te
1166 3836 1331 3886 Hove,
1362 3842 1461 3890 met
1493 3846 1855 3903 vereeringe:
1886 3859 2018 3910 omme
2049 3866 2116 3914 de
2148 3869 2346 3919 maij:t
2377 3876 2640 3932 oversyne
2671 3888 2836 3939 weder
2867 3895 2935 3945 om

2513 4026 2879 4078 compste

0 455 24 500 en
