3560 4937
1188 417 1338 470 syde
1368 421 1450 470 op
1485 417 1561 464 te
1598 415 1861 461 brengen
1897 414 2196 463 werdende
2232 416 2382 464 vele

1141 543 1289 593 „ver
1324 540 1508 587 mogen
1544 535 1729 585 waren
1765 534 1912 581 hare
1948 533 2169 580 dorpen
2204 533 2279 580 en
2315 531 2645 583 schiappen
2681 538 3012 587 ontrocken
3047 537 3219 585 Item

1173 652 1515 710 ongadingh
1551 650 1704 697 oocq
1741 646 1968 693 eenige
2006 646 2196 692 syner
2233 646 2575 696 Soldaten,
2610 651 2801 698 omdat
2839 653 2952 700 met
2990 650 3296 701 tidelijk

1149 783 1418 843 genoech
1455 778 1571 827 tot
1608 765 2032 822 insamelingh
2068 767 2568 817 sorgegedragen
2606 773 2874 822 hadden,
2911 776 3066 822 waer
3104 776 3219 822 bij
3257 775 3335 822 te

1202 900 1629 974 bespennenis,
1664 898 1770 944 dat
1805 897 1877 943 de
1911 895 2090 943 mai:t
2124 900 2231 947 ons
2266 902 2549 948 eenelijk
2583 901 2656 948 nu
2690 900 2833 945 nogh
2868 898 3010 945 maer
3045 899 3116 944 op
3151 890 3329 943 houde

1165 1060 1258 1114 de
1298 1039 1566 1102 bylede
1609 1024 1963 1083 Chinesen
2005 1022 2448 1074 vertrocken
2492 1027 2801 1074 bennen:
2845 1027 3066 1074 omdat
3107 1026 3388 1074 gaerne

1186 1189 1306 1241 syn
1343 1174 1581 1232 schult
1619 1165 1895 1218 voldoen
1931 1161 2169 1207 soude,
2209 1161 2524 1209 waeromme
2561 1162 2680 1209 den
2718 1161 2955 1209 Capado
2994 1162 3350 1217 Ongadingh

1132 1314 1390 1368 qualijk
1425 1308 1537 1357 ons
1573 1300 1868 1352 vertrecq
1905 1294 2089 1345 durff
2126 1289 2568 1339 soliciteren,
2604 1288 2679 1334 te
2715 1286 2863 1333 meer
2899 1282 3195 1331 telckens
3231 1274 3352 1326 met

1202 1434 1312 1480 een
1348 1426 1496 1478 swij
1532 1421 1679 1470 gert
1716 1416 1937 1466 betelt
1971 1411 2120 1459 word
2155 1403 2450 1455 'twelcke
2486 1402 2560 1448 by
2597 1402 2707 1448 ons
2744 1398 3037 1447 overwogh
3073 1393 3332 1443 wesende

1201 1543 1405 1592 selffs
1437 1538 1540 1587 met
1573 1536 1641 1583 de
1674 1527 1979 1580 Schippers
2011 1525 2080 1572 en
2112 1521 2282 1569 onder
2315 1518 2688 1566 Coopluijden
2721 1518 2891 1564 nae't
2924 1516 3060 1565 hoff
3089 1512 3297 1560 gingen

1190 1660 1331 1712 omme
1365 1658 1436 1705 de
1467 1648 1680 1702 missie
1714 1644 1853 1691 ende
1888 1635 2202 1689 betalinge
2235 1633 2306 1678 te
2340 1631 2655 1678 vorderen,
2689 1631 2863 1679 edogh
2896 1625 3107 1675 konden
3140 1621 3362 1669 voorde

1167 1773 1395 1826 maij=t
1431 1769 1547 1818 met
1583 1754 2039 1814 verschijnen,
2076 1752 2304 1801 echter
2342 1746 2721 1795 bleveninde
2757 1738 3175 1789 Cancelerije
3212 1735 3366 1782 stil

1195 1905 1403 1956 sitten
1437 1897 1576 1949 ende
1607 1890 1714 1940 ons
1746 1881 2023 1933 somtijts
2056 1878 2161 1926 met
2196 1878 2472 1924 weijnigh
2506 1878 2644 1924 hope
2678 1877 2782 1923 van
2814 1871 2955 1923 goed
2987 1868 3023 1914 e
3058 1863 3369 1913 uijtcomst

1191 2032 1405 2079 sonder
1440 2025 1655 2076 effect
1688 2015 1975 2068 voedende
2010 2012 2118 2060 tot
2153 2010 2403 2058 omtrent
2438 2008 2546 2054 als
2581 2009 2724 2056 coot
2758 2007 3009 2056 Jongens
3044 2004 3187 2052 byde
3221 1998 3368 2048 drie

1192 2169 1417 2217 uijren
1454 2162 1680 2213 hadden
1715 2152 1980 2206 blijven
2017 2145 2505 2195 sittenwachten
2543 2146 2693 2192 dagh
2731 2145 2881 2191 noch
2918 2142 3068 2190 maer
3105 2138 3331 2187 anders

1173 2297 1329 2352 geen
1366 2290 1673 2341 bescheyt
1711 2283 2017 2334 entregen
2054 2280 2170 2327 dan
2208 2280 2323 2326 dat
2360 2280 2476 2327 den
2513 2276 2781 2326 Coningh
2819 2275 3049 2320 geseyt
3085 2263 3293 2319 hadde

1177 2425 1330 2476 alse
1367 2422 1555 2469 emmer
1592 2416 1967 2466 vertrecken
2000 2407 2229 2460 willen
2266 2406 2380 2453 soo
2416 2403 2680 2452 mogense
2710 2406 2829 2453 tot
2864 2401 3129 2451 overden
3164 2400 3356 2449 droge

1201 2554 1384 2603 vant
1430 2547 1797 2599 Hompiens
1842 2542 2117 2592 Eyland
2162 2541 2485 2588 beneden
2527 2541 2622 2588 de
2664 2537 2943 2586 groote
2986 2537 3269 2587 Basaer

1192 2684 1276 2729 de
1318 2673 1822 2729 Schepenlaten
1863 2667 2158 2718 affgaen
2200 2666 2326 2711 ick
2368 2666 2578 2712 kanse
2620 2667 2788 2713 niet
2829 2665 3082 2712 houden
3121 2655 3377 2709 waerme

1208 2810 1414 2861 weder
1454 2807 1536 2854 na
1576 2802 1783 2852 huijs
1819 2800 2068 2851 gingen
2108 2799 2272 2849 ende
2312 2798 2436 2845 den
2476 2798 2641 2847 heer
2679 2796 3008 2847 ongeveer
3048 2795 3090 2842 t
3130 2797 3172 2842 ½
3211 2793 3376 2841 mijl

1206 2943 1606 2994 affgedreven
1643 2940 1861 2988 sijnde
1896 2936 2043 2984 nogh
2077 2933 2262 2981 desen
2297 2935 2480 2982 avond
2515 2936 2698 2983 voort
2733 2934 2879 2980 liet
2915 2933 2989 2979 en
3024 2932 3319 2979 deurgaen

1168 3096 1335 3146 ende
1372 3077 1949 3138 Hillegersbergh
1990 3074 2155 3123 den,

1020 3237 1147 3285 20.
1187 3240 1229 3285 e
1268 3230 1396 3283 d:o
1435 3220 1771 3272 Smorgens
1811 3217 1938 3263 met
1980 3217 2105 3263 den
2147 3216 2315 3265 dagh
2355 3221 2482 3266 als
2522 3222 2816 3274 wanneer
2855 3228 2983 3275 een
3024 3227 3316 3274 cleynen

1215 3371 1481 3424 Capado
1523 3363 1878 3416 terlogie
1921 3358 2365 3408 quamleggen
2401 3362 2498 3409 de
2535 3362 2717 3411 may.
2761 3362 2805 3408 t
2848 3362 3114 3414 geseyt
3154 3366 3380 3415 hadde

1199 3506 1352 3555 alle
1388 3493 1846 3550 d'invoorraet
1883 3489 2150 3538 wesende
2182 3492 2377 3543 sijde
2414 3498 2605 3545 soude
2642 3497 2946 3552 gelevert
2984 3507 3174 3554 woord
3212 3509 3292 3559 en

1182 3641 1501 3699 weijnigh
1538 3636 1739 3687 later
1777 3634 1936 3682 doet
1974 3629 2094 3677 ons
2133 3626 2253 3673 den
2292 3626 2648 3679 mandorijn
2688 3634 3045 3687 ongadingh
3084 3643 3164 3689 te
3202 3643 3362 3690 hove

1194 3776 1422 3827 koepen
1458 3770 1763 3821 werwarts
1801 3770 1877 3815 op
1914 3765 2104 3816 stond
2141 3761 2369 3809 ginger
2406 3759 2558 3806 daer
2596 3759 2824 3809 komene
2860 3762 3013 3809 quam
3050 3760 3357 3807 deselven

1224 3907 1308 3953 na
1349 3905 1684 3954 weijnigh
1725 3898 2060 3949 wachtens
2100 3887 2352 3941 voorde
2393 3886 2602 3933 Corps
2644 3888 2980 3938 dugnarde
3019 3896 3147 3945 bij
3187 3902 3354 3954 ons,

2920 4061 3237 4119 seggen

734 281 969 350 Julio
1012 277 1153 324 ao.
1198 275 1387 331 1646

2507 418 2624 464 tot
2662 419 3087 471 voldoeninge
3124 426 3242 475 on¬
