3587 4937
885 282 1150 341 January
1187 282 1263 329 ao
1299 285 1451 332 1646

882 835 1035 884 adij
1072 834 1185 881 5:e

1250 477 1392 525 groot
1417 474 1561 525 stuck
1589 471 1872 519 indenavond
1901 471 2042 518 deur,
2070 473 2156 521 met
2184 477 2467 527 vrundelijk
2495 483 2779 533 discoursen
2806 487 3034 534 seggende
3060 490 3119 538 in
3145 494 3292 548 allen

1242 598 1460 649 gevalle
1490 591 1707 642 daerhem
1736 589 1954 635 mochten
1985 589 2202 635 vandoen
2232 591 2419 639 hebben
2449 594 2604 640 onsen
2635 594 2789 640 vrund
2820 594 3192 644 blijvenwilde
3221 600 3315 650 nae

1237 707 1440 760 twelcke
1468 705 1697 752 (omtrent
1726 704 1954 751 tusschen
1983 706 2042 751 10
2068 707 2126 753 en
2154 707 2212 752 11
2240 707 2383 753 myren
2412 707 2613 752 sijnde)
2640 708 2870 755 terlogie
2898 710 3099 759 gingen.
3126 715 3157 761 /

1214 830 1307 878 d:o
1336 824 1521 874 lieten
1552 822 1706 869 aende
1736 825 2135 874 Frluytschepen
2164 830 2288 876 heer
2318 832 2440 877 ende
2471 832 2932 885 Hillegaersbergh
2960 841 3086 891 door
3113 849 3178 896 d'
3205 853 3362 912 onder

1257 956 1449 1008 Coopl:k
1475 955 1531 1001 de
1557 950 1803 999 placcaten
1829 947 2047 997 afflesen
2073 947 2182 993 ende
2209 947 2291 993 ten
2316 945 2563 992 behoorl:k
2589 947 2753 994 paetse
2779 949 2835 996 op
2861 952 2918 998 de
2942 955 3215 1010 stneplighe
3241 966 3298 1015 en
3320 973 3356 1023 —

1256 1080 1484 1127 aenslaen
1512 1082 1570 1128 op
1598 1083 1684 1129 dat
1712 1083 1827 1128 yder
1854 1082 1998 1128 weten
2026 1083 2198 1130 moghte
2225 1085 2312 1130 hoe
2339 1086 2454 1131 ende
2482 1084 2682 1131 waernae
2710 1084 2825 1130 sigh
2852 1084 2910 1129 te
2939 1084 3196 1135 reguleren
3223 1091 3369 1145 hadde

1254 1217 1477 1267 omtrent
1508 1215 1636 1261 dese
1668 1214 1986 1261 doncquinse
2017 1213 2179 1261 natie
2209 1217 2305 1265 tot
2336 1216 2719 1266 voorcomminge
2750 1215 2846 1262 van
2878 1217 3038 1265 veele
3068 1221 3357 1277 onheijlen

1240 1356 1361 1404 daer
1389 1354 1480 1400 van
1509 1353 1748 1400 verleden
1778 1353 2016 1399 saijsoen
2046 1354 2166 1400 nogh
2195 1355 2523 1403 d'exempelen
2553 1358 2643 1404 tot
2671 1355 2852 1403 schade
2880 1353 3032 1402 vande
3058 1354 3241 1403 Comp:e

1232 1487 1659 1534 passeerden

990 1628 1545 1687 Ondertusschen
1587 1628 1929 1675 comenons
1970 1628 2099 1675 des
2141 1628 2441 1676 Princen
2483 1629 2825 1676 dickongh
2867 1625 3081 1674 quans
3123 1624 3337 1669 volck

1256 1758 1471 1807 roepen,
1500 1752 1744 1802 derwarts
1772 1748 1866 1797 met
1896 1746 1987 1793 een
2017 1744 2230 1790 cleijne
2260 1744 2565 1791 vereeringe
2594 1745 2777 1793 gingen
2808 1748 2929 1794 ende
2959 1747 3082 1794 daer
3111 1741 3325 1790 gekomen

1256 1878 1474 1928 wesende
1504 1873 1754 1922 nagedane
1784 1869 2097 1917 reverentie
2125 1869 2345 1916 deselve
2376 1869 2812 1916 presenteerden,
2842 1865 2999 1913 diese
3029 1864 3373 1911 danckelijck

1246 1995 1480 2049 ontfingh
1509 1994 1625 2040 ende
1653 1994 1740 2041 ons
1769 1996 1856 2041 met
1884 1995 2030 2040 eeten
2058 1994 2175 2040 ende
2204 1992 2465 2039 danicken:
2494 1991 2812 2039 mitsgaders,
2841 1989 3045 2036 dansen,
3073 1992 3247 2039 Spelen
3275 1995 3372 2046 end

1238 2134 1410 2186 singen
1436 2128 1606 2178 sijner
1633 2124 1830 2172 vrouwen
1858 2124 1914 2170 t'
1942 2123 2083 2170 onser
2109 2117 2335 2168 vermaecq
2362 2117 2475 2163 heel
2502 2114 2812 2162 treffelijke
2838 2110 3148 2158 onthaelden,
3176 2113 3260 2158 tot
3288 2112 3375 2160 des

1244 2252 1420 2300 avonds
1449 2250 1624 2297 dattet
1652 2248 1857 2295 begonde
1886 2246 2061 2293 donder
2090 2246 2148 2292 te
2177 2246 2382 2292 werden,
2410 2245 2498 2292 als
2527 2242 2731 2290 wanneer
2759 2242 3053 2290 vrundelijk
3080 2245 3373 2294 affscheijt

1140 2370 1383 2420 genomen
1417 2370 1695 2416 hebbende
1729 2369 2180 2416 wederterlogie
2215 2371 2459 2417 keerden
2492 2373 2562 2419 /.

928 2481 1071 2530 adij
1106 2482 1212 2530 6:e
1248 2484 1354 2530 d:o
1389 2482 1532 2529 drie
1567 2483 1992 2532 Coningendagh
2028 2487 2240 2533 werden
2276 2487 2559 2536 vanveele
2595 2491 2808 2539 groote
2842 2494 3055 2541 heeren
3091 2496 3374 2553 versoght

1251 2603 1571 2651 eerstelijk
1603 2603 1795 2649 vanden
1826 2604 2018 2651 Jongen
2050 2605 2241 2651 Prince
2273 2603 2530 2650 duckongh
2560 2606 2688 2655 thoo
2719 2610 2847 2655 ende
2878 2609 2976 2655 syn
3007 2610 3362 2658 grootmoeder

1250 2721 1338 2768 die
1366 2719 1455 2766 wij
1482 2716 1571 2763 met
1600 2715 1688 2761 een
1716 2715 1920 2760 cleyjne
1949 2714 2241 2761 vereeringe
2269 2716 2618 2770 beschoncken,
2648 2725 2736 2771 ten
2763 2726 2997 2773 respecte
3026 2728 3084 2773 't
3113 2728 3347 2775 demoeder

1243 2840 1437 2888 vandes
1468 2840 1726 2886 Coninghs
1757 2841 2174 2892 aengenaempste
2205 2843 2527 2892 vrouwesij,
2557 2841 2687 2888 ende
2718 2842 3040 2888 dierhalven
3071 2844 3201 2890 suck
3231 2845 3361 2892 goet

1243 2964 1489 3012 onthael
1520 2966 1664 3013 sijn
1698 2968 1944 3017 Hoogh:t
1978 2971 2049 3016 by
2084 2969 2295 3016 sonder
2329 2970 2435 3018 wel
2469 2973 2539 3019 te
2574 2973 2750 3020 nemen
2785 2974 2960 3020 staet
2994 2972 3100 3019 als
3135 2972 3312 3021 meer„

1235 3097 1386 3143 andre
1417 3097 1567 3143 goede
1597 3096 2019 3149 consideratien,
2048 3104 2109 3149 te
2138 3103 2290 3149 breet
2319 3104 2410 3150 van
2439 3104 2590 3150 stuck
2620 3104 2710 3149 tot
2740 3102 2891 3148 stuck
2921 3102 2981 3148 te
3011 3102 3342 3149 verhandelen

1230 3229 1390 3279 onder
1421 3230 1673 3276 tusschen
1704 3231 1831 3280 send
1861 3236 1957 3281 den
1987 3237 2177 3284 Capado
2208 3240 2491 3290 Ongadingh
2523 3245 2680 3291 omden
2710 3242 2995 3291 Capiteijn
3027 3235 3375 3287 Broeckhorst

1241 3363 1336 3409 dat
1365 3363 1460 3409 met
1491 3363 1803 3410 vereeringe
1834 3365 1928 3412 syn
1957 3365 2147 3416 maij:t
2176 3372 2302 3419 (die
2332 3375 2395 3421 op
2425 3377 2613 3426 morgen
2644 3382 2706 3428 te
2737 3382 3049 3429 vertrecken
3080 3377 3298 3427 stonde—

1248 3503 1308 3548 om
1337 3503 1665 3549 saccrasitie
1695 3503 1755 3549 te
1784 3505 1905 3551 doen
1933 3507 1993 3554 in
2022 3509 2292 3560 desselffs
2320 3516 2558 3566 pagoden)
2587 3520 2677 3565 tot
2706 3519 3005 3568 affscheijt
3034 3521 3184 3567 soude
3211 3516 3364 3566 komen

1246 3644 1559 3693 Sombaeijen
1590 3646 1840 3693 'twelcke
1868 3645 2214 3693 Excuseerden
2244 3647 2308 3693 op
2337 3650 2495 3700 sijne
2523 3655 2806 3703 pijnelijk
2835 3654 2930 3700 h:t
2961 3655 3117 3700 aende
3148 3654 3338 3702 tanden

1229 3778 1361 3825 waer
1393 3778 1524 3824 door
1556 3777 1850 3825 desselffs
1883 3778 2079 3825 tangen
2111 3777 2210 3822 vry
2242 3776 2374 3823 dick
2404 3778 2700 3825 geswollen
2732 3779 2961 3826 bleven,
2993 3773 3223 3822 welcken

1244 3898 1425 3949 Capado
1455 3901 1756 3946 'tresposte
1785 3900 1996 3946 bekomen
2025 3896 2297 3945 hebbende.
2326 3897 2687 3947 persoonelijk
2716 3898 2837 3944 inde
2866 3896 3018 3943 logie
3047 3895 3228 3942 compt,
3258 3895 3359 3942 als

2913 4022 3243 4071 wanneer
