3587 4883
821 388 1003 438 Partije
1028 389 1210 439 matten,
1234 395 1441 447 stoelen,
1465 403 1671 454 bancken,
1696 409 1929 461 taeffers,
1953 417 2134 469 timbes,
2159 425 2390 473 daetdlies
2416 427 2493 473 als
2518 425 2673 471 andere
2698 427 2776 472 noo
2800 426 3135 475 twendicheden,
3161 430 3393 484 huijsraet

912 464 984 510 kor
1008 465 1297 517 gereetschap,
1321 472 1370 518 de
1393 474 1634 525 rommelinge
1657 481 1779 527 vande
1802 483 2067 534 bottelerije
2090 490 2140 536 in
2163 492 2355 539 Combuijs

1173 590 1229 638 de
1255 592 1584 647 naervolgende
1611 603 1804 652 boecken
1829 608 1940 657 ende
1966 613 2214 666 pampieren
2239 622 2404 669 blyven
2431 624 2486 669 op
2512 622 2623 668 dato
2649 623 2732 669 bij
2759 624 2814 670 't
2841 625 3032 671 Contoir
3060 625 3114 670 te
3141 624 3280 676 weten

803 694 860 743 5.
880 684 991 735 stel
1018 684 1205 734 Negotie
1230 689 1419 741 boecken
1442 697 1524 745 des
1549 701 1763 751 Contoirs
1788 707 2081 760 Nangasacqui
2107 715 2293 762 teweten
2320 717 2373 762 1.
2400 716 2506 762 ster
2532 715 2613 762 van
2638 718 2692 763 a.
2718 718 2745 763 o
2771 718 2905 765 1641:
2931 719 3011 764 1d.
3037 719 3064 764 o
3091 719 3170 764 van
3196 718 3251 764 42

1029 757 1051 802 1
1071 758 1156 806 d.o.
1175 762 1240 808 van
1259 764 1323 812 43.
1343 768 1365 813 1
1384 769 1449 817 do.
1468 773 1533 820 van
1552 776 1617 825 44.
1636 781 1721 830 ende
1740 785 1762 830 1
1782 785 1826 832 d.
1845 788 1888 834 o.
1908 789 1971 835 van
1991 789 2034 835 A.
2055 790 2098 836 o.
2117 787 2223 837 1645.

812 833 869 882 5.
896 833 1115 883 factuijr
1141 839 1332 890 boecken
1358 846 1496 896 vande
1521 852 1685 903 Jaeren
1711 859 1905 912 voorsz.

818 907 871 954 6.
898 907 1003 955 stel
1028 910 1397 966 logieboeckjens
1421 922 1501 969 des
1526 925 1683 975 voorsz
1710 930 1946 978 Comptoirs
1971 933 2052 980 van
2076 936 2129 983 a.
2155 939 2182 984 o
2207 940 2286 985 40.
2311 939 2391 984 tot
2417 937 2549 984 1645.

817 981 869 1028 6.
892 984 994 1034 dagh
1018 989 1246 1042 registers
1270 998 1347 1045 des
1371 1001 1522 1050 voorn:
1547 1005 1775 1052 Contoirs.
1799 1008 2001 1055 gehouden
2025 1010 2178 1060 zedert
2202 1016 2227 1062 4
2252 1016 2479 1063 februarij
2504 1016 2630 1062 1639.
2656 1015 2731 1061 tot
2756 1012 2807 1059 29
2831 1007 3034 1056 November
3058 1006 3160 1052 1645
3184 1005 3388 1052 incluijs

812 1065 866 1111 4.
891 1067 1078 1117 boecken
1102 1073 1315 1125 daerinne
1340 1081 1605 1133 geschreven
1631 1087 1737 1134 zijn
1763 1088 1817 1134 d'
1842 1090 2081 1141 ontfangen
2106 1097 2160 1143 en
2186 1098 2477 1146 affgesonden
2503 1099 2715 1145 Missiven
2740 1095 2900 1143 zedert
2926 1095 2979 1140 11
3005 1088 3243 1139 februarij
3269 1088 3380 1137 1639

1116 1150 1212 1198 tot
1241 1155 1306 1202 18
1336 1158 1589 1209 november
1619 1164 1777 1211 1645.

819 1218 878 1265 1.
905 1221 1164 1272 sententie
1191 1228 1250 1275 en
1277 1230 1536 1282 resolutie
1564 1238 1708 1284 boeck
1736 1239 1794 1285 de
1822 1239 2081 1290 Comptoirs
2108 1243 2310 1293 Firando
2337 1247 2453 1293 ende
2482 1241 2799 1292 nangasacqui

826 1296 888 1342 1.
916 1298 1216 1351 Jnstructie
1244 1308 1394 1358 boeck
1423 1314 1514 1363 des
1541 1318 1691 1365 voorn
1721 1318 1870 1365 Compt

836 1372 1157 1429 specificatie
1181 1386 1422 1437 boeckjens
1446 1393 1528 1442 van
1553 1398 1846 1451 mondcosten,
1872 1407 2005 1453 huijs
2031 1409 2271 1461 oncosten.
2297 1416 2669 1465 Extraordinarij
2695 1419 2935 1465 oncosten,
2960 1417 3174 1463 oncosten
3200 1417 3280 1462 van

1109 1453 1395 1508 Coopmansz.
1422 1463 1624 1516 scheeps
1649 1472 1936 1528 Equipagien
1963 1485 2020 1530 &.
2048 1486 2078 1532 a
2104 1488 2276 1535 zedert
2304 1491 2362 1537 ao
2389 1493 2532 1540 1640.
2560 1496 2646 1543 tot
2673 1498 2759 1544 Ao.
2785 1488 2931 1542 1645.

847 1513 1199 1578 Specificatien
1224 1534 1307 1583 van
1332 1539 1550 1593 Ongelden
1574 1549 1629 1595 op
1655 1550 1710 1597 de
1736 1553 1900 1604 reijse
1925 1560 2034 1609 naer
2059 1566 2196 1616 Jedo,
2222 1572 2492 1623 mitsgaders
2518 1578 2572 1623 de
2599 1578 2788 1624 Memorie
2814 1579 2949 1626 vande
2976 1576 3273 1626 schenckagie

1105 1600 1188 1651 aen
1212 1607 1321 1657 sijn
1346 1613 1669 1671 kaiserlijcke
1693 1627 1829 1677 Maij.
1853 1634 1882 1680 t
1907 1636 1962 1683 en
1986 1640 2227 1695 Rijxraden
2254 1650 2307 1697 &.
2334 1652 2361 1697 a
2388 1652 2415 1697 t
2441 1652 2602 1699 zedert
2628 1654 2655 1699 A
2682 1654 2708 1699 o
2735 1652 2869 1699 1641.
2895 1651 2976 1697 tot
3002 1652 3030 1697 A
3056 1653 3083 1698 o
3109 1653 3218 1701 1645

791 1681 846 1727 De
871 1677 1064 1727 Negotie
1091 1682 1148 1728 en
1173 1684 1503 1737 specificatie
1529 1694 1722 1745 boecken
1748 1701 2024 1760 mitsgaders
2048 1718 2159 1768 dagh
2185 1724 2432 1775 registers
2458 1730 2513 1776 de
2541 1730 2760 1776 Contoirs
2786 1726 3006 1774 Concquin
3033 1724 3197 1772 vanden

1027 1766 1089 1811 t'
1117 1762 1242 1809 Jare
1271 1764 1426 1814 1642.
1454 1770 1486 1816 ,
1516 1772 1640 1821 1644
1668 1777 1793 1824 ende
1821 1781 1977 1834 1645.

800 1809 882 1859 Een
907 1814 1016 1864 pack
1041 1820 1123 1870 soo
1148 1826 1417 1883 origineele
1442 1839 1524 1886 als
1550 1842 1685 1893 Copie
1710 1849 1952 1901 ontfangen
1978 1857 2195 1909 missiven

798 1876 884 1922 een
911 1877 1025 1928 pack
1053 1883 1115 1932 t.
1135 1892 1336 1947 becomen
1363 1904 1590 1957 facturen
1616 1913 1702 1962 van
1729 1918 1815 1964 Ao.
1842 1920 1984 1971 1641.
2012 1926 2098 1973 tot
2124 1929 2210 1977 Ao.
2238 1933 2379 1978 1645.

791 1945 896 1991 een
928 1947 1103 2002 pack.
1132 1961 1646 2028 Cognoissementen
1678 1984 2021 2039 vandeselve

793 2017 871 2063 een
897 2018 1055 2067 packe.
1079 2023 1366 2084 Attestatien
1391 2040 1470 2089 van
1495 2045 1547 2092 te
1573 2047 1861 2099 cortcomende
1885 2055 2094 2104 goederen
2119 2060 2276 2107 redert
2301 2062 2380 2111 Ao.
2406 2066 2536 2112 1641.
2560 2065 2640 2112 tot
2665 2063 2799 2110 1645.

805 2094 1048 2143 Eijsschen
1073 2099 1156 2148 van
1181 2105 1584 2166 Coopmanschappen
1610 2121 1693 2170 van
1718 2127 2013 2180 verscheijde
2040 2135 2310 2186 quartieren
2335 2141 2470 2189 zeden
2497 2144 2631 2189 1642.
2657 2143 2739 2189 tot
2766 2143 2900 2190 1645.

793 2170 1133 2224 daghregister
1158 2181 1386 2234 gehouden
1412 2191 1497 2239 bij
1524 2195 1610 2243 den
1636 2199 1862 2252 schipper
1890 2207 2059 2260 schaep
2087 2216 2173 2262 en:
2199 2218 2538 2268 ondercoopman
2565 2223 2790 2269 Bijlvelt
2817 2222 2903 2268 van
2930 2221 3015 2266 hun
3042 2219 3355 2266 bejegeningh

1155 2256 1228 2303 in
1261 2260 1440 2314 Nambo
1475 2269 1548 2317 en
1582 2273 1725 2320 Jedo
1760 2276 1878 2325 &=a

816 2311 1017 2365 Memorie
1044 2321 1131 2373 van
1158 2329 1244 2378 den
1272 2333 1473 2384 vercoop
1499 2340 1587 2387 der
1613 2343 1958 2394 aengebrachte
1982 2350 2240 2397 Coopmansz
2269 2351 2440 2397 zedert
2468 2353 2612 2401 1641.
2638 2355 2725 2402 tot
2753 2354 2867 2401 1645

832 2385 1051 2439 Register
1076 2396 1212 2447 boeck
1238 2402 1321 2451 van
1346 2406 1699 2464 d'affgesonden
1726 2420 1915 2468 boecken
1942 2422 1997 2467 en
2023 2421 2242 2469 papieren
2267 2426 2376 2474 redn
2402 2429 2458 2477 a.
2483 2433 2512 2479 o
2538 2435 2646 2481 1640
2673 2435 2755 2482 tot
2781 2435 2919 2482 1645.

816 2476 904 2523 Een
933 2476 1197 2529 obligatie
1225 2485 1313 2532 ten
1341 2488 1518 2540 lasten
1545 2496 1634 2543 van
1662 2499 1837 2548 figien
1867 2503 2014 2553 samma
2039 2508 2158 2554 heer
2187 2509 2275 2556 van
2304 2512 2509 2561 sirando
2537 2516 2625 2563 van
2654 2518 2800 2565 10000
2828 2517 3037 2567 Taijlen

820 2556 904 2606 Een
930 2557 1093 2606 packer
1118 2562 1497 2619 Cognoisementen
1522 2575 1659 2624 vande
1684 2580 1981 2628 affgesonden
2007 2583 2197 2630 factier
2222 2586 2276 2631 en
2303 2586 2466 2634 zedert
2491 2589 2547 2635 a.
2572 2591 2602 2638 o
2626 2594 2761 2640 1641.
2788 2594 2869 2639 tot
2896 2593 2950 2639 A.
2975 2589 3112 2638 1645.

1818 2731 1960 2780 Alle
1991 2736 2205 2784 welcke
2239 2739 2660 2790 bovenstaande
2695 2741 3011 2789 goederen,
3046 2735 3363 2786 contanten

1933 2804 2242 2855 uijt-staande
2268 2810 2501 2859 schulden,
2525 2815 2604 2860 ges
2629 2816 2861 2863 boeckenen
2887 2818 3119 2864 pampieren
3143 2817 3222 2864 als
3247 2815 3402 2863 andere

1939 2875 2282 2929 memudentien/,
2307 2884 2492 2932 bekenne
2517 2888 2596 2935 Jck
2622 2889 2886 2936 ondergesz.
2911 2891 3016 2936 uijt
3043 2891 3200 2936 handen
3226 2887 3384 2935 vanden

1938 2957 1964 3003 E
1986 2955 2140 3003 Pieter
2164 2957 2366 3005 antonisz
2391 2960 2643 3008 overtwater
2669 2963 2971 3011 oppercoopman
2996 2965 3097 3011 ende
3122 2957 3401 3010 opperhoofft

1932 3028 2148 3077 (volgens
2174 3033 2362 3080 d'ordre
2388 3035 2469 3080 van
2495 3035 2550 3081 d'
2576 3037 2656 3083 Ede
2682 3036 2844 3082 Heeren
2870 3037 3005 3082 raden
3031 3037 3112 3083 van
3138 3036 3303 3083 India)

1929 3108 2175 3156 ontfangen
2202 3111 2257 3158 te
2282 3111 2474 3158 hebben,
2500 3113 2745 3160 belovende
2773 3115 2854 3160 van
2881 3114 2936 3160 't
2963 3111 3099 3159 selve
3125 3108 3181 3155 te
3206 3106 3319 3154 doen

1921 3182 1979 3233 't
2007 3189 2151 3240 allen
2177 3196 2348 3246 tijden
2376 3201 2689 3249 behoorlijck
2718 3202 2888 3248 bewijs
2917 3200 2974 3247 en
3001 3193 3201 3244 Reliqua

1930 3266 2206 3315 t'oirconde
2233 3270 2372 3318 hebbe
2398 3273 2536 3322 desen
2564 3277 2646 3323 met
2674 3278 2812 3325 mijne
2839 3275 3201 3327 gewoonelijcke

1940 3346 2421 3398 onderteeckeninghe
2448 3351 2733 3402 bevesticht

1127 3444 1270 3493 In't
1304 3446 1589 3495 Comptoir
1622 3452 2012 3501 Nangasacqui
2045 3454 2224 3504 desen
2256 3458 2366 3505 29.
2399 3462 2471 3509 en
2505 3464 2789 3516 November
2823 3470 2896 3519 A.
2929 3474 2965 3520 o
2998 3472 3177 3523 1645.

2080 3618 2604 3690 Reijnier
2669 3616 2866 3663 van
2931 3606 3194 3663 Tzum
