3567 4801
2720 515 2884 564 904

427 541 766 600 Decembr.
801 541 931 590 Ao.
972 539 1140 588 1645

931 695 981 742 d'
1003 692 1247 739 resterende
1270 690 1367 736 noch
1392 689 1585 735 behouden
1609 687 1755 734 heeft,
1777 683 1924 731 sonder
1946 679 2045 727 eens
2069 679 2118 725 te
2141 679 2359 725 gedencken
2383 679 2553 725 d'selve
2577 674 2795 725 (:vennets
2816 669 2892 718 ons

931 797 1200 849 rechtmatigh
1223 795 1418 842 toecomen
1442 795 1467 841 )
1489 793 1612 841 weder
1635 790 1781 839 aenden
1805 785 2024 835 eyjgenaer
2047 784 2096 829 te
2121 784 2218 830 doen
2241 783 2533 830 restitueren,
2556 777 2873 828 gelijckerwijs

930 920 1035 969 voor
1060 916 1164 964 alle
1189 913 1346 961 andere
1370 907 1553 957 saecken
1577 906 1656 951 een
1680 900 1863 950 Coninck
1888 898 1967 945 aen
1993 893 2304 943 uijtheemsche
2329 887 2615 937 Coopluijden
2639 884 2718 931 die
2742 878 2873 927 onder

921 1038 1024 1090 syne
1047 1030 1251 1082 schaduwe
1276 1024 1454 1075 sitten,
1479 1022 1581 1068 ende
1605 1013 1860 1066 eerlijcken
1882 1004 2240 1058 handeldrijven,
2264 999 2442 1048 behoort
2467 998 2518 1044 te
2543 991 2671 1043 doen,
2691 985 2746 1034 op
2769 978 2848 1028 dat

920 1151 1081 1208 sijnen
1104 1144 1211 1194 naem
1236 1139 1343 1189 ende
1366 1135 1474 1182 faem
1498 1128 1710 1179 daerdeur
1735 1119 2051 1173 vermeerdert,
2077 1117 2182 1163 ende
2208 1115 2287 1162 bij
2312 1113 2444 1159 faute
2471 1110 2549 1158 van
2574 1105 2681 1155 dien
2705 1097 2812 1149 niet
2834 1088 2917 1140 tot

913 1261 1116 1315 schande
1144 1254 1406 1305 vodralle)
1434 1246 1724 1298 volcqueren
1751 1237 1985 1289 gemaeckt
2012 1226 2188 1280 werde,

778 1440 1176 1507 Eijndelijck
1210 1434 1320 1484 dan
1354 1429 1464 1478 soo
1498 1422 1680 1472 gaven
1714 1413 2148 1466 meergemelten
2184 1410 2436 1458 gesandt
2471 1406 2581 1454 met
2615 1403 2724 1450 een
2757 1394 2869 1448 ole

930 1551 1078 1604 aenden
1099 1544 1271 1596 Coninck
1295 1543 1392 1589 sijn
1415 1534 1658 1587 afscheijt,
1681 1530 1779 1578 ende
1802 1529 1851 1575 te
1875 1525 2021 1573 kennen
2044 1525 2093 1570 in
2116 1521 2287 1569 gevalle
2309 1518 2407 1565 sijn
2431 1513 2552 1562 mags.
2576 1511 2601 1557 t
2622 1507 2673 1554 op
2696 1502 2794 1551 onse
2816 1491 3012 1546 meermale

919 1664 1071 1717 gedane
1093 1655 1393 1709 rechtmartige
1416 1647 1641 1699 Claghten,
1665 1643 1765 1692 ende
1788 1635 2037 1687 eerlijcken
2060 1630 2211 1679 handel
2233 1626 2335 1675 geen
2358 1614 2682 1670 considiratije
2704 1600 2905 1657 geliefde

932 1777 989 1828 te
1013 1769 1226 1820 draegen,
1249 1765 1357 1814 maer
1383 1761 1594 1810 voortaen
1620 1756 1726 1806 noch
1751 1753 1805 1800 d'
1830 1749 1963 1797 Boose
1988 1744 2227 1793 begeerten
2252 1741 2332 1788 Van
2358 1739 2464 1785 onse
2490 1725 2860 1784 Contramineurs—

921 1892 1023 1941 door
1048 1887 1226 1936 valsche
1249 1874 1555 1931 beschuldinge
1578 1870 1681 1918 ende
1705 1862 2010 1914 misleijdinge
2034 1860 2111 1907 van
2136 1857 2288 1905 giften
2313 1855 2364 1901 en
2389 1851 2516 1900 gaven
2541 1847 2694 1895 sonder
2716 1840 2870 1890 Verder

929 2004 1105 2055 aensien
1129 2001 1180 2048 en
1203 1998 1255 2045 te
1278 1992 1504 2042 willigen,
1527 1989 1604 2036 dat
1627 1986 1704 2033 dan
1728 1984 1828 2030 oocq
1852 1980 2003 2029 stonde
2027 1979 2078 2024 te
2100 1972 2253 2024 volgen
2276 1968 2402 2016 onsen
2426 1960 2577 2012 hansel
2601 1957 2702 2005 naer
2725 1948 2877 2001 andere

926 2120 1169 2178 platetsen,
1190 2115 1265 2163 die
1287 2111 1361 2159 ons
1384 2107 1482 2155 niet
1504 2097 1771 2151 ontbreecken
1794 2087 2132 2141 transporteren,
2155 2084 2252 2131 ende
2275 2081 2349 2128 ons
2370 2075 2469 2124 noyt
2492 2069 2734 2119 bequarende
2756 2063 2878 2113 Wegen

927 2235 1029 2287 omme
1051 2229 1178 2279 onser
1200 2216 1500 2274 principaelen
1524 2204 1773 2260 Capitaelen
1797 2201 1872 2248 wel
1896 2199 1971 2245 soo
1995 2191 2268 2244 proffitabel
2291 2189 2367 2236 als
2390 2186 2443 2234 In
2464 2180 2591 2229 sijne
2614 2172 2789 2224 magjs:s
2811 2162 2963 2215 landen

925 2349 977 2398 te
998 2332 1291 2392 beneficieren
1312 2320 1556 2376 mancqueren
1579 2317 1725 2365 souden
1750 2315 1846 2362 doch
1871 2309 2089 2360 aengesien
2111 2303 2209 2353 dese
2232 2297 2379 2348 landen
2402 2292 2548 2342 langen
2571 2287 2669 2336 tijt
2691 2271 3031 2330 gefrequenteert

926 2451 1024 2501 ende
1046 2444 1145 2495 onse
1167 2433 1387 2487 fortresse
1410 2429 1485 2477 bij
1506 2422 1630 2472 tijde
1652 2416 1775 2466 vande
1799 2410 1945 2460 vorige
1967 2406 2187 2454 Coningen,
2210 2403 2308 2450 ende
2331 2399 2405 2447 met
2428 2385 2672 2444 bewillinge
2694 2381 2768 2429 der
2791 2371 2940 2424 selver

918 2543 1196 2610 gefundeert
1220 2532 1415 2587 hebben,
1439 2525 1579 2576 waren
1605 2519 1716 2569 niet
1741 2509 2017 2563 voornemens
2044 2499 2373 2554 (onaengesien
2400 2494 2510 2543 geen
2536 2484 2729 2537 tegotie
2755 2476 2952 2528 hadden)

908 2658 992 2708 van
1018 2653 1128 2700 hier
1154 2648 1210 2697 te
1235 2635 1538 2692 vertrecken,
1564 2629 1675 2679 maer
1699 2622 1866 2672 echter
1892 2617 1975 2666 ten
2001 2610 2222 2661 respecte
2247 2605 2331 2653 van
2357 2602 2468 2649 onse
2494 2599 2550 2646 E.
2571 2589 2659 2642 len
2682 2582 2932 2632 dmeesters

938 2765 993 2815 te
1016 2749 1330 2808 Continueren,
1354 2745 1460 2793 ende
1483 2740 1563 2788 bij
1587 2732 1692 2784 onse
1716 2722 1926 2776 defentie
1951 2720 2003 2765 te
2027 2713 2214 2763 blijven

975 3377 1080 3429 Int
1113 3373 1249 3421 Iaer
1281 3362 1554 3417 parthiwa
1588 3353 1859 3407 d'Maendt
1890 3333 2334 3396 wegergeeijvam
2366 3321 2571 3376 naerd'
2601 3306 2808 3365 Nieuwe

954 3491 1109 3543 Smoren
1132 3477 1442 3534 Serangereijl
1464 3473 1519 3522 k.
1543 3466 1672 3517 sendt
1696 3459 1903 3510 benevens
1925 3452 2057 3503 sijne
2080 3446 2211 3495 roete
2233 3439 2364 3489 desen
2389 3432 2518 3483 brief
2541 3423 2697 3475 aenden
2721 3412 3005 3467 hollandtsch

918 3592 1187 3655 gouverneur
1212 3582 1454 3636 aengaende
1479 3576 1613 3625 UEE.:
1637 3565 1826 3621 saecken
1850 3557 2012 3608 hebben
2037 3554 2093 3602 Na
2117 3548 2226 3597 pabo
2251 3544 2306 3592 en
2330 3532 2572 3587 Babouchan
2596 3527 2678 3575 mij
2703 3512 2945 3571 verhaelds

921 3708 1000 3754 ick
1024 3699 1158 3752 segge
1183 3694 1263 3742 dat
1287 3689 1368 3738 die
1391 3684 1473 3733 mij
1497 3678 1657 3728 geeft,
1681 3674 1735 3722 en
1760 3672 1814 3718 is
1838 3670 1919 3717 het
1944 3664 2077 3715 sijne
2103 3659 2235 3709 niet,
2258 3653 2366 3703 maer
2388 3650 2419 3697 u
2442 3640 2602 3691 goedt,
2625 3636 2707 3685 soo
2731 3632 2838 3681 ghij

902 3807 1081 3863 sulcke
1107 3792 1344 3850 goederen
1370 3785 1461 3837 mij
1487 3776 1636 3828 selfs
1663 3769 1812 3820 gaeft
1839 3765 1929 3813 soo
1956 3759 2104 3809 soude
2132 3753 2250 3803 alle
2278 3747 2397 3797 dese
2425 3735 2660 3791 onlusten
2685 3729 2781 3777 wel

920 3904 1247 3961 remedieren,
1275 3900 1395 3948 ende
1421 3896 1455 3944 U
1481 3888 1632 3939 gloot
1660 3883 1781 3931 eere
1809 3871 2077 3926 bewijsen,
2105 3864 2226 3915 stem
2254 3850 2552 3908 alledingen
2579 3846 2671 3895 der
2697 3834 2849 3889 stadt

918 4014 1070 4070 voorts
1091 4007 1169 4059 wel
1193 3995 1490 4050 verseeckert;
1513 3992 1589 4039 met
1613 3985 1836 4037 liberteyt
1858 3980 1984 4029 Cours
2009 3976 2157 4025 nemen,
2180 3973 2281 4021 maer
2304 3969 2355 4017 om
2378 3965 2454 4013 dat
2477 3959 2602 4009 sulcx
2625 3955 2725 4004 niet
2749 3952 3023 4000 gescheetse,

918 4106 1160 4168 gedurende
1185 4101 1291 4150 dese
1316 4094 1553 4145 travalien
1578 4092 1685 4139 noch
1710 4082 2053 4136 tegenwoordigh
2077 4078 2237 4127 sullen
2262 4073 2420 4122 Nababo
2446 4071 2499 4118 en
2525 4063 2762 4115 Babouchan
2785 4054 2920 4108 Ud=to

910 4216 1159 4271 schrijven
1183 4211 1241 4260 en
1267 4205 1488 4255 Mahamado
1514 4194 1901 4249 Eusavertellen,
1926 4193 1983 4240 't
2008 4186 2148 4236 welcq
2175 4182 2285 4229 mijn
2310 4175 2532 4226 meeninge
2560 4173 2615 4220 Is
2640 4166 2753 4216 ende
2779 4152 3000 4209 waermede

915 4330 1010 4379 mij
1039 4312 1384 4374 Contenteren
1413 4303 1578 4356 (uudt

1473 2907 1637 2957 Volght
1662 2905 1717 2950 d'
1741 2895 1934 2950 missive
1959 2890 2069 2939 door
2094 2887 2177 2934 den
2202 2879 2393 2931 Coninck
2419 2878 2501 2923 van
2527 2868 2772 2923 Cornatica
2796 2863 2885 2912 aen

1497 2979 1781 3038 Gouverneur
1809 2975 1895 3024 der
1922 2967 2206 3019 Hollanders
2233 2964 2291 3011 p.
2318 2961 2348 3007 r
2372 2956 2461 3005 den
2488 2947 2687 3000 gesandt
2714 2944 2773 2991 In
2797 2932 2915 2987 dato

1495 3069 1550 3116 25
1571 3057 1791 3112 November
1813 3051 1872 3101 A.
1898 3049 1925 3094 o
1949 3045 2059 3094 1695
2086 3036 2356 3090 geschreven
2380 3030 2571 3080 luijden
2595 3024 2705 3075 naer
2731 3008 2974 3068 translaet

1501 3141 1598 3193 Van
1627 3132 1818 3184 woorde
1847 3129 1913 3175 te
1944 3122 2134 3173 woorde
2165 3120 2261 3166 als
2290 3108 2482 3163 Volght

175 2733 215 2778 en

146 3295 212 3345 n

0 3604 232 3654 derlijck
