3730 4876
554 211 847 270 decemb:
887 196 1055 252 anno
1096 184 1276 239 1646

988 336 1254 393 reverentie
1278 334 1492 380 opmatten
1517 336 1649 383 dight
1676 337 1728 383 by
1754 337 1834 383 hem
1858 333 1992 382 neder
2018 333 2071 378 te
2097 333 2257 384 sitten
2282 340 2442 390 gelast
2466 346 2521 393 en
2545 349 2757 398 defffigh
2783 354 2863 401 als
2888 357 3023 410 boven

978 466 1197 524 onthaelt
1223 460 1412 510 wierden
1438 456 1682 505 beneffens
1708 452 2005 502 verscheijde
2032 452 2410 503 Complementense
2436 459 2544 509 ende
2570 465 2841 515 vrundelijk
2867 471 3114 525 discoursh

966 592 1049 642 die
1073 588 1128 636 te
1153 584 1313 632 genons
1337 580 1579 629 moveerden
1604 581 1684 627 soo
1710 579 1975 627 overs'teen
2001 577 2081 623 als
2107 576 2293 622 t'ander
2319 577 2400 623 van
2425 579 2531 625 geen
2557 579 2716 625 groote
2742 580 3039 630 emportantie

936 711 1042 760 daer
1069 710 1122 756 t'
1147 705 1333 755 elckens
1358 704 1438 750 met
1464 702 1570 749 onse
1596 700 1781 747 antwoor
1807 699 1860 745 de
1886 698 2098 743 apropoos
2123 696 2177 742 op
2202 695 2415 744 dienden,
2440 699 2678 747 gelatende
2704 702 2811 749 sigh
2835 705 3076 757 bijsonder

975 835 1249 884 verblijt,
1278 832 1400 879 over
1430 829 1551 876 onse
1581 823 1824 874 haestige
1853 818 2309 867 wederomrompste,
2339 821 2430 867 die
2459 821 2552 867 hem
2581 823 2643 868 te
2672 824 2917 874 verstaen
2945 831 3096 881 gaven

974 963 1066 1010 nae
1096 961 1219 1008 onse
1248 958 1464 1006 maenden
1495 959 1587 1005 met
1618 953 1832 1004 vroeger
1862 951 1955 997 als
1985 946 2200 996 voorige
2230 944 2385 991 Jaren
2414 946 2537 994 was,
2567 950 2660 996 dat
2690 951 2813 997 oocq
2842 951 3120 1006 soodanige

966 1089 1218 1138 begreep,
1249 1089 1468 1135 vermits
1499 1089 1593 1134 dit
1624 1087 1750 1134 Jaer
1781 1080 2126 1132 nad'annamse
2157 1080 2314 1129 wijse
2341 1081 2408 1129 13
2439 1081 2659 1132 maenden
2689 1086 2846 1133 langh
2877 1086 3003 1133 ware
3029 1081 3066 1130 —

972 1220 1054 1269 met
1081 1218 1188 1265 dese
1213 1216 1268 1262 en
1294 1214 1563 1261 diergelijk
1587 1212 1750 1260 gelijk
1776 1209 2044 1257 discoursen
2071 1211 2285 1260 redelijk
2312 1214 2419 1260 tijt
2446 1214 2660 1261 gepass=t
2687 1215 2928 1262 wbesende,
2954 1218 3044 1266 be„

945 1344 1109 1393 „gonde
1136 1343 1191 1388 op
1217 1341 1272 1388 't
1299 1340 1490 1387 laetste
1517 1340 1572 1386 te
1598 1337 1816 1386 praeten,
1842 1333 1925 1381 van
1952 1333 2061 1379 meer
2088 1335 2169 1380 der
2197 1335 2360 1382 silver
2387 1338 2442 1384 op
2468 1339 2741 1388 leverantie
2765 1341 3013 1391 vansijde—

963 1478 1187 1530 seggende
1214 1477 1298 1522 het
1325 1475 1492 1522 hemwel
1520 1475 1576 1520 om
1603 1474 1659 1519 't
1687 1472 1798 1519 gelt
1825 1469 1937 1517 niet
1965 1467 2020 1514 te
2048 1467 2159 1512 doen
2187 1467 2299 1514 was,
2325 1469 2520 1519 alsoo't
2548 1474 2632 1520 met
2659 1475 2770 1521 syde
2798 1475 2993 1523 betalen

970 1604 1153 1653 wilde:
1183 1608 1305 1654 maer
1334 1608 1548 1654 dienden
1576 1606 1639 1653 te
1669 1602 1973 1651 consideren
2003 1600 2095 1646 den
2125 1600 2399 1651 overleden
2427 1604 2612 1651 Prince
2641 1604 2763 1650 sijn
2794 1605 3038 1652 broeders

967 1734 1027 1781 in
1058 1734 1269 1781 voorige
1299 1734 1451 1781 tyden
1481 1732 1632 1779 hadde
1662 1732 1874 1778 genoten
1904 1730 1965 1777 10
1995 1729 2177 1777 kisten
2206 1730 2448 1779 Jaerlijx
2477 1732 2569 1781 end
2598 1735 2811 1782 wanneer
2840 1737 2932 1783 hem
2961 1739 3091 1791 oock

959 1876 1045 1924 soo
1071 1871 1186 1921 veel
1214 1870 1328 1916 niet
1355 1869 1724 1917 inwillighden,
1752 1871 1922 1917 sonden
1950 1871 2121 1917 emmers
2148 1873 2404 1925 deluijden
2431 1880 2601 1927 meenen
2629 1881 2714 1927 dat
2743 1880 2828 1926 men
2854 1879 2941 1924 hem
2969 1879 3054 1925 soo

966 2013 1117 2060 groot
1148 2014 1269 2060 niet
1299 2010 1632 2059 enachteden,
1662 2012 1783 2058 daer
1813 2012 1936 2058 noch
1964 2014 2086 2060 tans
2116 2015 2358 2062 alsoowel
2388 2014 2600 2060 'tvolle
2630 2014 2812 2061 gebied
2842 2015 2994 2063 overt

934 2153 1094 2201 Rijck
1124 2154 1407 2201 beneffens
1437 2152 1595 2201 synen
1626 2150 1721 2196 H=r
1751 2149 2035 2195 vaderhad.
2066 2149 2130 2196 op
2160 2151 2223 2197 't
2254 2152 2444 2201 welcke
2474 2157 2569 2204 syn
2600 2159 2821 2209 hoogh:t
2850 2162 3070 2211 seggen

948 2298 1138 2347 lieten
1166 2301 1262 2349 ons
1292 2301 1448 2347 sijne
1475 2296 1634 2346 macht
1665 2295 1790 2341 ende
1821 2296 2226 2345 aucthoriteijt
2256 2300 2505 2347 volcomen
2536 2302 2723 2351 bewust
2754 2306 2879 2355 was,
2909 2310 3070 2360 ende—

953 2432 1258 2483 dierhalven
1288 2437 1501 2483 hemoocq
1531 2435 1653 2481 miet
1683 2434 1866 2480 minder
1896 2434 2292 2485 respecteerden
2321 2440 2444 2488 ende
2473 2443 2747 2494 beminden:
2777 2449 2900 2499 maer
2928 2454 3086 2507 omme—

958 2574 1176 2622 meerder
1206 2576 1391 2624 silver
1421 2577 1545 2624 uijt
1575 2576 1792 2624 tekeren
1822 2579 2163 2625 onvermogens
2192 2581 2379 2629 bleven
2408 2585 2718 2634 tenaensien
2748 2590 2873 2637 daer
2902 2594 2995 2640 toe
3024 2596 3063 2646 —

944 2707 1061 2756 geen
1088 2709 1231 2756 ordre
1258 2711 1430 2763 hadden
1457 2718 1543 2765 des
1571 2721 1685 2767 sigh
1712 2721 1855 2770 toghn
1883 2725 2168 2776 gelieffden
2196 2729 2566 2775 gecontenteert
2593 2728 2651 2774 te
2679 2729 2851 2778 houden
2878 2734 2965 2783 met
2991 2739 3077 2786 de.

940 2842 1067 2894 drie
1098 2849 1288 2898 kisten
1318 2854 1445 2900 ende
1476 2856 1760 2905 Coopmans.
1791 2861 1917 2906 sijn
1948 2861 2140 2914 Ex=ten
2167 2870 2263 2917 van
2294 2870 2514 2919 beneden
2546 2873 2892 2923 opgesonden,
2924 2878 3023 2927 tot

945 2988 1159 3034 naerder
1189 2990 1526 3039 gelegenth:t
1555 2994 1648 3042 dat
1678 2998 1832 3048 onsen
1860 3004 2198 3059 hoollandsen
2227 3015 2411 3062 Prince
2441 3018 2564 3064 door
2593 3019 2716 3065 sijn
2745 3015 3054 3065 schrijvens

929 3130 963 3176 (
995 3128 1093 3174 met
1126 3129 1387 3178 Breskens
1419 3133 1682 3180 derwarts
1712 3137 2008 3189 gesonden)
2038 3145 2398 3199 verwittight
2430 3154 2561 3200 moch
2593 3155 2659 3202 te
2691 3157 2855 3204 wesen
2887 3160 3052 3207 wiens

941 3278 1102 3324 ordre
1132 3281 1259 3329 daer
1290 3285 1353 3330 op
1385 3285 1449 3330 te
1480 3285 1797 3333 verwachten
1828 3288 2050 3340 hadden,
2081 3295 2178 3344 den
2208 3301 2399 3348 prince
2429 3304 2714 3352 vraechden
2746 3307 2969 3358 wijders
2999 3314 3094 3364 tot

945 3414 1037 3463 wat
1067 3418 1252 3467 eijnde
1280 3424 1373 3473 den
1401 3429 1646 3482 Capitain
1675 3438 2011 3488 eijgentlijk
2040 3444 2163 3491 over
2192 3447 2315 3496 ende
2344 3452 2618 3500 wedervoer
2648 3452 2740 3499 met
2770 3451 2831 3497 de
2861 3451 3075 3502 Schepen

928 3555 1051 3605 waer
1082 3560 1144 3606 op
1173 3562 1265 3607 hem
1295 3562 1511 3616 geseijt
1540 3572 1726 3624 wierd:
1754 3580 1817 3626 om
1846 3582 1907 3628 in
1938 3582 2213 3632 Japanende
2243 3587 2489 3638 taijonan
2519 3591 2734 3638 sooveel
2764 3593 3072 3642 alderhande

938 3707 1210 3758 hollandse
1239 3709 1359 3754 ende
1388 3710 1896 3765 andrerariteijten,
1925 3721 2017 3769 als
2044 3726 2492 3779 Coopmanschappen
2521 3735 2641 3782 voor
2668 3736 2820 3783 desen
2849 3738 3060 3790 Coningh

935 3850 1052 3902 ende
1077 3851 1196 3897 sijn
1224 3848 1400 3895 Ex=tie
1427 3850 1486 3896 op
1514 3851 1572 3897 te
1601 3851 1776 3900 soeken
1803 3855 1863 3901 en
1891 3857 2180 3909 versamelen
2208 3864 2297 3913 als
2325 3869 2384 3916 te
2410 3871 2614 3917 bekomen
2643 3869 2788 3917 soude
2817 3869 2963 3915 mogen
2990 3869 3020 3915 —

2613 4008 2651 4054 2
2688 4006 2873 4054 wesen

0 389 190 444 sigh

0 501 211 556 selve

0 624 64 672 gh

0 745 16 790 aen

168 757 268 815 ten.

156 875 238 921 ts

120 1123 172 1170 sen

160 628 273 674 met

2877 205 3029 255 703
