<?xml version="1.0" encoding="UTF-8"?>
<PcGts xmlns="http://schema.primaresearch.org/PAGE/gts/pagecontent/2013-07-15">
  <Metadata externalRef="4cb0be6d-a820-4b78-b717-31852d7d0d3b">
    <Creator>Laypa</Creator>
    <Created>2023-09-08T02:19:45</Created>
    <LastChange>2023-09-08T03:38:16</LastChange>
    <Comment>license: CC0</Comment>
    <MetadataItem type="processingStep" name="layout-analysis" value="laypa">
      <Labels>
        <Label value="228a7d24385cff0e51687c00d0e65a2c2a9703d5" type="githash"/>
        <Label value="61334eb4-edff-4af5-b036-b5927f35bbcf" type="uuid"/>
        <Label value="https://hdl.handle.net/10622/VMSCBR" type="laypamodelremote"/>
      </Labels>
    </MetadataItem>
    <MetadataItem type="processingStep" name="region-analysis" value="laypa">
      <Labels>
        <Label value="0a3442b4-835c-44bc-9115-3fd08263a5dc" type="uuid"/>
        <Label value="https://hdl.handle.net/10622/DMAS2T" type="laypamodelremote"/>
      </Labels>
    </MetadataItem>
    <MetadataItem type="processingStep" name="htr" value="loghi-htr">
      <Labels>
        <Label value="9efb3e0ff4338dc6e07d110ac4d435f27f5b0e16&#10;" type="githash"/>
        <Label value="3a9bdaa3-493c-483e-bbb2-f51961b8e5a0" type="uuid"/>
        <Label value="64" type="batch_size"/>
        <Label value="https://hdl.handle.net/10622/X2JZYY" type="loghihtrmodelremote"/>
      </Labels>
    </MetadataItem>
    <MetadataItem type="processingStep" name="word-splitting" value="loghi-htr-tooling"/>
    <MetadataItem type="other" name="dataset" value="https://hdl.handle.net/10622/LVXSBW">
      <Labels>
        <Label value="VOC transcriptions v2 - GLOBALISE" type="name"/>
        <Label value="Dataset in pagexml and txt format, including data card." type="description"/>
        <Label value="https://globalise.huygens.knaw.nl/" type="creator"/>
        <Label value="https://hdl.handle.net/10622/LVXSBW" type="url"/>
      </Labels>
    </MetadataItem>
  </Metadata>
  <Page imageFilename="NL-HaNA_1.04.02_1161_0579.jpg" imageWidth="3567" imageHeight="4801">
    <ReadingOrder>
      <OrderedGroup id="orderedgroup_f7117212-eef2-43e8-819d-4a84e02cab66">
        <RegionRefIndexed index="0" regionRef="region_38250255-d211-4731-b650-fd56933360cb_7"/>
        <RegionRefIndexed index="1" regionRef="region_2994cda0-d891-467e-a816-4f1015398f9b_8"/>
        <RegionRefIndexed index="2" regionRef="region_3308eed4-8f99-40b1-8bfb-5e975220d4aa_3"/>
        <RegionRefIndexed index="3" regionRef="region_ab9abcac-393e-4606-a642-bb9c47534c30_2"/>
        <RegionRefIndexed index="4" regionRef="region_a50924c8-a531-4b22-bac6-2df8f7f32369_1"/>
        <RegionRefIndexed index="5" regionRef="region_7b83e4e3-567e-4406-87c1-1e4d15cf97a5_4"/>
        <RegionRefIndexed index="6" regionRef="region_2eec56ac-cc5f-4644-a46c-aa5c098d674e_6"/>
        <RegionRefIndexed index="7" regionRef="region_589f4f65-6cfe-4abb-b92c-07497f193eb2_5"/>
        <RegionRefIndexed index="8" regionRef="region_68af7b15-8fce-4000-b353-e698298cff51"/>
        <RegionRefIndexed index="9" regionRef="region_850a0a73-9dcd-4082-a224-52b2a52c8947"/>
      </OrderedGroup>
    </ReadingOrder>
    <TextRegion id="region_38250255-d211-4731-b650-fd56933360cb_7" custom="structure {type:page-number;}">
      <Coords points="2755,509 2755,516 2752,519 2752,571 2755,575 2755,582 2759,585 2759,589 2762,592 2762,596 2766,596 2773,603 2780,603 2783,606 2822,606 2825,610 2842,610 2846,613 2884,613 2888,610 2909,610 2912,606 2923,606 2926,603 2933,603 2937,599 2937,596 2943,589 2943,582 2947,578 2947,557 2943,554 2943,519 2940,516 2940,512 2937,509 2933,509 2930,505 2916,505 2912,502 2881,502 2877,498 2790,498 2787,495 2766,495 2759,502 2759,505"/>
      <TextLine id="line_5a848419-3a7f-4ebd-9e68-fef2fc46205e">
        <Coords points="2732,499 2892,498 2908,514 2965,517 2965,590 2885,588 2866,600 2833,600 2825,608 2732,608"/>
        <Baseline points="2768,578 2818,576 2868,574 2918,571 2930,572"/>
        <Word id="word_20ae808c-ca2a-41ba-a9a9-5620e4267859">
          <Coords points="2767,543 2817,541 2867,539 2916,536 2933,537 2929,582 2919,581 2868,584 2818,586 2768,588"/>
          <TextEquiv>
            <Unicode>869</Unicode>
          </TextEquiv>
        </Word>
        <TextEquiv conf="0.9995191368204119">
          <Unicode>869</Unicode>
        </TextEquiv>
        <TextStyle xHeight="40"/>
      </TextLine>
    </TextRegion>
    <TextRegion id="region_2994cda0-d891-467e-a816-4f1015398f9b_8" custom="structure {type:header;}">
      <Coords points="2114,700 2107,693 2100,693 2097,690 2080,690 2076,686 2066,686 2062,683 2048,683 2045,679 2034,679 2031,676 2020,676 2017,672 1999,672 1996,669 1989,669 1986,665 1968,665 1965,662 1947,662 1944,658 1926,658 1923,655 1909,655 1905,652 1885,652 1881,648 1864,648 1860,645 1825,645 1822,641 1794,641 1790,638 1773,638 1770,634 1738,634 1735,631 1679,631 1676,627 1644,627 1641,624 1609,624 1606,620 1602,624 1536,624 1533,627 1512,627 1508,631 1442,631 1439,627 1376,627 1372,631 1369,631 1365,627 1331,627 1327,631 1296,631 1292,634 1254,634 1251,638 1233,638 1230,641 1170,641 1167,638 1156,638 1153,634 1087,634 1083,638 1049,638 1045,641 1028,641 1024,645 1010,645 1007,648 1000,648 996,652 979,652 968,658 961,658 958,662 951,662 947,665 937,665 934,669 906,669 902,672 892,672 881,679 871,676 867,679 860,679 850,686 843,686 839,690 808,704 801,711 791,714 780,725 780,728 770,739 770,742 763,749 763,753 745,770 745,777 738,787 738,805 745,815 777,829 784,836 794,840 801,847 819,854 826,861 829,861 839,868 846,868 850,871 857,871 860,874 881,874 899,864 906,864 909,861 927,857 930,854 934,854 951,843 958,843 968,836 979,836 982,833 1000,829 1010,822 1021,822 1024,819 1031,819 1035,815 1052,812 1062,805 1083,805 1087,801 1111,801 1115,798 1129,798 1132,794 1167,794 1170,791 1188,791 1191,787 1226,787 1230,784 1251,784 1254,780 1292,780 1296,777 1310,777 1313,780 1331,780 1334,777 1498,777 1501,773 1547,773 1550,770 1682,770 1686,766 1926,766 1930,763 1999,763 2003,760 2031,760 2034,756 2048,756 2052,753 2069,746 2080,735 2090,732 2104,718 2104,714"/>
      <TextLine id="line_72a16219-50d4-4692-b384-a0444ee54c84">
        <Coords points="1031,648 1085,647 1125,608 1158,616 1173,604 1213,635 1325,635 1337,647 1353,647 1429,723 1521,660 1553,659 1581,680 1624,680 1652,663 1674,683 1757,603 2309,604 2465,595 2513,639 2765,643 2841,718 2875,691 2970,691 2970,764 2765,764 2753,774 2741,767 2709,778 2644,782 2285,782 1221,762 1157,818 1133,830 1105,825 1055,785 1031,790"/>
        <Baseline points="1067,761 1117,760 1167,756 1217,754 1267,752 1317,751 1367,750 1417,750 1467,750 1517,749 1567,744 1617,748 1667,749 1717,749 1767,749 1817,750 1867,751 1917,751 1967,751 2017,751 2067,751 2117,750 2167,751 2217,750 2267,750 2317,750 2367,750 2417,750 2467,750 2517,750 2567,751 2617,750 2667,749 2717,749 2767,748 2817,748 2867,747 2917,746 2935,746"/>
        <Word id="word_b2c711bd-c5df-4619-a62b-676613523272">
          <Coords points="1066,726 1116,725 1164,721 1216,719 1259,717 1260,762 1217,764 1168,766 1117,770 1067,771"/>
          <TextEquiv>
            <Unicode>Jan</Unicode>
          </TextEquiv>
        </Word>
        <Word id="word_ecec09f3-4bd7-406b-b53d-65b522d991ed">
          <Coords points="1325,715 1367,715 1417,715 1467,715 1516,714 1564,709 1620,713 1668,714 1717,714 1767,714 1818,715 1868,716 1904,716 1904,761 1867,761 1817,760 1767,759 1717,759 1667,759 1616,758 1568,754 1517,759 1467,760 1417,760 1367,760 1324,760"/>
          <TextEquiv>
            <Unicode>Pietersen</Unicode>
          </TextEquiv>
        </Word>
        <Word id="word_4882ec66-b501-4f66-9e77-020347d59683">
          <Coords points="1968,716 2017,716 2067,716 2116,715 2162,716 2162,761 2117,760 2067,761 2017,761 1968,761"/>
          <TextEquiv>
            <Unicode>van</Unicode>
          </TextEquiv>
        </Word>
        <Word id="word_481da5e4-0379-46d9-8989-f347488faf36">
          <Coords points="2224,717 2265,715 2317,715 2367,715 2417,715 2467,715 2517,715 2568,716 2616,715 2666,714 2717,714 2766,713 2817,713 2866,712 2916,711 2935,711 2935,756 2917,756 2867,757 2817,758 2767,758 2717,759 2667,759 2617,760 2567,761 2517,760 2467,760 2417,760 2367,760 2317,760 2268,760 2227,762"/>
          <TextEquiv>
            <Unicode>meerderijck</Unicode>
          </TextEquiv>
        </Word>
        <TextEquiv conf="0.9298047146447126">
          <Unicode>Jan Pietersen van meerderijck</Unicode>
        </TextEquiv>
        <TextStyle xHeight="40"/>
      </TextLine>
    </TextRegion>
    <TextRegion id="region_3308eed4-8f99-40b1-8bfb-5e975220d4aa_3" custom="structure {type:paragraph;}">
      <Coords points="2975,718 2947,690 2909,683 2856,690 2825,700 2787,700 2710,714 2647,711 2560,718 2438,714 2330,700 2114,697 2118,700 2107,718 2069,749 2048,760 2003,763 2020,763 2038,773 2017,787 1871,794 1811,805 1585,808 1425,791 1418,780 1334,780 1320,784 1327,787 1317,794 1282,794 1268,801 1160,812 1129,826 1021,843 1010,854 996,854 982,874 975,899 920,986 920,1056 888,1115 895,1164 881,1209 881,1282 874,1383 867,1411 864,1644 871,1669 871,1700 860,1742 860,1843 867,1867 871,1968 885,2038 885,2157 895,2188 895,2223 902,2247 920,2261 944,2265 989,2258 1153,2261 1230,2247 1324,2240 1372,2223 1414,2164 1442,2150 1512,2136 1554,2139 1742,2118 2330,2118 2390,2108 2626,2108 2797,2094 2853,2076 2919,2066 2961,1986 2961,1951 2968,1930 2968,1902 2957,1885 2968,1819 2954,1763 2943,1634 2950,1606 2947,1561 2954,1536 2954,1498 2968,1397 2968,1313 2975,1300 2971,1216 2978,1202 2978,1150 2985,1111 2971,1042 2971,937 2961,909 2961,881 2975,843 2971,787 2982,773 2982,732"/>
      <TextLine id="bc6d5c2d-d717-436b-b827-beaf6dbe6413">
        <Coords points="995,785 1055,785 1129,836 1217,762 2287,782 2639,782 2647,774 2738,771 2758,789 2790,781 2987,787 2987,860 2910,860 2874,880 2587,883 2419,875 2403,859 2303,856 2295,864 2195,864 2187,872 2099,876 1919,871 1896,888 1840,888 1817,868 1799,867 1756,904 1277,916 1253,895 1121,891 1077,928 995,932"/>
        <Baseline points="1031,867 1081,865 1131,866 1181,866 1231,865 1281,864 1331,864 1381,865 1431,864 1481,863 1531,861 1581,860 1631,857 1681,856 1731,856 1781,854 1831,853 1881,853 1931,851 1981,851 2031,852 2081,851 2131,851 2181,851 2231,850 2281,849 2331,849 2381,848 2431,849 2481,850 2531,851 2581,850 2631,850 2681,849 2731,849 2781,848 2831,847 2881,847 2931,842 2952,842"/>
        <Word id="word_6adebe25-722a-4844-9ba4-b45c9a8c524e">
          <Coords points="1030,832 1080,830 1132,831 1132,831 1132,876 1131,876 1081,875 1031,877"/>
          <TextEquiv>
            <Unicode>jn</Unicode>
          </TextEquiv>
        </Word>
        <Word id="word_b61ef6f6-0433-4b93-a538-f449c68c5b47">
          <Coords points="1182,831 1230,830 1280,829 1331,829 1382,830 1430,829 1480,828 1530,826 1580,825 1629,822 1680,821 1688,821 1688,866 1681,866 1632,867 1581,870 1531,871 1481,873 1431,874 1381,875 1331,874 1281,874 1231,875 1183,876"/>
          <TextEquiv>
            <Unicode>noorwegen,</Unicode>
          </TextEquiv>
        </Word>
        <Word id="word_148afa8c-2ad5-4547-80f4-b9cc02d96e3c">
          <Coords points="1737,821 1779,819 1830,818 1840,818 1840,863 1831,863 1781,864 1739,866"/>
          <TextEquiv>
            <Unicode>jn</Unicode>
          </TextEquiv>
        </Word>
        <Word id="word_fc53988e-24b7-4c65-926e-16399dee9d76">
          <Coords points="1889,818 1929,816 1981,816 2032,817 2080,816 2131,816 2143,816 2143,861 2131,861 2081,861 2031,862 1981,861 1931,861 1891,863"/>
          <TextEquiv>
            <Unicode>jndia</Unicode>
          </TextEquiv>
        </Word>
        <Word id="word_e1f98392-87c0-49d7-98ef-d2ca0b59257e">
          <Coords points="2193,816 2230,815 2280,814 2331,814 2380,813 2432,814 2482,815 2532,816 2547,816 2548,861 2531,861 2481,860 2431,859 2381,858 2331,859 2281,859 2231,860 2194,861"/>
          <TextEquiv>
            <Unicode>gecomen</Unicode>
          </TextEquiv>
        </Word>
        <Word id="word_5ed7d580-16d4-4332-a3ca-d4a9bdcd483e">
          <Coords points="2599,815 2631,815 2680,814 2699,814 2699,859 2681,859 2631,860 2598,860"/>
          <TextEquiv>
            <Unicode>ao</Unicode>
          </TextEquiv>
        </Word>
        <Word id="word_2d153c07-8dfa-4f60-a81a-f150c48db5e4">
          <Coords points="2749,814 2780,813 2830,812 2881,812 2928,807 2952,807 2952,852 2932,852 2881,857 2831,857 2781,858 2750,859"/>
          <TextEquiv>
            <Unicode>1639</Unicode>
          </TextEquiv>
        </Word>
        <TextEquiv conf="0.8775280320241882">
          <Unicode>jn noorwegen, jn jndia gecomen ao 1639</Unicode>
        </TextEquiv>
        <TextStyle xHeight="38"/>
      </TextLine>
      <TextLine id="line_0c363aaa-9ec8-4efe-8e8d-13e6f8226c57">
        <Coords points="877,907 991,907 1031,933 1087,925 1123,892 1255,896 1278,917 1603,917 1643,913 1655,904 1755,905 1802,865 1815,865 1839,888 1895,889 1920,869 2186,874 2194,866 2294,866 2302,858 2406,861 2422,877 2590,884 2975,884 2975,957 2730,951 2716,961 2694,951 2522,955 2486,959 2454,990 2430,1002 2302,1002 2274,981 2234,977 1875,973 1839,974 1811,998 1551,1002 1539,993 1463,993 1443,1010 1287,1018 1211,1053 1159,1061 1151,1069 1051,1064 1019,1036 903,1032 877,1045"/>
        <Baseline points="913,995 963,994 1013,991 1063,988 1113,987 1163,985 1213,983 1263,979 1313,978 1363,977 1413,976 1463,972 1513,969 1563,966 1613,964 1663,962 1713,960 1763,957 1813,956 1863,955 1913,954 1963,954 2013,953 2063,953 2113,952 2163,952 2213,952 2263,952 2313,953 2363,952 2413,950 2463,949 2513,947 2563,945 2613,943 2663,941 2713,941 2763,941 2813,940 2863,938 2913,937 2940,939"/>
        <Word id="word_37e3a212-4342-4918-afc1-a7d08cb19eec">
          <Coords points="912,960 962,959 1011,956 1061,953 1105,952 1106,997 1064,998 1014,1001 963,1004 913,1005"/>
          <TextEquiv>
            <Unicode>medt</Unicode>
          </TextEquiv>
        </Word>
        <Word id="word_9c1780ad-89f2-4774-b535-4aa44ede2e27">
          <Coords points="1150,951 1158,950 1212,948 1260,944 1312,943 1362,942 1395,941 1396,986 1363,987 1313,988 1264,989 1213,993 1164,995 1156,996"/>
          <TextEquiv>
            <Unicode>schip</Unicode>
          </TextEquiv>
        </Word>
        <Word id="word_c3052d56-71e7-4688-9f5e-aa449d77595b">
          <Coords points="1438,941 1457,938 1511,934 1561,931 1612,929 1662,927 1712,925 1761,922 1812,921 1862,920 1912,919 1963,919 1974,919 1974,964 1963,964 1913,964 1863,965 1813,966 1764,967 1713,970 1663,972 1613,974 1564,976 1514,979 1465,982 1445,985"/>
          <TextEquiv>
            <Unicode>leeuwaerden</Unicode>
          </TextEquiv>
        </Word>
        <Word id="word_814d7ca0-4ae1-4c6f-8a97-817d4fa10cb7">
          <Coords points="2023,918 2063,918 2112,917 2163,917 2167,917 2167,962 2163,962 2113,962 2063,963 2023,963"/>
          <TextEquiv>
            <Unicode>den</Unicode>
          </TextEquiv>
        </Word>
        <Word id="word_f5838e5f-5ac8-4729-9dfb-ecb12d31406c">
          <Coords points="2216,917 2263,917 2314,918 2362,917 2407,915 2409,960 2363,962 2313,963 2263,962 2216,962"/>
          <TextEquiv>
            <Unicode>17e„</Unicode>
          </TextEquiv>
        </Word>
        <Word id="word_863c2859-7bc6-4d2f-884c-fcf0f39cd68a">
          <Coords points="2462,914 2468,914 2512,912 2562,910 2612,908 2662,906 2698,906 2698,951 2663,951 2613,953 2563,955 2513,957 2462,959 2456,958"/>
          <TextEquiv>
            <Unicode>junij</Unicode>
          </TextEquiv>
        </Word>
        <Word id="word_695bb652-8234-421a-9c57-9f2ef4ab55b7">
          <Coords points="2747,906 2763,906 2812,905 2862,903 2912,902 2942,904 2939,949 2913,947 2863,948 2813,950 2763,951 2747,951"/>
          <TextEquiv>
            <Unicode>voor</Unicode>
          </TextEquiv>
        </Word>
        <TextEquiv conf="0.8976112660484761">
          <Unicode>medt schip leeuwaerden den 17e„ junij voor</Unicode>
        </TextEquiv>
        <TextStyle xHeight="38"/>
      </TextLine>
      <TextLine id="line_50182a68-e422-4d1f-a3cb-2c2e5bcfbfc1">
        <Coords points="816,1065 834,1065 902,1030 934,1029 942,1037 1022,1037 1050,1064 1150,1069 1158,1061 1198,1057 1290,1018 1441,1010 1461,993 1537,993 1549,1002 1813,998 1845,973 2233,977 2277,981 2305,1002 2428,1002 2460,986 2488,959 2608,958 2683,962 2695,970 2725,955 2752,974 2772,967 2880,966 2901,983 2901,1056 2428,1060 2205,1072 2173,1092 2097,1120 1733,1120 1657,1148 1481,1147 1453,1119 1405,1119 1393,1128 1245,1124 1159,1172 1146,1164 816,1168"/>
        <Baseline points="852,1135 902,1127 952,1122 1002,1116 1052,1112 1102,1111 1152,1107 1202,1103 1252,1100 1302,1096 1352,1093 1402,1094 1452,1092 1502,1089 1552,1085 1602,1082 1652,1079 1702,1076 1752,1073 1802,1071 1852,1067 1902,1065 1952,1063 2002,1062 2052,1061 2102,1061 2152,1060 2202,1060 2252,1059 2302,1058 2352,1056 2402,1054 2452,1052 2502,1050 2552,1049 2602,1048 2652,1046 2702,1044 2752,1044 2802,1043 2852,1039 2866,1038"/>
        <Word id="word_92c53f29-1312-4355-8269-8627631726e2">
          <Coords points="846,1100 896,1092 949,1087 998,1081 1049,1077 1101,1076 1143,1073 1146,1117 1102,1121 1053,1122 1003,1126 953,1132 904,1137 854,1145"/>
          <TextEquiv>
            <Unicode>Bossr„</Unicode>
          </TextEquiv>
        </Word>
        <Word id="word_e2205d2a-bb52-458a-8ac6-a965c092a688">
          <Coords points="1192,1069 1199,1068 1242,1066 1244,1110 1203,1113 1196,1114"/>
          <TextEquiv>
            <Unicode>a</Unicode>
          </TextEquiv>
        </Word>
        <Word id="word_28a416dd-834b-40ea-83a9-34f410a704df">
          <Coords points="1287,1063 1296,1061 1340,1059 1343,1104 1304,1106 1295,1107"/>
          <TextEquiv>
            <Unicode>ƒ</Unicode>
          </TextEquiv>
        </Word>
        <Word id="word_d1fdc9aa-0d00-4c57-bd27-4244c6f3833e">
          <Coords points="1401,1057 1412,1061 1451,1057 1487,1055 1490,1100 1452,1102 1399,1104 1388,1100"/>
          <TextEquiv>
            <Unicode>13</Unicode>
          </TextEquiv>
        </Word>
        <Word id="word_e569c3a4-67dc-46ee-aaca-12814f76e036">
          <Coords points="1533,1052 1547,1050 1600,1047 1650,1044 1700,1041 1750,1038 1801,1036 1849,1032 1901,1030 1951,1028 2001,1027 2029,1026 2030,1071 2002,1072 1952,1073 1902,1075 1853,1077 1802,1081 1753,1083 1703,1086 1653,1089 1603,1092 1553,1095 1539,1097"/>
          <TextEquiv>
            <Unicode>naderhandt</Unicode>
          </TextEquiv>
        </Word>
        <Word id="word_66c53e1b-d137-4bb3-8825-48ab310b2fad">
          <Coords points="2079,1025 2103,1026 2151,1025 2202,1025 2251,1024 2301,1023 2351,1021 2372,1020 2374,1065 2352,1066 2302,1068 2252,1069 2202,1070 2152,1070 2102,1071 2078,1070"/>
          <TextEquiv>
            <Unicode>alhier</Unicode>
          </TextEquiv>
        </Word>
        <Word id="word_af9d7978-78d0-44e1-a117-a8e9a9597889">
          <Coords points="2421,1018 2451,1017 2501,1015 2551,1014 2570,1014 2571,1059 2552,1059 2502,1060 2452,1062 2423,1063"/>
          <TextEquiv>
            <Unicode>aen</Unicode>
          </TextEquiv>
        </Word>
        <Word id="word_c7a85931-47f3-4ecb-833d-ced79e84fd3a">
          <Coords points="2618,1013 2650,1011 2701,1009 2752,1009 2801,1008 2849,1004 2863,1003 2866,1048 2853,1049 2802,1053 2752,1054 2702,1054 2653,1056 2620,1058"/>
          <TextEquiv>
            <Unicode>landt</Unicode>
          </TextEquiv>
        </Word>
        <TextEquiv conf="0.864360942150796">
          <Unicode>Bossr„ a ƒ 13 naderhandt alhier aen landt</Unicode>
        </TextEquiv>
        <TextStyle xHeight="44"/>
      </TextLine>
      <TextLine id="c4b85ab4-519d-4297-8fd7-3ec1d2f92e55">
        <Coords points="834,1168 1148,1166 1168,1180 1196,1152 1295,1104 1391,1107 1403,1119 1455,1119 1483,1147 1655,1148 1731,1120 2094,1120 2182,1088 2717,1084 2737,1100 3014,1097 3014,1170 2961,1170 2949,1182 2538,1182 2502,1217 2478,1221 2082,1224 1891,1220 1883,1212 1507,1212 1483,1229 1427,1233 1032,1232 1020,1241 834,1240"/>
        <Baseline points="870,1230 920,1223 970,1220 1020,1217 1070,1214 1120,1212 1170,1210 1220,1208 1270,1207 1320,1203 1370,1205 1420,1203 1470,1201 1520,1200 1570,1198 1620,1197 1670,1195 1720,1193 1770,1191 1820,1189 1870,1188 1920,1185 1970,1184 2020,1181 2070,1180 2120,1179 2170,1177 2220,1176 2270,1176 2320,1175 2370,1173 2420,1172 2470,1171 2520,1169 2570,1168 2620,1166 2670,1166 2720,1164 2770,1162 2820,1161 2870,1162 2920,1159 2970,1154 2979,1152"/>
        <Word id="word_4d1cdfbf-4ef6-4d8e-89ec-9d51e854fa2c">
          <Coords points="865,1195 915,1188 968,1185 1018,1182 1051,1180 1053,1225 1021,1227 971,1230 921,1233 871,1240"/>
          <TextEquiv>
            <Unicode>voor</Unicode>
          </TextEquiv>
        </Word>
        <Word id="word_680559b9-7a17-4098-a7a9-f40d1b43906b">
          <Coords points="1098,1177 1120,1177 1169,1175 1219,1173 1269,1172 1317,1168 1371,1170 1418,1168 1420,1213 1370,1215 1321,1213 1270,1217 1220,1218 1170,1220 1120,1222 1099,1222"/>
          <TextEquiv>
            <Unicode>soldaet</Unicode>
          </TextEquiv>
        </Word>
        <Word id="word_b2bf3c7f-809c-4560-89e9-a9d627ee69f4">
          <Coords points="1464,1166 1469,1166 1519,1165 1569,1163 1619,1162 1669,1160 1719,1158 1769,1156 1819,1154 1832,1154 1833,1199 1820,1199 1770,1201 1720,1203 1670,1205 1620,1207 1570,1208 1520,1210 1470,1211 1466,1211"/>
          <TextEquiv>
            <Unicode>gedient,</Unicode>
          </TextEquiv>
        </Word>
        <Word id="word_4769a0a3-5674-4469-86b8-95f84f3312e0">
          <Coords points="1876,1153 1918,1150 1969,1149 2018,1146 2061,1145 2062,1190 2021,1191 1970,1194 1921,1195 1879,1198"/>
          <TextEquiv>
            <Unicode>ende</Unicode>
          </TextEquiv>
        </Word>
        <Word id="word_6c1754b4-08ec-4b9e-a857-aa719d328c56">
          <Coords points="2107,1144 2119,1144 2169,1142 2219,1141 2270,1141 2319,1140 2369,1138 2382,1138 2383,1183 2370,1183 2320,1185 2270,1186 2220,1186 2170,1187 2120,1189 2108,1189"/>
          <TextEquiv>
            <Unicode>eenige</Unicode>
          </TextEquiv>
        </Word>
        <Word id="word_3cff6240-13c3-4464-9f7a-9f3605093b21">
          <Coords points="2428,1137 2469,1136 2519,1134 2569,1133 2611,1131 2613,1176 2570,1178 2520,1179 2470,1181 2429,1182"/>
          <TextEquiv>
            <Unicode>tijt</Unicode>
          </TextEquiv>
        </Word>
        <Word id="word_50e00160-741d-4ca7-bdc0-a41feb08cbbe">
          <Coords points="2663,1130 2675,1131 2719,1129 2749,1128 2750,1173 2720,1174 2669,1176 2657,1174"/>
          <TextEquiv>
            <Unicode>'t</Unicode>
          </TextEquiv>
        </Word>
        <Word id="word_aa66cf03-6594-470e-bc40-a4025ec4d5e8">
          <Coords points="2796,1126 2820,1126 2871,1127 2918,1124 2967,1119 2971,1118 2981,1162 2971,1164 2921,1169 2870,1172 2820,1171 2796,1171"/>
          <TextEquiv>
            <Unicode>ampt</Unicode>
          </TextEquiv>
        </Word>
        <TextEquiv conf="0.9534445915751038">
          <Unicode>voor soldaet gedient, ende eenige tijt 't ampt</Unicode>
        </TextEquiv>
        <TextStyle xHeight="36"/>
      </TextLine>
      <TextLine id="line_43f21ea2-cbe1-4c9f-b39f-652253c04f14">
        <Coords points="834,1240 1016,1244 1028,1235 1423,1236 1431,1228 1487,1228 1511,1211 1879,1211 1891,1220 2371,1224 2478,1220 2502,1216 2522,1201 2563,1200 2610,1207 2762,1207 2778,1221 2991,1221 2991,1294 2798,1302 2482,1298 2111,1306 1999,1310 1983,1314 1955,1338 1364,1334 1328,1354 1260,1358 1251,1366 834,1365"/>
        <Baseline points="870,1345 920,1345 970,1341 1020,1337 1070,1335 1120,1332 1170,1330 1220,1328 1270,1327 1320,1325 1370,1324 1420,1324 1470,1322 1520,1320 1570,1317 1620,1315 1670,1314 1720,1312 1770,1310 1820,1309 1870,1308 1920,1306 1970,1304 2020,1303 2070,1301 2120,1299 2170,1297 2220,1296 2270,1295 2320,1293 2370,1292 2420,1291 2470,1290 2520,1288 2570,1287 2620,1287 2670,1286 2720,1284 2770,1283 2820,1282 2870,1280 2920,1278 2956,1276"/>
        <Word id="word_e6ac9c56-9a77-4917-afa2-2a0159465f7c">
          <Coords points="870,1310 920,1310 967,1306 1013,1302 1016,1347 971,1351 920,1355 870,1355"/>
          <TextEquiv>
            <Unicode>van</Unicode>
          </TextEquiv>
        </Word>
        <Word id="word_7d3d0526-f2d2-448a-b653-75eeb169b61b">
          <Coords points="1072,1299 1078,1301 1118,1297 1169,1295 1219,1293 1269,1292 1319,1290 1369,1289 1420,1289 1469,1287 1519,1285 1568,1282 1619,1280 1669,1279 1719,1277 1741,1276 1743,1321 1720,1322 1670,1324 1620,1325 1571,1327 1520,1330 1470,1332 1420,1334 1370,1334 1320,1335 1270,1337 1220,1338 1170,1340 1121,1342 1068,1345 1061,1343"/>
          <TextEquiv>
            <Unicode>landtspassael,</Unicode>
          </TextEquiv>
        </Word>
        <Word id="word_04c2ed0b-1a2c-476c-883a-144674055b73">
          <Coords points="1791,1274 1820,1274 1869,1273 1919,1271 1935,1270 1937,1315 1920,1316 1870,1318 1820,1319 1791,1319"/>
          <TextEquiv>
            <Unicode>tot</Unicode>
          </TextEquiv>
        </Word>
        <Word id="word_44ef822d-618e-46b2-970c-51291f13cd54">
          <Coords points="1985,1268 2020,1268 2069,1266 2119,1264 2169,1262 2219,1261 2227,1261 2228,1306 2220,1306 2170,1307 2120,1309 2070,1311 2020,1313 1985,1313"/>
          <TextEquiv>
            <Unicode>goedt</Unicode>
          </TextEquiv>
        </Word>
        <Word id="word_ae7038b8-76bc-4e20-b160-5aabf4eb6ec3">
          <Coords points="2275,1260 2318,1258 2369,1257 2419,1256 2469,1255 2519,1253 2569,1252 2620,1252 2669,1251 2719,1249 2761,1248 2762,1293 2720,1294 2670,1296 2620,1297 2570,1297 2520,1298 2470,1300 2420,1301 2370,1302 2320,1303 2277,1305"/>
          <TextEquiv>
            <Unicode>contemendt</Unicode>
          </TextEquiv>
        </Word>
        <Word id="word_c39c372e-9d6a-4ca5-b843-31bd27f62218">
          <Coords points="2810,1247 2819,1247 2869,1245 2919,1243 2954,1241 2956,1286 2920,1288 2870,1290 2820,1292 2810,1292"/>
          <TextEquiv>
            <Unicode>van</Unicode>
          </TextEquiv>
        </Word>
        <TextEquiv conf="0.9579659199954589">
          <Unicode>van landtspassael, tot goedt contemendt van</Unicode>
        </TextEquiv>
        <TextStyle xHeight="37"/>
      </TextLine>
      <TextLine id="c8ab54eb-0a41-4050-b064-d961803adbd5">
        <Coords points="841,1365 1250,1366 1263,1358 1327,1354 1363,1334 1954,1338 1982,1314 1998,1310 2909,1309 2934,1319 2934,1392 2753,1392 2493,1408 2461,1412 2417,1436 2330,1464 1011,1464 979,1468 955,1492 841,1496"/>
        <Baseline points="877,1467 927,1462 977,1460 1027,1456 1077,1455 1127,1453 1177,1452 1227,1450 1277,1448 1327,1446 1377,1445 1427,1442 1477,1440 1527,1438 1577,1435 1627,1432 1677,1431 1727,1428 1777,1426 1827,1423 1877,1421 1927,1420 1977,1419 2027,1418 2077,1416 2127,1413 2177,1411 2227,1409 2277,1406 2327,1404 2377,1401 2427,1401 2477,1402 2527,1400 2577,1397 2627,1393 2677,1390 2727,1386 2777,1385 2827,1381 2877,1377 2899,1374"/>
        <Word id="word_c2431b92-a766-4942-829c-580abadecb43">
          <Coords points="874,1432 924,1427 976,1425 1024,1421 1076,1420 1088,1420 1090,1464 1077,1465 1028,1466 977,1470 928,1472 878,1477"/>
          <TextEquiv>
            <Unicode>sijn</Unicode>
          </TextEquiv>
        </Word>
        <Word id="word_f9586cd8-5971-4797-abf4-6eaf2bd3728c">
          <Coords points="1143,1417 1177,1417 1226,1415 1276,1413 1326,1411 1376,1410 1425,1407 1476,1405 1514,1403 1516,1448 1477,1450 1428,1452 1377,1455 1327,1456 1277,1458 1227,1460 1177,1462 1143,1462"/>
          <TextEquiv>
            <Unicode>meerder</Unicode>
          </TextEquiv>
        </Word>
        <Word id="word_0ba485cd-2b77-4035-bf45-ee3e80e69aaa">
          <Coords points="1563,1402 1571,1400 1625,1397 1676,1396 1725,1393 1776,1391 1780,1391 1782,1436 1777,1436 1728,1438 1677,1441 1628,1442 1579,1445 1570,1446"/>
          <TextEquiv>
            <Unicode>mede</Unicode>
          </TextEquiv>
        </Word>
        <Word id="word_98fe2abf-868e-42aa-8c7e-67c483d2468f">
          <Coords points="1834,1388 1876,1386 1926,1385 1976,1384 2026,1383 2076,1381 2125,1378 2176,1376 2226,1374 2275,1371 2326,1369 2375,1366 2420,1366 2420,1411 2378,1411 2327,1414 2278,1416 2227,1419 2177,1421 2128,1423 2077,1426 2027,1428 1977,1429 1927,1430 1877,1431 1835,1433"/>
          <TextEquiv>
            <Unicode>waergenomen</Unicode>
          </TextEquiv>
        </Word>
        <Word id="word_47471fee-79d6-46fd-8f48-41dc813a8d74">
          <Coords points="2484,1368 2487,1369 2526,1365 2575,1362 2624,1358 2675,1355 2724,1351 2776,1350 2824,1346 2874,1342 2894,1339 2900,1384 2878,1387 2828,1391 2777,1395 2728,1396 2678,1400 2628,1403 2578,1407 2527,1410 2474,1412 2471,1411"/>
          <TextEquiv>
            <Unicode>hebbende</Unicode>
          </TextEquiv>
        </Word>
        <TextEquiv conf="0.9639814276203611">
          <Unicode>sijn meerder mede waergenomen hebbende</Unicode>
        </TextEquiv>
        <TextStyle xHeight="40"/>
      </TextLine>
      <TextLine id="b5be37ee-e132-44a8-8b25-f015a9753a67">
        <Coords points="842,1491 956,1491 980,1467 1024,1463 2338,1463 2450,1422 2950,1431 2950,1504 2613,1512 2601,1524 2562,1528 2410,1528 2286,1540 1891,1540 1547,1552 1519,1580 1495,1591 1407,1599 1231,1599 1184,1619 1168,1635 1096,1635 1076,1622 842,1622"/>
        <Baseline points="878,1582 928,1579 978,1578 1028,1576 1078,1571 1128,1564 1178,1561 1228,1558 1278,1556 1328,1552 1378,1548 1428,1544 1478,1541 1528,1539 1578,1536 1628,1534 1678,1531 1728,1530 1778,1529 1828,1527 1878,1525 1928,1525 1978,1524 2028,1522 2078,1520 2128,1519 2178,1519 2228,1518 2278,1516 2328,1514 2378,1511 2428,1510 2478,1507 2528,1505 2578,1504 2628,1503 2678,1501 2728,1498 2778,1497 2828,1494 2878,1490 2915,1486"/>
        <Word id="word_e439c73e-18bd-4a52-9a4c-7c4ebc9b1a16">
          <Coords points="876,1547 926,1544 977,1543 1027,1541 1068,1537 1073,1582 1028,1586 978,1588 929,1589 879,1592"/>
          <TextEquiv>
            <Unicode>ende</Unicode>
          </TextEquiv>
        </Word>
        <Word id="word_264f302f-0049-4720-be11-fdf3b71cfee8">
          <Coords points="1108,1534 1116,1531 1176,1526 1226,1523 1277,1521 1311,1518 1315,1563 1278,1566 1229,1568 1179,1571 1131,1573 1124,1576"/>
          <TextEquiv>
            <Unicode>sich</Unicode>
          </TextEquiv>
        </Word>
        <Word id="word_aa2e0344-4fc2-4b0d-b0b4-80c98a640787">
          <Coords points="1359,1514 1375,1513 1425,1509 1476,1506 1527,1504 1576,1501 1627,1499 1676,1496 1727,1495 1777,1494 1797,1493 1799,1538 1778,1539 1728,1540 1679,1541 1628,1544 1579,1546 1528,1549 1479,1551 1429,1554 1379,1558 1363,1559"/>
          <TextEquiv>
            <Unicode>deurgaens</Unicode>
          </TextEquiv>
        </Word>
        <Word id="word_21c290f2-387d-4394-b2ef-c6a22f86bf6d">
          <Coords points="1846,1491 1877,1490 1928,1490 1977,1489 1992,1488 1993,1533 1978,1534 1928,1535 1878,1535 1848,1536"/>
          <TextEquiv>
            <Unicode>wel</Unicode>
          </TextEquiv>
        </Word>
        <Word id="word_64f46153-0344-427e-87e5-d445f84b05e8">
          <Coords points="2040,1486 2077,1485 2127,1484 2178,1484 2227,1483 2277,1481 2327,1479 2376,1476 2427,1475 2476,1472 2527,1470 2577,1469 2627,1468 2671,1466 2673,1511 2628,1513 2578,1514 2528,1515 2479,1517 2428,1520 2379,1521 2328,1524 2278,1526 2228,1528 2178,1529 2128,1529 2078,1530 2042,1531"/>
          <TextEquiv>
            <Unicode>comporteeren,</Unicode>
          </TextEquiv>
        </Word>
        <Word id="word_a598b85e-d2fb-4be8-87e6-d30b8114be10">
          <Coords points="2715,1465 2722,1464 2777,1462 2826,1459 2875,1455 2911,1451 2916,1496 2879,1500 2829,1504 2778,1507 2730,1508 2723,1509"/>
          <TextEquiv>
            <Unicode>wert</Unicode>
          </TextEquiv>
        </Word>
        <TextEquiv conf="0.9607246161142423">
          <Unicode>ende sich deurgaens wel comporteeren, wert</Unicode>
        </TextEquiv>
        <TextStyle xHeight="37"/>
      </TextLine>
      <TextLine id="line_9ae95ee5-255a-4b8d-a01e-606fe854b9f8">
        <Coords points="835,1623 1077,1623 1097,1636 1165,1636 1181,1620 1268,1581 1504,1593 1548,1553 1616,1553 1628,1544 2287,1541 2407,1532 2967,1542 2967,1615 2806,1613 2782,1630 2327,1630 2255,1642 2115,1689 1919,1689 1895,1668 1612,1669 1592,1689 1552,1709 1376,1764 1364,1763 1336,1736 1208,1736 1173,1732 1157,1716 1133,1716 1097,1717 1069,1745 897,1740 858,1767 835,1772"/>
        <Baseline points="871,1707 921,1701 971,1697 1021,1692 1071,1688 1121,1684 1171,1680 1221,1678 1271,1675 1321,1673 1371,1670 1421,1668 1471,1665 1521,1662 1571,1659 1621,1655 1671,1650 1721,1646 1771,1643 1821,1640 1871,1636 1921,1632 1971,1632 2021,1629 2071,1626 2121,1624 2171,1622 2221,1619 2271,1619 2321,1617 2371,1615 2421,1614 2471,1613 2521,1612 2571,1611 2621,1608 2671,1608 2721,1606 2771,1602 2821,1599 2871,1598 2921,1596 2932,1597"/>
        <Word id="word_09b005b2-a770-4f50-b428-5dd1042484f6">
          <Coords points="867,1672 917,1666 964,1662 967,1707 922,1711 872,1717"/>
          <TextEquiv>
            <Unicode>op</Unicode>
          </TextEquiv>
        </Word>
        <Word id="word_a25af2fe-8914-4d9f-8311-6a16dcd4b70b">
          <Coords points="1007,1659 1013,1658 1068,1653 1118,1649 1168,1645 1204,1644 1206,1689 1172,1690 1122,1694 1072,1698 1023,1702 1017,1703"/>
          <TextEquiv>
            <Unicode>sijn</Unicode>
          </TextEquiv>
        </Word>
        <Word id="word_7b1085f5-9b6d-4cf0-823c-23160a6d962e">
          <Coords points="1250,1642 1268,1640 1320,1638 1369,1635 1420,1633 1469,1630 1519,1627 1569,1624 1618,1620 1668,1615 1718,1611 1769,1608 1819,1605 1826,1604 1830,1649 1822,1650 1772,1653 1722,1656 1672,1660 1622,1665 1572,1669 1522,1672 1472,1675 1421,1678 1372,1680 1321,1683 1272,1685 1255,1687"/>
          <TextEquiv>
            <Unicode>vertooghende</Unicode>
          </TextEquiv>
        </Word>
        <Word id="word_b6cc0d99-64dc-4727-b7f7-68241e3ec473">
          <Coords points="1874,1601 1918,1597 1971,1597 2019,1594 2069,1591 2120,1589 2170,1587 2219,1584 2271,1584 2320,1582 2370,1580 2420,1579 2452,1578 2452,1623 2421,1624 2371,1625 2321,1627 2271,1629 2222,1629 2171,1632 2121,1634 2072,1636 2022,1639 1971,1642 1922,1642 1877,1646"/>
          <TextEquiv>
            <Unicode>bequaemheijt</Unicode>
          </TextEquiv>
        </Word>
        <Word id="word_ad517a13-12e9-48f8-b7b9-e0a601796e27">
          <Coords points="2500,1577 2520,1577 2570,1576 2619,1573 2644,1573 2644,1618 2622,1618 2571,1621 2521,1622 2500,1622"/>
          <TextEquiv>
            <Unicode>Bij</Unicode>
          </TextEquiv>
        </Word>
        <Word id="word_1fb979f3-a632-4855-92a5-d82149c1fd86">
          <Coords points="2690,1573 2719,1571 2768,1567 2819,1564 2870,1563 2920,1561 2935,1562 2931,1607 2921,1606 2871,1608 2822,1609 2772,1612 2722,1616 2693,1618"/>
          <TextEquiv>
            <Unicode>desen</Unicode>
          </TextEquiv>
        </Word>
        <TextEquiv conf="0.9499845703302643">
          <Unicode>op sijn vertooghende bequaemheijt Bij desen</Unicode>
        </TextEquiv>
        <TextStyle xHeight="43"/>
      </TextLine>
      <TextLine id="bf5a8693-9b15-431b-92b5-c9a591d8e1ed">
        <Coords points="829,1772 855,1768 895,1743 1067,1744 1095,1717 1131,1716 1155,1716 1171,1731 1207,1735 1335,1735 1363,1763 1375,1764 1551,1709 1627,1664 1899,1668 1923,1689 2115,1689 2235,1652 2635,1652 2643,1660 2804,1663 2804,1736 2427,1739 2383,1763 1887,1771 1859,1775 1847,1787 1603,1786 1555,1795 1351,1795 1091,1807 931,1819 903,1847 879,1855 829,1855"/>
        <Baseline points="865,1818 915,1813 965,1809 1015,1806 1065,1802 1115,1797 1165,1793 1215,1790 1265,1787 1315,1781 1365,1776 1415,1775 1465,1773 1515,1772 1565,1768 1615,1765 1665,1762 1715,1760 1765,1757 1815,1755 1865,1753 1915,1751 1965,1748 2015,1745 2065,1743 2115,1741 2165,1739 2215,1735 2265,1733 2315,1732 2365,1731 2415,1730 2465,1729 2515,1727 2565,1726 2615,1724 2665,1721 2715,1720 2765,1717 2769,1718"/>
        <Word id="word_498cb41a-aeb7-4af0-9dbc-63f15b1b92cd">
          <Coords points="862,1783 912,1778 962,1774 1013,1771 1062,1767 1062,1767 1066,1812 1066,1812 1016,1816 966,1819 916,1823 866,1828"/>
          <TextEquiv>
            <Unicode>jnde</Unicode>
          </TextEquiv>
        </Word>
        <Word id="word_913d2a6a-3614-431f-a7fa-ac6dbd6486c1">
          <Coords points="1112,1762 1162,1758 1213,1755 1263,1752 1311,1746 1362,1741 1364,1741 1366,1786 1365,1786 1316,1791 1266,1797 1216,1800 1166,1803 1116,1807"/>
          <TextEquiv>
            <Unicode>selve</Unicode>
          </TextEquiv>
        </Word>
        <Word id="word_aa78efdc-c470-4c1d-bfe2-7b532091be47">
          <Coords points="1414,1740 1464,1738 1514,1737 1562,1733 1613,1730 1663,1727 1714,1725 1763,1722 1814,1720 1864,1718 1914,1716 1915,1716 1917,1761 1915,1761 1865,1763 1815,1765 1766,1767 1715,1770 1666,1772 1616,1775 1566,1778 1515,1782 1465,1783 1416,1785"/>
          <TextEquiv>
            <Unicode>qualiteijt</Unicode>
          </TextEquiv>
        </Word>
        <Word id="word_d25fd5e9-49b8-440c-bc03-9a3486a7e642">
          <Coords points="1965,1713 2013,1710 2064,1708 2114,1706 2116,1706 2118,1751 2115,1751 2065,1753 2016,1755 1967,1758"/>
          <TextEquiv>
            <Unicode>van</Unicode>
          </TextEquiv>
        </Word>
        <Word id="word_dd4fdd2e-42de-46c6-9dfd-a2eee62d580e">
          <Coords points="2164,1704 2212,1700 2264,1698 2314,1697 2364,1696 2414,1695 2464,1694 2514,1692 2564,1691 2614,1689 2663,1686 2714,1685 2763,1682 2777,1684 2767,1728 2766,1727 2715,1730 2666,1731 2615,1734 2565,1736 2515,1737 2465,1739 2415,1740 2365,1741 2315,1742 2265,1743 2216,1745 2168,1749"/>
          <TextEquiv>
            <Unicode>lantspassaet</Unicode>
          </TextEquiv>
        </Word>
        <TextEquiv conf="0.8947573813400067">
          <Unicode>jnde selve qualiteijt van lantspassaet</Unicode>
        </TextEquiv>
        <TextStyle xHeight="35"/>
      </TextLine>
      <TextLine id="af70f492-55eb-4810-9611-a3b18b50888d">
        <Coords points="837,1854 895,1850 935,1818 1091,1806 1242,1806 1250,1798 1550,1798 1558,1790 1602,1785 1850,1786 1862,1774 1886,1770 2365,1766 2397,1754 2581,1749 2988,1749 3021,1775 3021,1849 3012,1855 2852,1854 2836,1867 2792,1871 2768,1871 2759,1862 2593,1858 2349,1867 2321,1871 2249,1927 2057,1931 1818,1926 1794,1918 1306,1919 1274,1938 1214,1958 837,1957"/>
        <Baseline points="873,1929 923,1925 973,1922 1023,1919 1073,1916 1123,1913 1173,1911 1223,1908 1273,1907 1323,1905 1373,1903 1423,1901 1473,1899 1523,1897 1573,1895 1623,1891 1673,1890 1723,1887 1773,1884 1823,1883 1873,1881 1923,1878 1973,1876 2023,1874 2073,1872 2123,1870 2173,1867 2223,1865 2273,1863 2323,1862 2373,1859 2423,1856 2473,1854 2523,1851 2573,1848 2623,1846 2673,1843 2723,1840 2773,1837 2823,1835 2873,1832 2923,1830 2973,1829 2986,1831"/>
        <Word id="word_a269462c-5750-40e4-b8c7-bf6a8fbb9ee3">
          <Coords points="870,1894 920,1890 971,1887 1021,1884 1071,1881 1121,1878 1172,1876 1221,1873 1272,1872 1322,1870 1346,1869 1348,1914 1323,1915 1273,1917 1224,1918 1173,1921 1124,1923 1074,1926 1024,1929 974,1932 924,1935 874,1939"/>
          <TextEquiv>
            <Unicode>bevesticht,</Unicode>
          </TextEquiv>
        </Word>
        <Word id="word_da3f5051-c9ec-4c03-a3e6-c6ed84ab5a79">
          <Coords points="1389,1867 1422,1866 1472,1864 1522,1862 1562,1860 1563,1905 1523,1907 1473,1909 1423,1911 1391,1912"/>
          <TextEquiv>
            <Unicode>ende</Unicode>
          </TextEquiv>
        </Word>
        <Word id="word_0c0b2cd9-ede6-40f8-9b68-5547c83efa64">
          <Coords points="1601,1859 1618,1856 1672,1855 1721,1852 1771,1849 1822,1848 1863,1846 1865,1891 1823,1893 1774,1894 1724,1897 1673,1900 1625,1901 1608,1904"/>
          <TextEquiv>
            <Unicode>d'novo</Unicode>
          </TextEquiv>
        </Word>
        <Word id="word_b30836ef-f36f-4bfc-ade1-3d1db8346707">
          <Coords points="1904,1845 1919,1843 1972,1841 2022,1839 2072,1837 2079,1837 2081,1882 2073,1882 2023,1884 1973,1886 1924,1888 1909,1890"/>
          <TextEquiv>
            <Unicode>voor</Unicode>
          </TextEquiv>
        </Word>
        <Word id="word_bea2dda0-fb14-45de-9bfe-2eb6d501009e">
          <Coords points="2121,1835 2171,1832 2222,1830 2272,1828 2322,1827 2337,1826 2340,1871 2323,1872 2273,1873 2223,1875 2174,1877 2124,1880"/>
          <TextEquiv>
            <Unicode>drije</Unicode>
          </TextEquiv>
        </Word>
        <Word id="word_d79991b2-b348-424c-b3c0-e904f35753b7">
          <Coords points="2380,1824 2421,1821 2472,1819 2521,1816 2571,1813 2597,1812 2598,1857 2574,1858 2524,1861 2473,1864 2424,1866 2383,1868"/>
          <TextEquiv>
            <Unicode>naest</Unicode>
          </TextEquiv>
        </Word>
        <Word id="word_02a792c9-4aa8-463c-82b1-1bdeffd75e48">
          <Coords points="2639,1810 2671,1808 2721,1805 2771,1802 2822,1800 2871,1797 2922,1795 2972,1794 2991,1796 2984,1841 2973,1839 2923,1840 2874,1842 2823,1845 2774,1847 2724,1850 2674,1853 2642,1855"/>
          <TextEquiv>
            <Unicode>volgend'</Unicode>
          </TextEquiv>
        </Word>
        <TextEquiv conf="0.9205987247041549">
          <Unicode>bevesticht, ende d'novo voor drije naest volgend'</Unicode>
        </TextEquiv>
        <TextStyle xHeight="44"/>
      </TextLine>
      <TextLine id="d5a111f5-494d-4d90-a9df-8843749b6336">
        <Coords points="838,1957 1212,1958 1284,1934 1308,1918 1792,1917 1816,1925 2084,1930 2252,1926 2304,1889 2748,1890 2812,1882 2937,1882 2937,1955 2892,1950 2876,1963 2812,1983 2480,1987 2448,2003 2360,2003 2352,2011 2092,2015 2036,2010 2020,2002 1672,2007 1660,2019 1624,2023 1476,2023 1457,2042 1440,2046 1356,2046 1336,2030 984,2039 972,2042 896,2117 884,2105 838,2105"/>
        <Baseline points="874,2041 924,2036 974,2033 1024,2030 1074,2028 1124,2024 1174,2021 1224,2019 1274,2016 1324,2014 1374,2011 1424,2009 1474,2006 1524,2004 1574,2002 1624,2001 1674,1997 1724,1994 1774,1993 1824,1991 1874,1991 1924,1991 1974,1989 2024,1987 2074,1984 2124,1981 2174,1978 2224,1976 2274,1973 2324,1970 2374,1967 2424,1964 2474,1961 2524,1958 2574,1955 2624,1952 2674,1949 2724,1947 2774,1945 2824,1943 2874,1941 2902,1937"/>
        <Word id="word_412440f4-7460-47f6-897b-9cb286643d8d">
          <Coords points="871,2006 921,2001 972,1998 1022,1995 1073,1993 1121,1989 1172,1986 1184,1986 1186,2031 1175,2031 1125,2034 1074,2038 1025,2040 975,2043 925,2046 875,2051"/>
          <TextEquiv>
            <Unicode>jaeren</Unicode>
          </TextEquiv>
        </Word>
        <Word id="word_3b9b24c0-508e-46b0-a90e-cc7199800f3a">
          <Coords points="1235,1984 1272,1981 1323,1979 1372,1976 1423,1974 1472,1971 1523,1969 1573,1967 1623,1966 1671,1962 1722,1959 1773,1958 1809,1957 1810,2002 1774,2003 1725,2004 1675,2007 1624,2011 1574,2012 1524,2014 1475,2016 1424,2019 1375,2021 1324,2024 1275,2026 1238,2028"/>
          <TextEquiv>
            <Unicode>aengenomen,</Unicode>
          </TextEquiv>
        </Word>
        <Word id="word_d171ff0b-5037-4da3-9304-916f795582a4">
          <Coords points="1866,1955 1878,1956 1924,1956 1973,1954 2023,1952 2072,1949 2120,1946 2123,1991 2075,1994 2024,1997 1974,1999 1924,2001 1873,2001 1861,1999"/>
          <TextEquiv>
            <Unicode>onder</Unicode>
          </TextEquiv>
        </Word>
        <Word id="word_7d0cf1bb-b1de-42b7-bc9f-d10095e608d4">
          <Coords points="2173,1943 2223,1941 2272,1938 2322,1935 2328,1935 2331,1980 2325,1980 2275,1983 2224,1986 2174,1988"/>
          <TextEquiv>
            <Unicode>een</Unicode>
          </TextEquiv>
        </Word>
        <Word id="word_00b73881-8c03-438e-b4f1-e48bbc251025">
          <Coords points="2380,1932 2422,1929 2472,1926 2522,1923 2572,1920 2622,1917 2672,1914 2723,1912 2773,1910 2823,1908 2873,1906 2897,1902 2903,1947 2874,1951 2824,1953 2774,1955 2724,1957 2675,1959 2625,1962 2575,1965 2525,1968 2475,1971 2425,1974 2383,1977"/>
          <TextEquiv>
            <Unicode>belooningh</Unicode>
          </TextEquiv>
        </Word>
        <TextEquiv conf="0.9401901301810512">
          <Unicode>jaeren aengenomen, onder een belooningh</Unicode>
        </TextEquiv>
        <TextStyle xHeight="36"/>
      </TextLine>
      <TextLine id="eb726a72-11cb-4ffd-b6f3-05188071b14b">
        <Coords points="809,2114 823,2106 883,2106 896,2117 971,2042 1043,2042 1135,2030 1334,2029 1354,2049 1426,2050 1454,2042 1474,2025 2354,2011 2362,2003 2449,2003 2481,1987 2745,1987 2841,1978 2894,1986 2910,2002 2910,2076 2589,2088 2565,2107 2370,2107 2334,2135 2174,2134 2150,2122 2025,2118 1722,2119 1646,2123 1634,2135 1590,2135 1570,2151 1486,2155 1422,2142 1358,2142 1267,2182 1187,2173 1159,2194 847,2193 809,2214"/>
        <Baseline points="845,2164 895,2154 945,2149 995,2145 1045,2142 1095,2139 1145,2136 1195,2135 1245,2133 1295,2131 1345,2128 1395,2124 1445,2121 1495,2118 1545,2115 1595,2112 1645,2108 1695,2103 1745,2104 1795,2105 1845,2102 1895,2099 1945,2098 1995,2097 2045,2095 2095,2093 2145,2091 2195,2089 2245,2087 2295,2085 2345,2085 2395,2084 2445,2083 2495,2081 2545,2079 2595,2077 2645,2075 2695,2073 2745,2072 2795,2070 2845,2064 2875,2058"/>
        <Word id="word_a69d3128-6c71-49c5-b9d3-616697e27ccf">
          <Coords points="838,2130 888,2120 942,2114 983,2111 986,2156 946,2159 897,2164 847,2174"/>
          <TextEquiv>
            <Unicode>van</Unicode>
          </TextEquiv>
        </Word>
        <Word id="word_d9b80907-8268-4573-9f61-3d590bb6a413">
          <Coords points="1033,2107 1045,2107 1093,2104 1143,2101 1194,2100 1244,2098 1294,2096 1343,2093 1392,2089 1443,2086 1493,2083 1503,2082 1506,2127 1496,2128 1446,2131 1396,2134 1346,2138 1295,2141 1245,2143 1195,2145 1146,2146 1096,2149 1045,2152 1033,2152"/>
          <TextEquiv>
            <Unicode>vijffthien</Unicode>
          </TextEquiv>
        </Word>
        <Word id="word_f9d513ce-6e98-4f3e-93d9-ec2edc622973">
          <Coords points="1550,2080 1593,2077 1642,2073 1692,2068 1746,2069 1796,2070 1843,2067 1881,2065 1883,2110 1846,2112 1795,2115 1745,2114 1696,2113 1646,2118 1596,2122 1553,2125"/>
          <TextEquiv>
            <Unicode>guld„ns</Unicode>
          </TextEquiv>
        </Word>
        <Word id="word_5f8022b1-d325-42d2-afeb-b9bfa9490b5b">
          <Coords points="1933,2062 1948,2063 1994,2062 2044,2060 2071,2059 2072,2104 2045,2105 1995,2107 1944,2108 1929,2107"/>
          <TextEquiv>
            <Unicode>ter</Unicode>
          </TextEquiv>
        </Word>
        <Word id="word_e6ea21ac-0fd3-4350-aab0-94fa4cddf54f">
          <Coords points="2118,2057 2144,2056 2194,2054 2244,2052 2294,2050 2345,2050 2355,2050 2356,2095 2345,2095 2295,2095 2245,2097 2195,2099 2145,2101 2120,2102"/>
          <TextEquiv>
            <Unicode>maent</Unicode>
          </TextEquiv>
        </Word>
        <Word id="word_044069d1-439a-4a1b-a0bd-aaf4db770ff4">
          <Coords points="2402,2049 2444,2048 2494,2046 2544,2044 2594,2042 2644,2040 2694,2038 2744,2037 2794,2035 2841,2029 2868,2024 2877,2068 2846,2074 2795,2080 2745,2082 2695,2083 2645,2085 2595,2087 2545,2089 2495,2091 2445,2093 2403,2094"/>
          <TextEquiv>
            <Unicode>innegaende</Unicode>
          </TextEquiv>
        </Word>
        <TextEquiv conf="0.8981923745468916">
          <Unicode>van vijffthien guld„ns ter maent innegaende</Unicode>
        </TextEquiv>
        <TextStyle xHeight="41"/>
      </TextLine>
      <TextLine id="ee1f0bdc-2a34-40a9-8006-cf90520c5872">
        <Coords points="852,2192 1166,2192 1186,2175 1262,2184 1329,2156 1350,2167 1467,2169 1467,2242 1422,2241 1410,2250 1310,2250 1250,2310 1117,2314 1082,2301 852,2297"/>
        <Baseline points="888,2257 938,2256 988,2252 1038,2249 1088,2249 1138,2247 1188,2243 1238,2238 1288,2235 1338,2233 1388,2228 1432,2224"/>
        <Word id="word_155dfe6e-82c9-4836-92dd-a0d6060cc3ac">
          <Coords points="887,2222 937,2221 985,2217 1036,2214 1088,2214 1104,2213 1106,2258 1088,2259 1039,2259 989,2262 938,2266 888,2267"/>
          <TextEquiv>
            <Unicode>dato</Unicode>
          </TextEquiv>
        </Word>
        <Word id="word_6a35d9bc-4997-4b4f-9266-164b3c03799b">
          <Coords points="1156,2211 1184,2208 1235,2203 1286,2200 1337,2198 1385,2193 1429,2189 1433,2234 1389,2238 1338,2243 1289,2245 1239,2248 1189,2253 1161,2256"/>
          <TextEquiv>
            <Unicode>deses</Unicode>
          </TextEquiv>
        </Word>
        <TextEquiv conf="0.9624480935239142">
          <Unicode>dato deses</Unicode>
        </TextEquiv>
        <TextStyle xHeight="36"/>
      </TextLine>
    </TextRegion>
    <TextRegion id="region_ab9abcac-393e-4606-a642-bb9c47534c30_2" custom="structure {type:paragraph;}">
      <Coords points="874,2414 867,2442 892,2505 864,2554 836,2669 860,2714 864,2752 829,2937 829,2993 846,3035 860,3118 850,3181 864,3373 860,3463 871,3609 895,3700 913,3721 937,3728 993,3714 1108,3717 1129,3710 1317,3710 1334,3724 1299,3742 1212,3759 1021,3784 941,3780 913,3791 885,3819 867,3853 878,3944 899,3968 965,3972 1244,3947 1508,3944 1679,3927 1759,3927 1839,3940 1999,3930 2041,3951 2041,3979 2010,4007 2045,4017 2055,4035 2128,4048 2170,4076 2247,4080 2278,4073 2379,4111 2428,4115 2466,4139 2546,4153 2560,4170 2529,4184 2560,4205 2571,4230 2599,4240 2626,4268 2710,4289 2766,4282 2849,4292 2881,4306 2954,4393 2982,4397 2999,4383 3013,4359 3013,4306 2985,4219 2978,4129 2996,3899 3010,3853 3006,3770 3027,3728 3024,3707 2999,3686 2926,3679 2738,3693 2637,3679 2316,3679 2013,3704 1926,3690 1745,3700 1731,3690 1777,3623 1780,3589 1825,3564 2417,3522 2703,3526 2842,3515 2957,3491 2996,3460 3013,3425 3013,3404 3003,3380 3006,3261 2996,3223 2989,3059 2975,3003 2985,2930 2971,2867 2975,2777 2999,2707 2999,2488 2989,2474 2989,2446 2968,2411 2919,2421 2902,2435 2881,2407 2874,2373 2825,2331 2421,2324 2334,2310 2289,2289 2243,2286 2170,2303 1839,2341 1547,2352 1467,2362 1198,2359 913,2390"/>
      <TextLine id="d9ca7646-b009-44b3-84c3-a3bbf41d4a27">
        <Coords points="783,2262 837,2314 1248,2311 1268,2291 1312,2286 1399,2286 1427,2307 1452,2287 1720,2286 2139,2292 2175,2326 2235,2327 2259,2323 2295,2290 2435,2290 2487,2327 2522,2327 2542,2318 2678,2318 2690,2330 2794,2330 2830,2362 2879,2363 2879,2436 2730,2436 2722,2444 2431,2444 2423,2452 2340,2455 1696,2452 1236,2463 1188,2471 965,2470 877,2554 783,2549"/>
        <Baseline points="819,2461 869,2458 919,2456 969,2454 1019,2454 1069,2455 1119,2455 1169,2453 1219,2452 1269,2451 1319,2453 1369,2452 1419,2451 1469,2450 1519,2450 1569,2449 1619,2448 1669,2446 1719,2445 1769,2444 1819,2442 1869,2440 1919,2440 1969,2438 2019,2437 2069,2434 2119,2431 2169,2430 2219,2427 2269,2423 2319,2420 2369,2419 2419,2421 2469,2422 2519,2423 2569,2425 2619,2424 2669,2422 2719,2422 2769,2421 2819,2419 2844,2418"/>
        <Word id="word_18e4e86e-1136-42a0-8579-90727abd4264">
          <Coords points="817,2426 867,2423 918,2421 968,2419 1019,2419 1070,2420 1119,2420 1168,2418 1218,2417 1268,2416 1288,2417 1286,2462 1269,2461 1219,2462 1169,2463 1119,2465 1069,2465 1019,2464 969,2464 919,2466 870,2468 820,2471"/>
          <TextEquiv>
            <Unicode>gerrit</Unicode>
          </TextEquiv>
        </Word>
        <Word id="word_f180741f-85ec-49f0-83e7-7fd448cf32e5">
          <Coords points="1346,2425 1351,2422 1418,2416 1468,2415 1519,2415 1519,2415 1520,2460 1519,2460 1469,2460 1419,2461 1374,2461 1369,2463"/>
          <TextEquiv>
            <Unicode>de</Unicode>
          </TextEquiv>
        </Word>
        <Word id="word_3d82ece8-95f6-44ac-8a06-d7f83afa2823">
          <Coords points="1597,2413 1618,2413 1668,2411 1718,2410 1768,2409 1818,2407 1868,2405 1919,2405 1968,2403 1986,2403 1987,2448 1969,2448 1919,2450 1869,2450 1819,2452 1769,2454 1719,2455 1669,2456 1619,2458 1597,2458"/>
          <TextEquiv>
            <Unicode>Htaas</Unicode>
          </TextEquiv>
        </Word>
        <Word id="word_d32fa444-eb8b-4503-bd7a-264f68e0c32b">
          <Coords points="2050,2404 2054,2402 2117,2396 2168,2395 2217,2392 2266,2388 2295,2386 2298,2431 2270,2433 2220,2437 2169,2440 2120,2441 2073,2443 2069,2445"/>
          <TextEquiv>
            <Unicode>van</Unicode>
          </TextEquiv>
        </Word>
        <Word id="word_c7209d85-f1d3-419f-8f34-5f7556f535e2">
          <Coords points="2379,2382 2422,2386 2470,2387 2520,2388 2570,2390 2618,2389 2668,2387 2719,2387 2768,2386 2818,2384 2841,2383 2843,2428 2819,2429 2769,2431 2719,2432 2669,2432 2619,2434 2569,2435 2519,2433 2469,2432 2418,2431 2374,2427"/>
          <TextEquiv>
            <Unicode>Santen</Unicode>
          </TextEquiv>
        </Word>
        <TextEquiv conf="0.9244770990412712">
          <Unicode>gerrit de Htaas van Santen</Unicode>
        </TextEquiv>
        <TextStyle xHeight="63"/>
      </TextLine>
      <TextLine id="line_93558cad-54b8-4ff4-babd-579a9b263ff0">
        <Coords points="833,2604 963,2481 1363,2473 1759,2477 1770,2470 1890,2470 1934,2453 2450,2449 3014,2463 3014,2536 2921,2536 2889,2568 2621,2567 2446,2580 2306,2580 2258,2604 2218,2603 2206,2595 2042,2595 2018,2571 1778,2572 1766,2563 1734,2563 1347,2572 1319,2596 1051,2596 1019,2624 923,2624 879,2668 833,2680"/>
        <Baseline points="869,2586 919,2587 969,2583 1019,2581 1069,2579 1119,2576 1169,2572 1219,2570 1269,2567 1319,2566 1369,2563 1419,2561 1469,2559 1519,2557 1569,2556 1619,2555 1669,2555 1719,2554 1769,2552 1819,2550 1869,2550 1919,2550 1969,2547 2019,2543 2069,2540 2119,2538 2169,2536 2219,2535 2269,2534 2319,2532 2369,2532 2419,2533 2469,2530 2519,2530 2569,2530 2619,2530 2669,2528 2719,2527 2769,2526 2819,2525 2869,2525 2919,2524 2969,2522 2979,2518"/>
        <Word id="word_39022e8e-a464-4a65-820b-44ab6ea6dece">
          <Coords points="870,2551 920,2552 958,2549 961,2594 919,2597 869,2596"/>
          <TextEquiv>
            <Unicode>in</Unicode>
          </TextEquiv>
        </Word>
        <Word id="word_f34f766b-6dc3-4714-9dac-476d59650836">
          <Coords points="1009,2545 1022,2546 1068,2544 1117,2541 1166,2537 1218,2535 1234,2534 1236,2579 1219,2580 1170,2582 1120,2586 1069,2589 1018,2591 1006,2590"/>
          <TextEquiv>
            <Unicode>jndia</Unicode>
          </TextEquiv>
        </Word>
        <Word id="word_61f7374f-8c2f-48e7-b055-672f310bfda5">
          <Coords points="1281,2531 1319,2531 1367,2528 1418,2526 1468,2524 1518,2522 1568,2521 1602,2520 1603,2565 1569,2566 1519,2567 1469,2569 1419,2571 1370,2573 1319,2576 1282,2576"/>
          <TextEquiv>
            <Unicode>gecomen</Unicode>
          </TextEquiv>
        </Word>
        <Word id="word_60d8d03a-1ed0-4729-87d9-4a3288bfc06f">
          <Coords points="1650,2519 1670,2520 1718,2519 1739,2518 1741,2563 1719,2564 1669,2565 1648,2564"/>
          <TextEquiv>
            <Unicode>ao</Unicode>
          </TextEquiv>
        </Word>
        <Word id="word_5a808bd8-1d77-417e-aafa-06d272bbb1e7">
          <Coords points="1785,2516 1818,2515 1869,2515 1919,2515 1967,2512 1967,2512 1971,2557 1970,2557 1919,2560 1869,2560 1819,2560 1787,2561"/>
          <TextEquiv>
            <Unicode>1635</Unicode>
          </TextEquiv>
        </Word>
        <Word id="word_e49912c0-e7ab-45f7-bf5e-b5d527f1f101">
          <Coords points="2013,2508 2016,2508 2067,2505 2118,2503 2168,2501 2199,2500 2199,2545 2169,2546 2119,2548 2070,2550 2020,2553 2017,2553"/>
          <TextEquiv>
            <Unicode>medt</Unicode>
          </TextEquiv>
        </Word>
        <Word id="word_6e77aacc-15e9-4fe5-a6ff-d335e388845c">
          <Coords points="2244,2499 2268,2499 2318,2497 2369,2497 2420,2498 2467,2495 2475,2495 2475,2540 2470,2540 2419,2543 2369,2542 2319,2542 2269,2544 2245,2544"/>
          <TextEquiv>
            <Unicode>schip</Unicode>
          </TextEquiv>
        </Word>
        <Word id="word_c8a1cb64-4e73-45a6-9d91-320c09c1c94b">
          <Coords points="2521,2495 2569,2495 2619,2495 2668,2493 2718,2492 2768,2491 2818,2490 2869,2490 2918,2489 2966,2486 2968,2487 2983,2527 2969,2532 2919,2534 2869,2535 2819,2535 2769,2536 2719,2537 2669,2538 2619,2540 2569,2540 2521,2540"/>
          <TextEquiv>
            <Unicode>maestricht</Unicode>
          </TextEquiv>
        </Word>
        <TextEquiv conf="0.96380030547122">
          <Unicode>in jndia gecomen ao 1635 medt schip maestricht</Unicode>
        </TextEquiv>
        <TextStyle xHeight="40"/>
      </TextLine>
      <TextLine id="line_34333ddb-e12d-4c75-96a9-3d4e6721a45c">
        <Coords points="848,2680 890,2660 926,2624 1018,2624 1050,2596 1318,2596 1346,2572 1386,2569 1766,2564 1778,2572 2019,2572 2042,2595 2206,2595 2226,2604 2258,2604 2350,2561 2406,2557 2614,2556 2642,2568 3023,2571 3023,2644 2394,2654 2370,2657 2314,2685 2242,2693 2224,2709 2206,2713 2134,2713 2110,2692 1958,2692 1950,2684 1538,2685 1526,2693 1438,2689 1394,2697 1254,2697 1246,2705 990,2713 974,2728 962,2728 886,2799 874,2787 848,2787"/>
        <Baseline points="884,2710 934,2709 984,2706 1034,2701 1084,2696 1134,2692 1184,2688 1234,2685 1284,2681 1334,2678 1384,2676 1434,2674 1484,2670 1534,2668 1584,2666 1634,2662 1684,2659 1734,2657 1784,2657 1834,2658 1884,2656 1934,2655 1984,2654 2034,2653 2084,2652 2134,2649 2184,2648 2234,2648 2284,2646 2334,2645 2384,2642 2434,2639 2484,2636 2534,2634 2584,2634 2634,2632 2684,2631 2734,2630 2784,2629 2834,2627 2884,2627 2934,2626 2984,2624 2988,2626"/>
        <Word id="word_88d2fddc-4230-49ec-881d-739438a70143">
          <Coords points="883,2675 933,2674 971,2672 974,2717 934,2719 884,2720"/>
          <TextEquiv>
            <Unicode>in</Unicode>
          </TextEquiv>
        </Word>
        <Word id="word_025a5f54-5040-4231-9a14-f1cba6e22c11">
          <Coords points="1012,2670 1028,2667 1081,2661 1131,2657 1181,2653 1232,2650 1281,2646 1332,2643 1383,2641 1433,2639 1481,2635 1509,2634 1510,2679 1485,2680 1434,2684 1384,2686 1335,2688 1285,2691 1235,2695 1185,2698 1135,2702 1085,2706 1036,2711 1020,2714"/>
          <TextEquiv>
            <Unicode>qualiteijdt</Unicode>
          </TextEquiv>
        </Word>
        <Word id="word_c97aaa31-ab47-4384-8a19-1a7890908bd6">
          <Coords points="1553,2632 1583,2631 1631,2627 1682,2624 1688,2624 1689,2669 1685,2669 1635,2672 1584,2676 1555,2677"/>
          <TextEquiv>
            <Unicode>van</Unicode>
          </TextEquiv>
        </Word>
        <Word id="word_f77be81a-9aee-467b-89d7-f8f1b4529c42">
          <Coords points="1732,2622 1733,2622 1784,2622 1835,2623 1883,2621 1933,2620 1957,2620 1958,2665 1934,2665 1884,2666 1834,2668 1784,2667 1734,2667 1734,2667"/>
          <TextEquiv>
            <Unicode>Bossr</Unicode>
          </TextEquiv>
        </Word>
        <Word id="word_0aefc25e-6881-48a2-8b83-4befa1a3c5af">
          <Coords points="2002,2619 2033,2618 2083,2617 2132,2614 2183,2613 2227,2613 2227,2658 2184,2658 2135,2659 2084,2662 2034,2663 2003,2664"/>
          <TextEquiv>
            <Unicode>nader</Unicode>
          </TextEquiv>
        </Word>
        <Word id="word_022ad0c8-cf61-4e2a-a333-391fd6e3e430">
          <Coords points="2266,2613 2278,2611 2333,2610 2382,2607 2432,2604 2482,2601 2494,2601 2496,2646 2485,2646 2435,2649 2385,2652 2334,2655 2286,2656 2273,2658"/>
          <TextEquiv>
            <Unicode>handt</Unicode>
          </TextEquiv>
        </Word>
        <Word id="word_baa5a57c-6b11-4c54-b6a1-c6f05e52b247">
          <Coords points="2540,2599 2584,2599 2633,2597 2683,2596 2733,2595 2783,2594 2833,2592 2884,2592 2933,2591 2983,2589 3003,2595 2984,2634 2983,2635 2934,2636 2884,2637 2834,2637 2784,2639 2734,2640 2684,2641 2634,2642 2584,2644 2540,2644"/>
          <TextEquiv>
            <Unicode>gevoordert</Unicode>
          </TextEquiv>
        </Word>
        <TextEquiv conf="0.9388317931051164">
          <Unicode>in qualiteijdt van Bossr nader handt gevoordert</Unicode>
        </TextEquiv>
        <TextStyle xHeight="38"/>
      </TextLine>
      <TextLine id="f837ec57-de12-4fc9-9407-228123757eeb">
        <Coords points="850,2779 876,2779 888,2788 960,2717 1060,2713 1068,2705 1212,2693 1395,2697 1407,2685 1423,2684 1951,2684 1959,2692 2107,2692 2131,2713 2207,2713 2226,2709 2243,2693 2311,2685 2367,2658 2427,2646 2486,2649 2518,2677 2927,2677 2942,2689 3020,2689 3035,2681 3032,2758 3014,2758 3006,2750 2778,2750 2658,2751 2646,2759 2522,2763 2335,2763 2311,2778 2263,2778 2204,2805 2156,2844 2146,2837 2131,2849 2084,2809 2003,2805 1316,2806 1304,2814 1048,2810 916,2818 850,2881"/>
        <Baseline points="886,2810 936,2811 986,2808 1036,2804 1086,2801 1136,2798 1186,2795 1236,2792 1286,2789 1336,2787 1386,2785 1436,2784 1486,2784 1536,2782 1586,2780 1636,2778 1686,2776 1736,2773 1786,2770 1836,2768 1886,2766 1936,2764 1986,2762 2036,2760 2086,2760 2136,2758 2186,2756 2236,2754 2286,2754 2336,2753 2386,2753 2436,2752 2486,2749 2536,2748 2586,2746 2636,2744 2686,2743 2736,2742 2786,2740 2836,2738 2886,2737 2936,2737 2986,2733 3000,2736"/>
        <Word id="word_8675140b-f251-4f63-b64c-d0c97b2f8bea">
          <Coords points="887,2775 937,2776 984,2773 1024,2770 1028,2815 987,2818 936,2821 886,2820"/>
          <TextEquiv>
            <Unicode>tot</Unicode>
          </TextEquiv>
        </Word>
        <Word id="word_412fbe5f-2f2c-460c-b7ed-20551690a2ea">
          <Coords points="1074,2766 1086,2766 1134,2763 1184,2760 1234,2757 1284,2754 1335,2752 1385,2750 1435,2749 1486,2749 1535,2747 1542,2747 1544,2792 1536,2792 1486,2794 1436,2794 1386,2795 1336,2797 1287,2799 1237,2802 1187,2805 1137,2808 1086,2811 1074,2811"/>
          <TextEquiv>
            <Unicode>adelborst,</Unicode>
          </TextEquiv>
        </Word>
        <Word id="word_518f665d-7589-439a-af19-38defa7fbb13">
          <Coords points="1589,2745 1635,2743 1685,2741 1729,2738 1732,2783 1686,2786 1636,2788 1591,2790"/>
          <TextEquiv>
            <Unicode>met</Unicode>
          </TextEquiv>
        </Word>
        <Word id="word_aa861395-f5e8-4f1a-b316-861708524291">
          <Coords points="1776,2736 1784,2735 1835,2733 1885,2731 1935,2729 1985,2727 2012,2726 2014,2771 1986,2772 1936,2774 1886,2776 1836,2778 1787,2780 1779,2780"/>
          <TextEquiv>
            <Unicode>gagie</Unicode>
          </TextEquiv>
        </Word>
        <Word id="word_e6983bf1-0c98-46d3-91a8-621ddfa08707">
          <Coords points="2062,2724 2087,2725 2135,2723 2185,2721 2200,2720 2202,2765 2186,2766 2136,2768 2086,2770 2060,2769"/>
          <TextEquiv>
            <Unicode>van</Unicode>
          </TextEquiv>
        </Word>
        <Word id="word_d4464412-f942-4b6f-a87c-d5b7a4fade32">
          <Coords points="2249,2719 2286,2719 2335,2718 2342,2718 2342,2763 2336,2763 2286,2764 2248,2764"/>
          <TextEquiv>
            <Unicode>ƒ.</Unicode>
          </TextEquiv>
        </Word>
        <Word id="word_e3778b39-84a1-495d-b480-64299585b7d6">
          <Coords points="2389,2718 2435,2717 2481,2714 2484,2759 2436,2762 2390,2763"/>
          <TextEquiv>
            <Unicode>15</Unicode>
          </TextEquiv>
        </Word>
        <Word id="word_9576ff4a-1c86-4f62-8b4f-b8029101b8ad">
          <Coords points="2540,2713 2546,2714 2585,2711 2635,2709 2670,2708 2671,2753 2636,2754 2586,2756 2533,2758 2527,2756"/>
          <TextEquiv>
            <Unicode>ter</Unicode>
          </TextEquiv>
        </Word>
        <Word id="word_1bddfcbc-ab5c-4595-b98e-a986194b1d62">
          <Coords points="2717,2707 2735,2707 2785,2705 2835,2703 2885,2702 2936,2702 2983,2698 3007,2702 2998,2746 2987,2743 2936,2747 2886,2747 2836,2748 2786,2750 2736,2752 2718,2752"/>
          <TextEquiv>
            <Unicode>maendt</Unicode>
          </TextEquiv>
        </Word>
        <TextEquiv conf="0.9198825585949376">
          <Unicode>tot adelborst, met gagie van ƒ. 15 ter maendt</Unicode>
        </TextEquiv>
        <TextStyle xHeight="38"/>
      </TextLine>
      <TextLine id="line_3b6f05e9-1f69-4623-93a1-42003ac6d800">
        <Coords points="795,2938 921,2819 1301,2815 1317,2807 1809,2807 1836,2791 1944,2786 2216,2786 2228,2795 2268,2771 2300,2799 2837,2795 2837,2868 2812,2872 2696,2872 2688,2880 2116,2884 2016,2927 1225,2927 897,2943 877,2963 861,2963 795,2995"/>
        <Baseline points="831,2945 881,2934 931,2929 981,2927 1031,2924 1081,2919 1131,2915 1181,2912 1231,2909 1281,2907 1331,2904 1381,2901 1431,2898 1481,2897 1531,2894 1581,2891 1631,2888 1681,2887 1731,2886 1781,2884 1831,2882 1881,2881 1931,2881 1981,2881 2031,2880 2081,2877 2131,2874 2181,2872 2231,2870 2281,2868 2331,2866 2381,2865 2431,2865 2481,2862 2531,2860 2581,2858 2631,2856 2681,2854 2731,2852 2781,2850 2802,2850"/>
        <Word id="word_b96940fa-ef47-43e1-aa6b-24a10176f444">
          <Coords points="823,2911 873,2900 928,2894 980,2892 1029,2889 1078,2884 1128,2880 1179,2877 1229,2874 1279,2872 1281,2917 1232,2919 1182,2922 1132,2925 1082,2929 1032,2934 981,2937 932,2939 883,2944 833,2955"/>
          <TextEquiv>
            <Unicode>hebbende</Unicode>
          </TextEquiv>
        </Word>
        <Word id="word_7002524f-19b1-4649-9bc1-239a0b9bd5ab">
          <Coords points="1334,2870 1378,2866 1429,2863 1448,2863 1449,2908 1432,2908 1382,2911 1337,2915"/>
          <TextEquiv>
            <Unicode>nu</Unicode>
          </TextEquiv>
        </Word>
        <Word id="word_87338ea2-5129-4a6e-b59b-933d977b40bc">
          <Coords points="1502,2862 1528,2859 1579,2856 1629,2853 1680,2852 1730,2851 1780,2849 1830,2847 1880,2846 1900,2846 1900,2891 1881,2891 1831,2892 1781,2894 1731,2896 1681,2897 1632,2898 1582,2901 1532,2904 1506,2906"/>
          <TextEquiv>
            <Unicode>eenigen</Unicode>
          </TextEquiv>
        </Word>
        <Word id="word_9daf9fbb-e5ca-4db8-8737-a3d182059d0b">
          <Coords points="1956,2846 1981,2846 2030,2845 2079,2842 2129,2839 2180,2837 2180,2837 2182,2882 2181,2882 2132,2884 2082,2887 2031,2890 1981,2891 1956,2891"/>
          <TextEquiv>
            <Unicode>tijt</Unicode>
          </TextEquiv>
        </Word>
        <Word id="word_a299d9d5-9bb9-4987-844b-49c75bc5f7b9">
          <Coords points="2237,2835 2280,2833 2330,2831 2380,2830 2431,2830 2479,2827 2530,2825 2575,2823 2577,2868 2531,2870 2482,2872 2431,2875 2381,2875 2331,2876 2281,2878 2239,2880"/>
          <TextEquiv>
            <Unicode>stampt</Unicode>
          </TextEquiv>
        </Word>
        <Word id="word_f369053e-b4ab-4375-8796-410fd6a03a51">
          <Coords points="2631,2821 2680,2819 2730,2817 2780,2815 2802,2815 2802,2860 2781,2860 2731,2862 2681,2864 2633,2866"/>
          <TextEquiv>
            <Unicode>van</Unicode>
          </TextEquiv>
        </Word>
        <TextEquiv conf="0.929527069665256">
          <Unicode>hebbende nu eenigen tijt stampt van</Unicode>
        </TextEquiv>
        <TextStyle xHeight="40"/>
      </TextLine>
      <TextLine id="line_09adba46-5194-43d4-ad15-832d9b1fdf1b">
        <Coords points="830,2979 900,2939 984,2943 992,2935 1108,2935 1120,2923 1188,2919 1283,2918 1307,2927 2018,2927 2050,2911 2094,2911 2102,2903 3029,2907 3041,2895 3049,2902 3058,2895 3058,2968 3047,2960 3036,2967 3023,2960 2937,2960 2905,2992 2306,2983 2138,2992 2082,3016 1495,3008 1116,3028 1064,3051 968,3051 960,3059 830,3059"/>
        <Baseline points="866,3030 916,3024 966,3022 1016,3019 1066,3017 1116,3015 1166,3012 1216,3009 1266,3006 1316,3004 1366,3001 1416,2998 1466,2997 1516,2996 1566,2995 1616,2994 1666,2993 1716,2993 1766,2990 1816,2988 1866,2987 1916,2985 1966,2984 2016,2982 2066,2981 2116,2979 2166,2976 2216,2972 2266,2971 2316,2969 2366,2967 2416,2965 2466,2964 2516,2963 2566,2962 2616,2959 2666,2958 2716,2956 2766,2955 2816,2954 2866,2953 2916,2953 2966,2953 3016,2952 3023,2950"/>
        <Word id="word_ae13a04d-3d1f-473f-84f8-adf0e4049df6">
          <Coords points="862,2995 912,2989 965,2987 1014,2984 1065,2982 1115,2980 1164,2977 1214,2974 1264,2971 1315,2969 1364,2966 1414,2963 1465,2962 1467,2962 1468,3007 1466,3007 1417,3008 1367,3011 1316,3014 1267,3016 1217,3019 1167,3022 1116,3025 1066,3027 1017,3029 966,3032 917,3034 867,3040"/>
          <TextEquiv>
            <Unicode>lantspassaet</Unicode>
          </TextEquiv>
        </Word>
        <Word id="word_c011b2fe-5820-46e1-a0e3-f8f246944acb">
          <Coords points="1517,2961 1565,2960 1615,2959 1665,2958 1716,2958 1716,2958 1719,3003 1716,3003 1666,3003 1616,3004 1566,3005 1518,3006"/>
          <TextEquiv>
            <Unicode>mede</Unicode>
          </TextEquiv>
        </Word>
        <Word id="word_9e5b1d69-6ff7-47da-96ac-d2a1c2ff4ca5">
          <Coords points="1767,2955 1815,2953 1865,2952 1915,2950 1965,2949 1968,2949 1970,2994 1966,2994 1916,2995 1866,2997 1816,2998 1769,3000"/>
          <TextEquiv>
            <Unicode>waer</Unicode>
          </TextEquiv>
        </Word>
        <Word id="word_0516a7a9-5f33-448d-b79f-86fd4f5f2361">
          <Coords points="2019,2947 2065,2946 2115,2944 2164,2941 2213,2937 2265,2936 2315,2934 2365,2932 2369,2932 2371,2977 2366,2977 2316,2979 2266,2981 2217,2982 2167,2986 2116,2989 2066,2991 2020,2992"/>
          <TextEquiv>
            <Unicode>genomen</Unicode>
          </TextEquiv>
        </Word>
        <Word id="word_7d16c840-4832-4bbc-9f5a-505d77f9e98e">
          <Coords points="2420,2930 2465,2929 2515,2928 2565,2927 2614,2924 2621,2924 2622,2969 2617,2969 2566,2972 2516,2973 2466,2974 2421,2975"/>
          <TextEquiv>
            <Unicode>ende</Unicode>
          </TextEquiv>
        </Word>
        <Word id="word_1a29e8f4-b7d4-4892-923c-af86cd7a4ecc">
          <Coords points="2670,2923 2715,2921 2765,2920 2815,2919 2865,2918 2873,2918 2873,2963 2866,2963 2816,2964 2766,2965 2716,2966 2672,2968"/>
          <TextEquiv>
            <Unicode>daer</Unicode>
          </TextEquiv>
        </Word>
        <Word id="word_c8a9decd-ce99-4345-ae48-0b0fb5eb1272">
          <Coords points="2923,2918 2966,2918 3013,2916 3015,2917 3026,2960 3016,2962 2966,2963 2923,2963"/>
          <TextEquiv>
            <Unicode>in</Unicode>
          </TextEquiv>
        </Word>
        <TextEquiv conf="0.920407374086665">
          <Unicode>lantspassaet mede waer genomen ende daer in</Unicode>
        </TextEquiv>
        <TextStyle xHeight="34"/>
      </TextLine>
      <TextLine id="line_79936791-83cf-4b74-a89c-fee76fd4556f">
        <Coords points="833,3056 1047,3052 1091,3044 1115,3028 1206,3028 1218,3016 1362,3008 2081,3016 2125,3003 2241,3003 2253,3012 2341,3012 2353,3004 2724,2999 2989,3004 2989,3077 2976,3076 2960,3062 2928,3073 2856,3073 2848,3081 2417,3089 2385,3121 2369,3125 1822,3133 1163,3129 1155,3137 1011,3137 983,3149 833,3145"/>
        <Baseline points="869,3133 919,3135 969,3132 1019,3130 1069,3125 1119,3121 1169,3118 1219,3115 1269,3113 1319,3111 1369,3109 1419,3106 1469,3104 1519,3102 1569,3100 1619,3097 1669,3095 1719,3094 1769,3093 1819,3091 1869,3091 1919,3089 1969,3089 2019,3087 2069,3085 2119,3083 2169,3081 2219,3079 2269,3076 2319,3075 2369,3073 2419,3070 2469,3068 2519,3067 2569,3066 2619,3064 2669,3063 2719,3062 2769,3062 2819,3062 2869,3061 2919,3061 2954,3059"/>
        <Word id="word_0ee969c1-ec14-4901-9e8e-d1014761400a">
          <Coords points="870,3098 920,3100 967,3097 1018,3095 1066,3090 1116,3086 1156,3084 1159,3129 1120,3131 1070,3135 1019,3140 970,3142 919,3145 869,3143"/>
          <TextEquiv>
            <Unicode>Goedt</Unicode>
          </TextEquiv>
        </Word>
        <Word id="word_4fc4d46f-e29c-43fe-9a73-f857440b3efb">
          <Coords points="1214,3080 1217,3080 1268,3078 1318,3076 1368,3074 1417,3071 1468,3069 1518,3067 1568,3065 1617,3062 1668,3060 1718,3059 1768,3058 1818,3056 1869,3056 1918,3054 1968,3054 1969,3054 1970,3099 1969,3099 1919,3099 1869,3101 1819,3101 1769,3103 1719,3104 1669,3105 1620,3107 1569,3110 1519,3112 1469,3114 1420,3116 1369,3119 1319,3121 1269,3123 1220,3125 1217,3125"/>
          <TextEquiv>
            <Unicode>contentemendt</Unicode>
          </TextEquiv>
        </Word>
        <Word id="word_5497094b-178d-449c-827f-2ac0fe1083f9">
          <Coords points="2026,3052 2068,3050 2118,3048 2168,3046 2199,3045 2201,3090 2169,3091 2119,3093 2069,3095 2027,3097"/>
          <TextEquiv>
            <Unicode>aen</Unicode>
          </TextEquiv>
        </Word>
        <Word id="word_27a91443-f404-426e-9df9-5d4367b1018a">
          <Coords points="2254,3043 2264,3041 2318,3040 2368,3038 2417,3035 2468,3033 2490,3033 2491,3078 2469,3078 2420,3080 2369,3083 2319,3085 2270,3086 2260,3087"/>
          <TextEquiv>
            <Unicode>sijn</Unicode>
          </TextEquiv>
        </Word>
        <Word id="word_0b09ae26-54b9-4158-a59d-e0b493a7cced">
          <Coords points="2548,3031 2568,3031 2618,3029 2668,3028 2718,3027 2769,3027 2819,3027 2868,3026 2919,3026 2952,3024 2955,3069 2919,3071 2869,3071 2819,3072 2769,3072 2719,3072 2669,3073 2619,3074 2569,3076 2548,3076"/>
          <TextEquiv>
            <Unicode>meerder</Unicode>
          </TextEquiv>
        </Word>
        <TextEquiv conf="0.9503546975698121">
          <Unicode>Goedt contentemendt aen sijn meerder</Unicode>
        </TextEquiv>
        <TextStyle xHeight="36"/>
      </TextLine>
      <TextLine id="a4cc6658-3aff-43e8-8c92-fed3d091f710">
        <Coords points="858,3144 980,3148 988,3140 1116,3128 1771,3127 1783,3136 1819,3136 1927,3128 2367,3127 2410,3099 2697,3103 2709,3115 2885,3120 2949,3116 2961,3104 2997,3100 3005,3092 3018,3103 3037,3097 3046,3103 3046,3178 3016,3208 2701,3217 2674,3196 2390,3196 2362,3217 2334,3217 1982,3201 1939,3209 1819,3209 1783,3229 1647,3268 1626,3255 1283,3244 1044,3244 1028,3253 858,3260"/>
        <Baseline points="894,3243 944,3239 994,3236 1044,3233 1094,3229 1144,3226 1194,3223 1244,3221 1294,3219 1344,3218 1394,3216 1444,3214 1494,3212 1544,3209 1594,3206 1644,3205 1694,3202 1744,3201 1794,3200 1844,3201 1894,3197 1944,3195 1994,3193 2044,3192 2094,3190 2144,3189 2194,3189 2244,3188 2294,3184 2344,3181 2394,3179 2444,3176 2494,3175 2544,3173 2594,3171 2644,3169 2694,3167 2744,3165 2794,3163 2844,3161 2894,3161 2944,3162 2994,3162 3011,3159"/>
        <Word id="word_a970e532-be73-454f-b99a-1e64577fcf40">
          <Coords points="891,3208 941,3204 992,3201 1042,3198 1091,3194 1142,3191 1192,3188 1243,3186 1286,3184 1288,3229 1244,3231 1195,3233 1145,3236 1095,3239 1045,3243 995,3246 945,3249 895,3253"/>
          <TextEquiv>
            <Unicode>gegeven,</Unicode>
          </TextEquiv>
        </Word>
        <Word id="word_fc0317ae-f76e-4b1e-bbc8-e09a76e1f277">
          <Coords points="1340,3182 1347,3183 1393,3181 1443,3179 1493,3177 1532,3175 1534,3220 1494,3222 1444,3224 1394,3226 1343,3228 1336,3227"/>
          <TextEquiv>
            <Unicode>wert</Unicode>
          </TextEquiv>
        </Word>
        <Word id="word_769a775a-d493-416c-a600-908a19498e2c">
          <Coords points="1581,3172 1592,3171 1643,3170 1692,3167 1730,3166 1731,3211 1695,3212 1644,3215 1595,3216 1584,3217"/>
          <TextEquiv>
            <Unicode>der</Unicode>
          </TextEquiv>
        </Word>
        <Word id="word_a8e978a9-4362-4051-8da0-3d8c85de76ab">
          <Coords points="1779,3165 1793,3165 1845,3166 1891,3162 1943,3160 1993,3158 2043,3157 2074,3156 2076,3201 2044,3202 1994,3203 1944,3205 1895,3207 1844,3211 1794,3210 1780,3210"/>
          <TextEquiv>
            <Unicode>halven</Unicode>
          </TextEquiv>
        </Word>
        <Word id="word_3f701685-c983-4fe2-9ee0-3df82b89c7ec">
          <Coords points="2125,3154 2144,3154 2194,3154 2223,3153 2223,3198 2194,3199 2144,3199 2125,3199"/>
          <TextEquiv>
            <Unicode>op</Unicode>
          </TextEquiv>
        </Word>
        <Word id="word_fdb32322-0345-43cd-ae20-152a2c68570e">
          <Coords points="2267,3153 2288,3149 2342,3146 2393,3144 2442,3141 2468,3141 2469,3185 2445,3186 2394,3189 2345,3191 2296,3194 2274,3197"/>
          <TextEquiv>
            <Unicode>sijn</Unicode>
          </TextEquiv>
        </Word>
        <Word id="word_4675420b-28a1-433b-bc1c-d56699fead36">
          <Coords points="2516,3140 2542,3138 2593,3136 2643,3134 2693,3132 2743,3130 2793,3128 2843,3126 2894,3126 2945,3127 2994,3127 3005,3125 3013,3169 2994,3172 2944,3172 2894,3171 2844,3171 2794,3173 2744,3175 2694,3177 2644,3179 2594,3181 2545,3183 2519,3184"/>
          <TextEquiv>
            <Unicode>bequaemh„t</Unicode>
          </TextEquiv>
        </Word>
        <TextEquiv conf="0.9146438616052798">
          <Unicode>gegeven, wert der halven op sijn bequaemh„t</Unicode>
        </TextEquiv>
        <TextStyle xHeight="37"/>
      </TextLine>
      <TextLine id="line_6004d8cc-8232-40d4-b83c-3f834f57d37f">
        <Coords points="832,3261 1030,3253 1042,3244 1282,3244 1629,3256 1646,3269 1818,3213 2362,3218 2394,3193 2674,3197 2702,3221 2963,3224 2963,3297 2534,3303 2527,3310 2198,3310 1934,3322 1908,3326 1894,3338 1686,3342 1642,3377 832,3381"/>
        <Baseline points="868,3363 918,3358 968,3353 1018,3349 1068,3347 1118,3344 1168,3340 1218,3338 1268,3336 1318,3333 1368,3332 1418,3329 1468,3328 1518,3327 1568,3325 1618,3323 1668,3322 1718,3319 1768,3317 1818,3315 1868,3311 1918,3306 1968,3304 2018,3302 2068,3300 2118,3299 2168,3298 2218,3296 2268,3295 2318,3294 2368,3293 2418,3292 2468,3290 2518,3289 2568,3289 2618,3287 2668,3286 2718,3285 2768,3283 2818,3280 2868,3279 2918,3277 2928,3279"/>
        <Word id="word_96f191bc-f1d2-490d-9557-48341602b73b">
          <Coords points="865,3328 915,3323 965,3318 1015,3314 1067,3312 1116,3309 1165,3305 1167,3305 1169,3350 1169,3350 1119,3354 1068,3357 1019,3359 969,3363 919,3368 869,3373"/>
          <TextEquiv>
            <Unicode>sonder</Unicode>
          </TextEquiv>
        </Word>
        <Word id="word_1c8211aa-497f-44ba-8f4b-ec6d49c001fa">
          <Coords points="1218,3303 1267,3301 1316,3298 1367,3297 1416,3294 1467,3293 1517,3292 1567,3290 1617,3288 1621,3288 1621,3333 1618,3333 1568,3335 1518,3337 1468,3338 1419,3339 1368,3342 1319,3343 1268,3346 1220,3348"/>
          <TextEquiv>
            <Unicode>verbandt</Unicode>
          </TextEquiv>
        </Word>
        <Word id="word_83eb33fb-3af6-4340-b3e6-b6f3f209f46b">
          <Coords points="1669,3287 1716,3284 1767,3282 1817,3280 1865,3276 1915,3271 1967,3269 2017,3267 2067,3265 2117,3264 2123,3264 2124,3309 2118,3309 2068,3310 2018,3312 1968,3314 1919,3316 1869,3321 1818,3325 1768,3327 1719,3329 1672,3332"/>
          <TextEquiv>
            <Unicode>indeselve</Unicode>
          </TextEquiv>
        </Word>
        <Word id="word_62e8a31c-771d-4daa-8c3c-43de2567f117">
          <Coords points="2172,3263 2217,3261 2267,3260 2317,3259 2367,3258 2417,3257 2467,3255 2517,3254 2568,3254 2617,3252 2667,3251 2717,3250 2726,3250 2728,3295 2718,3295 2668,3296 2618,3297 2568,3299 2518,3299 2468,3300 2418,3302 2368,3303 2318,3304 2268,3305 2218,3306 2174,3308"/>
          <TextEquiv>
            <Unicode>qualiteijdt</Unicode>
          </TextEquiv>
        </Word>
        <Word id="word_8508ead5-06fc-4b67-8549-f66dfd289440">
          <Coords points="2775,3248 2816,3245 2867,3244 2917,3242 2935,3245 2926,3289 2918,3287 2868,3289 2819,3290 2778,3293"/>
          <TextEquiv>
            <Unicode>van</Unicode>
          </TextEquiv>
        </Word>
        <TextEquiv conf="0.96420491076708">
          <Unicode>sonder verbandt indeselve qualiteijdt van</Unicode>
        </TextEquiv>
        <TextStyle xHeight="40"/>
      </TextLine>
      <TextLine id="line_6bb2ce01-8969-4d6d-8082-6c6ddf9af318">
        <Coords points="815,3375 1644,3375 1684,3343 1899,3335 1919,3315 2842,3310 2858,3322 2895,3322 2895,3395 2702,3393 2678,3417 2570,3417 2554,3429 2407,3429 2363,3445 2295,3449 2063,3449 2051,3440 2011,3440 1987,3461 1788,3460 1776,3448 1496,3452 1488,3444 1380,3445 1292,3453 1284,3461 1153,3465 1113,3489 1085,3493 815,3505"/>
        <Baseline points="851,3464 901,3463 951,3460 1001,3458 1051,3455 1101,3453 1151,3452 1201,3450 1251,3447 1301,3444 1351,3441 1401,3436 1451,3433 1501,3431 1551,3429 1601,3426 1651,3425 1701,3423 1751,3421 1801,3420 1851,3418 1901,3416 1951,3414 2001,3412 2051,3409 2101,3408 2151,3407 2201,3405 2251,3404 2301,3403 2351,3403 2401,3401 2451,3397 2501,3393 2551,3392 2601,3389 2651,3387 2701,3384 2751,3382 2801,3377 2851,3375 2860,3377"/>
        <Word id="word_aaf01e9c-23d5-4b6f-86bc-f9603cddf60d">
          <Coords points="850,3429 900,3428 949,3425 1000,3423 1049,3420 1100,3418 1150,3417 1200,3415 1249,3412 1299,3409 1349,3406 1398,3401 1449,3398 1500,3396 1550,3394 1589,3392 1592,3437 1551,3439 1501,3441 1452,3443 1402,3446 1352,3451 1302,3454 1252,3457 1201,3460 1151,3462 1101,3463 1052,3465 1001,3468 952,3470 901,3473 851,3474"/>
          <TextEquiv>
            <Unicode>Lantspassaedt,</Unicode>
          </TextEquiv>
        </Word>
        <Word id="word_a4c0ee4c-cb4a-4527-b80d-40d691325614">
          <Coords points="1651,3389 1659,3391 1700,3388 1750,3386 1800,3385 1850,3383 1854,3383 1856,3428 1851,3428 1801,3430 1751,3431 1701,3433 1649,3435 1642,3433"/>
          <TextEquiv>
            <Unicode>mits</Unicode>
          </TextEquiv>
        </Word>
        <Word id="word_a16a5e6a-e1d8-4738-b442-7b3c7b2307a8">
          <Coords points="1907,3381 1950,3379 2000,3377 2049,3374 2100,3373 2119,3373 2120,3418 2101,3418 2052,3419 2001,3422 1951,3424 1909,3426"/>
          <TextEquiv>
            <Unicode>sijn</Unicode>
          </TextEquiv>
        </Word>
        <Word id="word_65981379-4c89-4b7a-93b3-4dc3f3e248d3">
          <Coords points="2171,3372 2199,3370 2250,3369 2300,3368 2351,3368 2400,3366 2448,3362 2498,3358 2542,3357 2543,3402 2502,3403 2452,3407 2401,3411 2351,3413 2301,3413 2251,3414 2202,3415 2173,3417"/>
          <TextEquiv>
            <Unicode>voorige</Unicode>
          </TextEquiv>
        </Word>
        <Word id="word_48d27b37-25f0-47fb-9f40-9980ef2f1817">
          <Coords points="2583,3359 2588,3357 2650,3352 2699,3349 2750,3347 2798,3342 2850,3340 2867,3343 2857,3387 2851,3385 2802,3387 2751,3392 2702,3394 2651,3397 2605,3398 2600,3400"/>
          <TextEquiv>
            <Unicode>gagie</Unicode>
          </TextEquiv>
        </Word>
        <TextEquiv conf="0.9459131626154557">
          <Unicode>Lantspassaedt, mits sijn voorige gagie</Unicode>
        </TextEquiv>
        <TextStyle xHeight="37"/>
      </TextLine>
      <TextLine id="a2c28fbb-22c2-4670-a674-80c646114361">
        <Coords points="836,3497 1026,3498 1110,3486 1150,3466 1447,3461 1482,3458 1490,3450 1778,3449 1790,3461 1982,3462 2010,3441 2054,3441 2066,3450 2298,3450 2362,3446 2406,3430 2842,3437 2870,3457 2906,3457 2924,3474 2970,3438 3022,3445 3035,3434 3035,3507 2726,3511 2638,3543 2374,3542 2362,3530 2114,3527 2102,3539 1818,3539 1650,3547 1614,3575 1370,3575 1262,3614 836,3613"/>
        <Baseline points="872,3577 922,3577 972,3574 1022,3570 1072,3567 1122,3563 1172,3559 1222,3556 1272,3556 1322,3553 1372,3550 1422,3548 1472,3543 1522,3540 1572,3539 1622,3538 1672,3535 1722,3531 1772,3529 1822,3527 1872,3526 1922,3525 1972,3524 2022,3522 2072,3520 2122,3519 2172,3517 2222,3516 2272,3514 2322,3512 2372,3510 2422,3509 2472,3507 2522,3507 2572,3505 2622,3504 2672,3499 2722,3498 2772,3495 2822,3492 2872,3491 2922,3490 2972,3489 3000,3489"/>
        <Word id="word_72e8b8b4-8b44-4bff-aa47-d039509c6039">
          <Coords points="872,3542 922,3542 970,3539 1019,3535 1022,3535 1025,3580 1023,3580 973,3584 922,3587 872,3587"/>
          <TextEquiv>
            <Unicode>van</Unicode>
          </TextEquiv>
        </Word>
        <Word id="word_ab95a7cc-0b79-4775-8eed-1c030283fe45">
          <Coords points="1072,3532 1119,3528 1169,3524 1220,3521 1272,3521 1320,3518 1370,3515 1421,3513 1469,3508 1520,3505 1571,3504 1580,3504 1581,3549 1572,3549 1523,3550 1473,3553 1422,3558 1373,3560 1323,3563 1272,3566 1223,3566 1173,3569 1123,3573 1075,3577"/>
          <TextEquiv>
            <Unicode>vijffthien</Unicode>
          </TextEquiv>
        </Word>
        <Word id="word_383c0db1-f1d5-46d5-87cc-f84fa7733c67">
          <Coords points="1629,3503 1670,3500 1719,3496 1771,3494 1821,3492 1871,3491 1921,3490 1971,3489 1985,3488 1987,3533 1972,3534 1922,3535 1872,3536 1822,3537 1772,3539 1723,3541 1673,3545 1632,3548"/>
          <TextEquiv>
            <Unicode>guldens</Unicode>
          </TextEquiv>
        </Word>
        <Word id="word_bc3ef044-2155-42db-9368-3b909e7e6f04">
          <Coords points="2036,3486 2071,3485 2121,3484 2171,3482 2188,3482 2189,3527 2172,3527 2122,3529 2072,3530 2037,3531"/>
          <TextEquiv>
            <Unicode>ter</Unicode>
          </TextEquiv>
        </Word>
        <Word id="word_3a8b2c02-067a-4654-8e8a-5094db8d67a9">
          <Coords points="2238,3481 2270,3479 2321,3477 2371,3475 2421,3474 2471,3472 2522,3472 2543,3471 2544,3516 2522,3517 2472,3517 2422,3519 2372,3520 2322,3522 2273,3524 2240,3526"/>
          <TextEquiv>
            <Unicode>maendt</Unicode>
          </TextEquiv>
        </Word>
        <Word id="word_823f85ab-aa70-484b-bcdb-ecde48986f6c">
          <Coords points="2595,3469 2622,3469 2669,3464 2721,3463 2770,3460 2820,3457 2871,3456 2921,3455 2971,3454 3000,3454 3000,3499 2972,3499 2922,3500 2872,3501 2823,3502 2773,3505 2722,3508 2673,3509 2622,3514 2595,3514"/>
          <TextEquiv>
            <Unicode>behouden</Unicode>
          </TextEquiv>
        </Word>
        <TextEquiv conf="0.9514462462366093">
          <Unicode>van vijffthien guldens ter maendt behouden</Unicode>
        </TextEquiv>
        <TextStyle xHeight="37"/>
      </TextLine>
      <TextLine id="line_32b1d1b6-5e34-48aa-8bb7-293ecc957e14">
        <Coords points="844,3615 1258,3616 1366,3579 1561,3583 1573,3591 1621,3595 1814,3592 1814,3665 1669,3665 1649,3681 1613,3693 1597,3709 1573,3709 1561,3721 1533,3721 1493,3736 1441,3735 1405,3700 1126,3696 844,3709"/>
        <Baseline points="880,3699 930,3696 980,3694 1030,3692 1080,3689 1130,3686 1180,3683 1230,3679 1280,3677 1330,3673 1380,3671 1430,3667 1480,3664 1530,3662 1580,3659 1630,3659 1680,3657 1730,3655 1779,3647"/>
        <Word id="word_acb350ab-ddbf-4a87-acdd-587c653ebe96">
          <Coords points="878,3664 928,3661 979,3659 1029,3657 1078,3654 1128,3651 1159,3649 1162,3694 1131,3696 1081,3699 1030,3702 980,3704 931,3706 881,3709"/>
          <TextEquiv>
            <Unicode>sall,</Unicode>
          </TextEquiv>
        </Word>
        <Word id="word_46a186d9-54f5-4d90-ba81-9c93ecc01c9d">
          <Coords points="1213,3646 1225,3644 1279,3642 1327,3638 1379,3636 1427,3632 1478,3629 1529,3627 1578,3624 1630,3624 1679,3622 1729,3620 1773,3612 1781,3657 1730,3665 1680,3667 1630,3669 1581,3669 1530,3672 1481,3674 1431,3677 1380,3681 1331,3683 1280,3687 1231,3689 1219,3691"/>
          <TextEquiv>
            <Unicode>bevesticht</Unicode>
          </TextEquiv>
        </Word>
        <TextEquiv conf="0.9409050973301412">
          <Unicode>sall, bevesticht</Unicode>
        </TextEquiv>
        <TextStyle xHeight="37"/>
      </TextLine>
      <TextLine id="line_56ca0f70-ab2f-43b5-bb85-b7d7a64c6cf9">
        <Coords points="852,3708 1406,3703 1438,3735 1490,3736 1538,3720 1590,3716 1614,3692 1630,3692 1666,3665 1980,3664 1994,3673 2010,3658 2122,3658 2129,3665 2139,3657 2166,3684 2250,3685 2262,3673 2306,3665 2334,3648 2554,3648 2734,3652 2746,3660 2958,3660 2990,3687 3009,3687 3047,3711 3047,3786 3028,3801 2842,3801 2750,3797 2742,3789 2642,3789 2586,3810 2478,3810 2453,3793 2346,3794 2034,3806 1990,3814 1410,3830 1378,3842 1282,3854 1259,3869 1237,3849 1118,3849 1090,3872 910,3872 884,3894 852,3889"/>
        <Baseline points="888,3849 938,3844 988,3844 1038,3842 1088,3837 1138,3833 1188,3830 1238,3825 1288,3821 1338,3817 1388,3815 1438,3812 1488,3809 1538,3806 1588,3805 1638,3803 1688,3800 1738,3799 1788,3796 1838,3792 1888,3788 1938,3784 1988,3781 2038,3778 2088,3774 2138,3770 2188,3767 2238,3764 2288,3762 2338,3761 2388,3760 2438,3760 2488,3760 2538,3760 2588,3758 2638,3757 2688,3757 2738,3756 2788,3757 2838,3756 2888,3758 2938,3762 2988,3766 3012,3767"/>
        <Word id="word_c87f4322-7af1-42a6-a7ca-4276e23bd639">
          <Coords points="885,3814 935,3809 988,3809 1037,3807 1085,3802 1135,3798 1151,3797 1154,3842 1139,3843 1089,3847 1038,3852 988,3854 939,3854 889,3859"/>
          <TextEquiv>
            <Unicode>Aldus</Unicode>
          </TextEquiv>
        </Word>
        <Word id="word_a7e6e58e-6c42-4f89-ab07-be6349f95126">
          <Coords points="1202,3794 1234,3790 1285,3786 1335,3782 1387,3780 1436,3777 1486,3774 1523,3772 1525,3817 1489,3819 1439,3822 1388,3825 1339,3827 1289,3831 1239,3835 1208,3839"/>
          <TextEquiv>
            <Unicode>gedaen</Unicode>
          </TextEquiv>
        </Word>
        <Word id="word_95e29f1b-d185-45a3-9abd-72e6e5d05374">
          <Coords points="1582,3769 1593,3770 1637,3768 1686,3765 1737,3764 1786,3761 1835,3757 1885,3753 1935,3749 1986,3746 2036,3743 2085,3739 2135,3735 2186,3732 2212,3730 2215,3775 2189,3777 2139,3780 2089,3784 2039,3788 1989,3791 1939,3794 1889,3798 1839,3802 1789,3806 1738,3809 1689,3810 1638,3813 1587,3815 1576,3814"/>
          <TextEquiv>
            <Unicode>Geresolveert</Unicode>
          </TextEquiv>
        </Word>
        <Word id="word_4961d080-cdc3-4a1a-8c85-b5df757a92c2">
          <Coords points="2267,3727 2288,3727 2337,3726 2387,3725 2438,3725 2480,3725 2480,3770 2438,3770 2388,3770 2338,3771 2288,3772 2268,3772"/>
          <TextEquiv>
            <Unicode>ende</Unicode>
          </TextEquiv>
        </Word>
        <Word id="word_fb8885e6-3bb8-408a-bc6e-d03fc6c45659">
          <Coords points="2534,3725 2538,3725 2587,3723 2637,3722 2688,3722 2737,3721 2789,3722 2837,3721 2889,3723 2941,3727 2991,3731 3013,3732 3011,3777 2987,3776 2937,3772 2888,3768 2838,3766 2788,3767 2738,3766 2688,3767 2638,3767 2588,3768 2538,3770 2534,3770"/>
          <TextEquiv>
            <Unicode>g'arrestt</Unicode>
          </TextEquiv>
        </Word>
        <TextEquiv conf="0.8441111710786066">
          <Unicode>Aldus gedaen Geresolveert ende g'arrestt</Unicode>
        </TextEquiv>
        <TextStyle xHeight="58"/>
      </TextLine>
      <TextLine id="line_536e5908-6120-415b-b27e-f5613fb4ba2a">
        <Coords points="789,3953 835,3937 907,3873 1098,3868 1107,3876 1138,3848 1236,3848 1259,3869 1322,3825 1782,3809 1921,3793 2457,3793 2484,3813 2556,3813 2612,3801 2785,3797 2785,3870 2780,3864 2688,3866 2681,3873 2672,3866 2504,3870 1554,3922 1496,3977 1450,3977 1426,3985 1250,3989 1199,3949 1035,3950 959,3957 895,4021 883,4010 789,4009"/>
        <Baseline points="825,3951 875,3952 925,3951 975,3948 1025,3944 1075,3941 1125,3936 1175,3932 1225,3929 1275,3927 1325,3923 1375,3920 1425,3919 1475,3916 1525,3915 1575,3914 1625,3911 1675,3909 1725,3907 1775,3904 1825,3901 1875,3896 1925,3892 1975,3891 2025,3888 2075,3885 2125,3882 2175,3879 2225,3877 2275,3876 2325,3873 2375,3870 2425,3867 2475,3865 2525,3862 2575,3860 2625,3859 2675,3857 2725,3855 2750,3852"/>
        <Word id="word_130dd6ea-75f4-48cb-ad25-a7d0ccc6082b">
          <Coords points="826,3916 876,3917 924,3916 973,3913 992,3912 996,3956 976,3958 925,3961 875,3962 825,3961"/>
          <TextEquiv>
            <Unicode>jnt</Unicode>
          </TextEquiv>
        </Word>
        <Word id="word_a2602ec1-36bf-4346-9cf6-d69bede3dff2">
          <Coords points="1050,3907 1074,3906 1122,3901 1172,3897 1223,3894 1274,3892 1322,3888 1373,3885 1424,3884 1446,3883 1448,3928 1425,3929 1376,3930 1326,3933 1275,3937 1226,3939 1176,3942 1126,3946 1075,3951 1052,3952"/>
          <TextEquiv>
            <Unicode>casteel</Unicode>
          </TextEquiv>
        </Word>
        <Word id="word_fccf985d-10f8-44a2-a1c1-4f83d7c8423a">
          <Coords points="1505,3879 1526,3880 1574,3879 1623,3876 1674,3874 1724,3872 1773,3869 1823,3866 1872,3861 1898,3859 1901,3904 1876,3906 1826,3911 1776,3914 1725,3917 1675,3919 1626,3921 1575,3924 1525,3925 1504,3924"/>
          <TextEquiv>
            <Unicode>geldria</Unicode>
          </TextEquiv>
        </Word>
        <Word id="word_53704cae-beb4-45b6-aab7-9c636ce1f3c6">
          <Coords points="1960,3855 1978,3856 2023,3853 2073,3850 2123,3847 2173,3844 2224,3842 2239,3842 2240,3887 2225,3887 2176,3889 2126,3892 2076,3895 2026,3898 1974,3901 1956,3899"/>
          <TextEquiv>
            <Unicode>datum</Unicode>
          </TextEquiv>
        </Word>
        <Word id="word_30d2a510-de3e-4d72-afca-1c4d9c8347fa">
          <Coords points="2294,3841 2322,3838 2373,3835 2408,3833 2411,3878 2376,3880 2326,3883 2298,3886"/>
          <TextEquiv>
            <Unicode>ut</Unicode>
          </TextEquiv>
        </Word>
        <Word id="word_74757c72-1982-4c07-9b74-5ec302722a80">
          <Coords points="2469,3830 2477,3830 2523,3827 2574,3825 2624,3824 2674,3822 2724,3820 2746,3817 2751,3862 2725,3865 2675,3867 2625,3869 2575,3870 2526,3872 2474,3875 2466,3874"/>
          <TextEquiv>
            <Unicode>supra</Unicode>
          </TextEquiv>
        </Word>
        <TextEquiv conf="0.9439529212422854">
          <Unicode>jnt casteel geldria datum ut supra</Unicode>
        </TextEquiv>
        <TextStyle xHeight="41"/>
      </TextLine>
      <TextLine id="line_42658b31-4c8a-4826-b053-a6463d5cf923">
        <Coords points="2082,3896 2671,3866 2714,3905 2766,3901 2774,3908 2797,3885 2849,3893 2869,3880 2952,3884 2981,3909 3011,3909 3022,3902 3022,3975 3011,3963 2993,3963 2941,3971 2634,3975 2558,3979 2550,3987 2247,3995 2239,4003 2172,4003 2104,4043 2082,4047"/>
        <Baseline points="2118,3994 2168,3991 2218,3989 2268,3988 2318,3983 2368,3981 2418,3980 2468,3977 2518,3973 2568,3971 2618,3969 2668,3967 2718,3966 2768,3964 2818,3963 2868,3961 2918,3961 2968,3960 2987,3957"/>
        <Word id="word_3773fadf-f515-4ca7-bb7c-afc221ab1db4">
          <Coords points="2116,3959 2166,3956 2217,3954 2267,3953 2301,3950 2305,3994 2268,3998 2218,3999 2169,4001 2119,4004"/>
          <TextEquiv>
            <Unicode>was</Unicode>
          </TextEquiv>
        </Word>
        <Word id="word_01c7694e-8cc2-458b-aebb-4f0f358ff9b4">
          <Coords points="2394,3958 2396,3961 2417,3945 2466,3942 2515,3938 2567,3936 2617,3934 2667,3932 2717,3931 2767,3929 2817,3928 2867,3926 2918,3926 2967,3925 2980,3923 2987,3967 2968,3970 2918,3971 2868,3971 2818,3973 2768,3974 2718,3976 2668,3977 2618,3979 2568,3981 2519,3983 2469,3987 2418,3990 2360,3987 2358,3984"/>
          <TextEquiv>
            <Unicode>Geteeckent</Unicode>
          </TextEquiv>
        </Word>
        <TextEquiv conf="0.9334844709268701">
          <Unicode>was Geteeckent</Unicode>
        </TextEquiv>
        <TextStyle xHeight="49"/>
      </TextLine>
      <TextLine id="line_8ff7ac15-ad0b-4052-9eea-0dfb706157aa">
        <Coords points="2676,4125 2785,4121 2785,4194 2676,4190"/>
        <Baseline points="2712,4176 2750,4176"/>
        <Word id="word_55728405-9ed1-444f-bc01-fba449ac0d70">
          <Coords points="2712,4141 2750,4141 2750,4186 2712,4186"/>
          <TextEquiv>
            <Unicode>e</Unicode>
          </TextEquiv>
        </Word>
        <TextEquiv conf="0.051810573786497116">
          <Unicode>e</Unicode>
        </TextEquiv>
        <TextStyle xHeight="24"/>
      </TextLine>
      <TextLine id="line_25960058-5ace-4523-b029-8982025a6a2e">
        <Coords points="2864,4096 2937,4103 2977,4131 2977,4204 2864,4199"/>
        <Baseline points="2900,4186 2942,4186"/>
        <TextStyle xHeight="60"/>
      </TextLine>
      <TextLine id="b75d0b10-02ce-47f4-8e8b-1b0331a3c47e">
        <Coords points="2747,4129 2842,4129 2842,4203 2785,4203 2773,4194 2747,4194"/>
        <Baseline points="2783,4185 2807,4185"/>
        <TextStyle xHeight="44"/>
      </TextLine>
    </TextRegion>
    <TextRegion id="region_a50924c8-a531-4b22-bac6-2df8f7f32369_1" custom="structure {type:paragraph;}">
      <Coords points="1080,4209 1080,4216 1083,4219 1083,4223 1087,4226 1087,4230 1101,4244 1170,4244 1174,4240 1188,4240 1191,4237 1198,4237 1202,4233 1209,4233 1212,4230 1216,4230 1226,4219 1233,4219 1237,4216 1251,4216 1251,4202 1237,4188 1237,4184 1233,4181 1226,4181 1223,4177 1202,4177 1198,4174 1136,4174 1132,4177 1122,4177 1118,4181 1101,4181 1097,4184 1090,4184 1090,4188 1087,4191 1087,4195 1083,4198 1083,4205"/>
    </TextRegion>
    <TextRegion id="region_7b83e4e3-567e-4406-87c1-1e4d15cf97a5_4" custom="structure {type:signature-mark;}">
      <Coords points="1512,4062 1512,4094 1515,4097 1519,4115 1536,4132 1547,4136 1557,4146 1571,4153 1578,4160 1578,4163 1592,4174 1592,4188 1599,4198 1606,4202 1613,4198 1651,4198 1662,4209 1679,4209 1689,4223 1689,4226 1707,4226 1721,4233 1731,4233 1735,4237 1745,4237 1749,4240 1759,4240 1763,4244 1770,4244 1787,4261 1794,4261 1797,4264 1804,4264 1811,4268 1846,4303 1850,4303 1871,4327 1898,4341 1905,4341 1909,4345 1923,4345 1926,4348 1937,4348 1940,4352 1954,4352 1968,4359 1999,4362 2003,4365 2048,4365 2052,4369 2059,4369 2080,4379 2111,4383 2118,4390 2132,4397 2153,4397 2156,4400 2163,4400 2177,4407 2195,4407 2205,4418 2219,4425 2247,4425 2257,4414 2257,4411 2268,4404 2303,4404 2320,4418 2327,4421 2337,4421 2344,4414 2358,4407 2369,4407 2372,4411 2379,4411 2383,4407 2397,4407 2400,4404 2431,4404 2438,4397 2459,4397 2470,4390 2477,4390 2491,4397 2529,4397 2532,4400 2557,4400 2571,4407 2578,4400 2585,4397 2592,4397 2595,4393 2620,4393 2623,4397 2626,4393 2633,4393 2658,4369 2665,4369 2665,4365 2654,4365 2651,4362 2640,4362 2637,4359 2613,4359 2606,4352 2606,4327 2616,4320 2623,4320 2626,4317 2637,4317 2640,4313 2644,4317 2654,4317 2679,4303 2693,4303 2707,4292 2710,4292 2693,4282 2672,4282 2651,4271 2647,4275 2633,4275 2626,4271 2599,4244 2595,4244 2581,4233 2571,4233 2564,4226 2564,4216 2557,4209 2557,4205 2546,4202 2543,4195 2532,4191 2525,4184 2525,4181 2501,4174 2477,4153 2473,4153 2463,4139 2456,4136 2449,4136 2428,4118 2397,4118 2393,4115 2379,4115 2376,4111 2369,4111 2365,4108 2348,4104 2330,4090 2323,4090 2320,4087 2309,4087 2306,4083 2296,4083 2292,4080 2282,4080 2278,4076 2264,4076 2261,4080 2250,4080 2247,4083 2233,4083 2222,4076 2205,4076 2202,4080 2170,4080 2160,4073 2153,4073 2135,4055 2128,4052 2114,4052 2111,4048 2104,4048 2100,4045 2087,4045 2083,4041 2066,4041 2062,4038 2055,4038 2045,4031 2045,4021 2038,4017 2027,4017 2006,4007 2006,4003 2013,3996 2027,3989 2038,3979 2041,3972 2041,3958 2031,3944 2017,3937 2003,3937 1999,3933 1951,3933 1947,3937 1898,3937 1885,3944 1888,3947 1871,3965 1860,3954 1857,3954 1843,3961 1829,3975 1815,3982 1797,3982 1794,3986 1784,3986 1780,3982 1770,3982 1766,3979 1759,3979 1745,3968 1714,3968 1710,3972 1693,3972 1676,3982 1658,3982 1655,3986 1616,3989 1602,3996 1595,4003 1561,4017 1543,4035 1540,4035 1526,4048 1522,4048 1522,4052"/>
      <TextLine id="line_4895a84a-329f-4363-9015-64d0e4013101">
        <Coords points="1616,4115 1650,4102 1728,4102 1741,4114 1774,4111 1857,4071 1862,4075 1928,4055 1937,4046 1954,4055 1986,4043 2105,4044 2121,4028 2141,4024 2169,4004 2289,4003 2325,4024 2353,3999 2477,3999 2489,4008 2784,4003 2824,4043 2933,4050 2932,4125 2904,4128 2863,4152 2828,4148 2812,4163 2756,4127 2430,4121 2410,4128 2085,4125 2017,4136 1874,4135 1818,4168 1742,4199 1698,4211 1616,4218"/>
        <Baseline points="1652,4133 1702,4130 1752,4129 1802,4127 1852,4126 1902,4124 1952,4124 2002,4122 2052,4120 2102,4117 2152,4113 2202,4111 2252,4110 2302,4109 2352,4109 2402,4107 2452,4106 2502,4106 2552,4105 2602,4105 2652,4105 2702,4104 2752,4103 2802,4105 2852,4107 2898,4105"/>
        <Word id="word_e42a0135-b5d8-432b-b220-4a58f1d677c6">
          <Coords points="1650,4098 1700,4095 1751,4094 1801,4092 1851,4091 1901,4089 1952,4089 2001,4087 2051,4085 2100,4082 2149,4078 2201,4076 2233,4075 2233,4120 2202,4121 2153,4123 2103,4127 2052,4130 2002,4132 1952,4134 1902,4134 1852,4136 1802,4137 1752,4139 1703,4140 1653,4143"/>
          <TextEquiv>
            <Unicode>Arnold„</Unicode>
          </TextEquiv>
        </Word>
        <Word id="word_0c3511d2-d280-4cb9-a92f-1d4a60a5127d">
          <Coords points="2317,4074 2352,4074 2401,4072 2451,4071 2502,4071 2551,4070 2602,4070 2652,4070 2701,4069 2751,4068 2803,4070 2853,4072 2896,4070 2898,4115 2852,4117 2802,4115 2752,4113 2702,4114 2652,4115 2602,4115 2552,4115 2502,4116 2452,4116 2402,4117 2352,4119 2316,4119"/>
          <TextEquiv>
            <Unicode>Heussen</Unicode>
          </TextEquiv>
        </Word>
        <TextEquiv conf="0.8660941536272934">
          <Unicode>Arnold„ Heussen</Unicode>
        </TextEquiv>
        <TextStyle xHeight="66"/>
      </TextLine>
      <TextLine id="line_09d9bd91-e985-4262-8aae-5c202fdf3763">
        <Coords points="1854,4251 1886,4238 1924,4235 1932,4227 1948,4242 1960,4243 2126,4199 2160,4211 2264,4210 2277,4223 2312,4206 2758,4223 2783,4210 2855,4210 2895,4230 2972,4230 2972,4303 2958,4288 2907,4305 2884,4293 2619,4297 2580,4332 2569,4324 2401,4329 2356,4316 2236,4316 2176,4325 1956,4325 1936,4333 1854,4333"/>
        <Baseline points="1890,4320 1940,4319 1990,4317 2040,4317 2090,4316 2140,4313 2190,4309 2240,4306 2290,4305 2340,4302 2390,4300 2440,4298 2490,4296 2540,4291 2590,4287 2640,4288 2690,4287 2740,4285 2790,4283 2840,4283 2890,4284 2937,4285"/>
        <Word id="word_5f7e7082-df69-4111-8a6b-3a667d466cbd">
          <Coords points="1889,4285 1939,4284 1989,4282 2040,4282 2089,4281 2138,4278 2187,4274 2238,4271 2289,4270 2338,4267 2389,4265 2439,4263 2489,4261 2537,4256 2587,4252 2641,4253 2689,4252 2739,4250 2789,4248 2840,4248 2891,4249 2938,4250 2937,4295 2890,4294 2840,4293 2790,4293 2740,4295 2690,4297 2640,4298 2591,4297 2541,4301 2490,4306 2440,4308 2390,4310 2341,4312 2290,4315 2241,4316 2191,4319 2141,4323 2090,4326 2040,4327 1990,4327 1940,4329 1890,4330"/>
          <TextEquiv>
            <Unicode>auwkens=pitt</Unicode>
          </TextEquiv>
        </Word>
        <TextEquiv conf="0.6891808281679549">
          <Unicode>auwkens=pitt</Unicode>
        </TextEquiv>
        <TextStyle xHeight="35"/>
      </TextLine>
    </TextRegion>
    <TextRegion id="region_2eec56ac-cc5f-4644-a46c-aa5c098d674e_6" custom="structure {type:catch-word;}">
      <Coords points="1268,4230 1264,4226 1261,4226 1254,4219 1237,4219 1233,4223 1226,4223 1216,4233 1212,4233 1209,4237 1202,4237 1198,4240 1191,4240 1188,4244 1174,4244 1170,4247 1108,4247 1108,4254 1111,4257 1118,4257 1122,4261 1129,4261 1132,4264 1160,4264 1163,4268 1170,4268 1174,4271 1184,4271 1188,4275 1198,4275 1202,4278 1223,4278 1226,4282 1240,4282 1244,4278 1247,4278 1254,4271 1258,4271 1258,4268 1261,4264 1261,4261 1264,4257 1264,4240 1268,4237"/>
      <TextLine id="line_49f20fc4-0be4-481a-88cd-480260322ec4">
        <Coords points="1100,4181 1169,4181 1179,4190 1197,4174 1204,4181 1235,4181 1268,4199 1268,4273 1232,4273 1121,4321 1100,4321"/>
        <Baseline points="1136,4260 1186,4259 1233,4255"/>
        <Word id="word_b74e0ed4-3d69-477d-8393-54d1dd91bf5a">
          <Coords points="1135,4225 1185,4224 1230,4220 1234,4265 1186,4269 1136,4270"/>
          <TextEquiv>
            <Unicode>N</Unicode>
          </TextEquiv>
        </Word>
        <TextEquiv conf="0.24022801220417023">
          <Unicode>N</Unicode>
        </TextEquiv>
        <TextStyle xHeight="57"/>
      </TextLine>
    </TextRegion>
    <TextRegion id="region_589f4f65-6cfe-4abb-b92c-07497f193eb2_5" custom="structure {type:catch-word;}">
      <Coords points="2250,4425 2254,4425 2257,4428 2268,4428 2271,4432 2289,4432 2292,4428 2316,4428 2320,4425 2330,4425 2327,4425 2323,4421 2320,4421 2313,4414 2309,4414 2303,4407 2268,4407 2264,4411 2261,4411 2261,4414"/>
    </TextRegion>
    <TextRegion id="region_68af7b15-8fce-4000-b353-e698298cff51">
      <Coords points="2569,4418 2614,4418 2614,4427 2569,4427"/>
      <TextLine id="line_71f3f87b-22f9-4414-951e-4a11aacef84c">
        <Coords points="2534,4387 2564,4362 2644,4366 2644,4440 2576,4440 2552,4447 2534,4439"/>
        <Baseline points="2570,4422 2609,4422"/>
        <TextStyle xHeight="32"/>
      </TextLine>
    </TextRegion>
    <TextRegion id="region_850a0a73-9dcd-4082-a224-52b2a52c8947">
      <Coords points="2625,4403 2766,4403 2766,4427 2625,4427"/>
      <TextLine id="a8a4f883-ebe9-4572-867f-c0f1d79fe5d5">
        <Coords points="2592,4343 2779,4344 2799,4358 2799,4430 2706,4430 2694,4441 2592,4441"/>
        <Baseline points="2628,4422 2678,4415 2728,4414 2764,4412"/>
        <Word id="word_cb28a1df-0740-4468-b730-7b1db4aabee7">
          <Coords points="2623,4387 2673,4380 2727,4379 2762,4377 2765,4422 2728,4424 2679,4425 2629,4432"/>
          <TextEquiv>
            <Unicode>ƒ</Unicode>
          </TextEquiv>
        </Word>
        <TextEquiv conf="0.6240341663360596">
          <Unicode>ƒ</Unicode>
        </TextEquiv>
        <TextStyle xHeight="33"/>
      </TextLine>
    </TextRegion>
  </Page>
</PcGts>
