3560 4958
1520 1127 1766 1175 boucken
1798 1130 1835 1176 (
1870 1128 1975 1175 bij
2009 1127 2186 1175 desen
2219 1131 2290 1177 in
2324 1133 2430 1179 een
2464 1135 2781 1182 versegelt
2814 1139 3024 1186 vasgen
3059 1138 3270 1186 gaende

1516 1270 1664 1317 niet
1701 1269 1924 1315 Connen
1960 1267 2183 1313 voorbi
2220 1267 2405 1313 Gaen,
2442 1268 2590 1314 omme
2627 1269 2664 1314 u
2701 1269 2813 1315 Ed.
2848 1269 2887 1316 e
2924 1264 3368 1313 tgepasseerde

1490 1390 1560 1435 in
1594 1388 1839 1434 sComp:s
1871 1389 2152 1437 affairen
2186 1392 2256 1439 en
2290 1391 2499 1439 andere
2533 1386 2812 1435 saecken,
2847 1386 2882 1431 (
2917 1384 3021 1431 die
3054 1379 3197 1429 doch

1514 1510 1634 1559 van
1671 1500 1985 1554 weijnich
2021 1500 2297 1550 Emporto
2335 1499 2530 1551 sijn,
2569 1506 2609 1552 )
2645 1504 2726 1553 te
2762 1483 3271 1546 communiceren,

1529 1641 1647 1688 tis
1686 1638 1804 1686 dan
1842 1637 2038 1683 sulcx
2076 1631 2468 1681 Continueel
2506 1623 2936 1676 Gediligeert
2973 1614 3248 1665 hebben,

1504 1757 1665 1809 omme
1705 1756 1862 1802 uEd:
1902 1755 2100 1802 vande
2135 1751 2534 1802 noodichste
2570 1753 2887 1800 Cleeden,
2925 1752 3045 1800 als
3084 1748 3376 1796 Guinees

1488 1891 1669 1941 roode
1703 1885 1850 1934 ende
1883 1878 2066 1928 witte
2102 1870 2574 1923 salampourijs,
2608 1873 2934 1919 percallen
2970 1866 3333 1917 bethilles—

1500 2007 1938 2063 Chijavenijs,
1973 1998 2409 2052 Canigoelongs
2444 1992 2627 2042 Etc:a
2662 1989 2735 2036 te
2771 1988 3206 2035 provideeren;

3222 1989 3259 2034 -

1498 2144 1747 2193 Econtra
1778 2141 1923 2191 onse
1957 2135 2206 2185 vrunden
2241 2135 2312 2181 d'
2347 2128 2702 2180 Engelsche,
2737 2128 2843 2173 soo
2877 2126 3021 2173 veel
3054 2112 3340 2170 mogelijk

1488 2273 1640 2321 daer
1674 2272 1790 2318 van
1825 2273 1902 2319 te
1938 2272 2313 2325 Excluaeren
2349 2280 2463 2331 rn.

1446 2494 1638 2544 Jnde
1685 2494 2019 2542 procure
2064 2495 2208 2542 der
2254 2492 2634 2541 Lijwaten
2682 2492 2967 2538 hebben
3013 2492 3346 2539 tsedert

1493 2633 1688 2682 onsen
1726 2633 2307 2683 vooraengetoogen
2345 2627 2656 2678 Jongsten
2694 2625 3004 2673 weijnich
3043 2622 3364 2670 verande„

1496 2761 1681 2809 ringe
1717 2763 2010 2812 Erlangt.
2047 2767 2194 2814 maer
2228 2767 2304 2814 is
2339 2763 2524 2810 alles
2561 2763 2634 2808 in
2671 2763 2817 2808 een,
2853 2760 2927 2807 en
2962 2752 3221 2805 d'selve
3257 2752 3294 2797 —

1462 2904 1768 2953 Termines
1805 2901 2073 2949 blijven
2111 2901 2571 2953 Continueren,
2608 2908 2799 2954 sware
2837 2903 3334 2953 wenschelijcq-

1482 3044 1588 3091 den
1623 3043 2083 3094 toevloeijende
2118 3049 2330 3095 handel
2363 3049 2471 3095 die
2507 3049 2613 3096 van
2648 3051 2790 3096 tijt
2824 3052 2932 3099 tot
2965 3055 3074 3102 tut

1489 3176 1889 3228 aenneempt,
1926 3178 2088 3232 naer
2126 3188 2445 3246 d'Eijsch
2483 3202 2722 3249 conden
2761 3200 3238 3248 onderstutten
3273 3200 3318 3249 -

1480 3316 1662 3365 Edoch
1698 3318 1916 3371 theeft
1951 3326 2061 3371 ons
2096 3325 2351 3376 augusto
2387 3330 2532 3376 pass
2568 3332 2714 3378 lato
2749 3333 2822 3380 al
2858 3335 2967 3380 aen
3002 3335 3329 3384 Contanten

1480 3473 1995 3523 gemancqueert,
2033 3471 2389 3521 t'ontseth
2428 3473 2547 3519 met
2586 3473 2903 3520 schiedam
2942 3468 3341 3518 monterende

1467 3604 1509 3651 a
1544 3609 1815 3657 190400:
1853 3608 1971 3654 den
2007 3610 2200 3659 11=en
2238 3608 2431 3656 Julij
2469 3609 2741 3657 passato
2777 3611 2894 3657 van
2931 3601 3317 3654 paliacatta

1491 3750 1794 3800 becomen;
1830 3753 2018 3800 heeft
2054 3753 2168 3800 ons
2205 3749 2506 3800 weijnich
2542 3746 2581 3793 (
2617 3742 2881 3790 vermits
2917 3741 3333 3793 meestendeel

1498 3870 1610 3919 tot
1648 3874 1722 3919 de
1759 3874 2019 3921 procure
2056 3875 2168 3921 der
2205 3873 2540 3920 persische
2576 3873 2874 3921 Lijwaten
2910 3874 3060 3922 daer
3096 3870 3210 3918 van

1475 4011 1652 4062 dhr:
1692 4017 2123 4064 Wollebrant
2164 4018 2595 4066 Geleijnsen
2638 4020 2724 4066 90
2766 4015 2939 4064 Gul:
2981 4013 3326 4062 Eijscht,

1460 4146 1620 4199 sijn
1660 4154 2098 4201 uijtgeseth.
2137 4154 2377 4200 Connen
2415 4150 2854 4199 assisteren,
2892 4153 3013 4201 soo
3052 4156 3172 4201 dat
3212 4155 3333 4201 uEd

3043 4314 3268 4367 wel

605 283 794 349 Julio
828 277 903 326 a.
938 275 1013 322 o.
1047 275 1195 323 1646

1313 799 1492 850 Dagh
1536 799 1888 846 Register
1932 799 2198 850 wegens
2239 806 2331 853 't
2372 810 2858 858 gepasseerde

1951 581 2147 628 pie

1885 457 2336 510 Tonckin

2866 460 3121 509 164
