3642 4828
1193 530 1373 585 mey
1427 522 1666 572 1646

1382 673 1619 729 Chavenijs
1644 671 1698 718 d'
1723 668 1881 715 16asta
1906 666 2013 713 500.
2038 666 2092 712 p.
2117 665 2144 710 s
2169 661 2328 709 bruijn
2353 660 2511 706 blauwe
2537 660 2590 706 d.
2616 660 2670 706 os
2695 661 2801 709 9413
2826 665 2879 710 p.
2905 665 2931 710 s
2955 663 3222 711 gebleeckte

1375 775 1609 829 percellen
1633 772 1686 819 d'
1709 769 1762 816 12
1786 765 1890 813 asta
1914 762 1992 808 442
2018 761 2095 807 p:s
2121 761 2249 807 roode
2274 760 2352 806 end
2377 761 2428 806 29
2454 761 2608 807 8v.:rs
2633 760 2864 806 gebleecke
2889 760 3070 807 moeurs:
3094 763 3146 808 d'
3170 762 3222 807 18
3247 761 3353 813 asta

1375 885 1460 936 345
1485 886 1517 933 p
1542 882 1572 928 s
1597 872 1881 926 gebleeckte
1907 866 2162 915 percallen
2189 867 2247 912 d'
2274 868 2330 914 10
2358 869 2386 914 @
2414 866 2527 913 3200
2554 863 2611 910 p.
2639 861 2667 906 s
2694 857 3060 906 Caingoulonghs
3088 857 3173 903 640
3200 855 3285 902 p=s

1375 987 1574 1041 Chelas
1607 987 1674 1032 32
1705 986 1740 1032 a
1772 984 1872 1030 p:s
1904 978 2104 1029 Madops
2135 976 2271 1023 7200
2299 975 2435 1024 p:s.
2468 963 2832 1020 taffachelas
2863 960 2931 1006 d'
2963 957 3262 1003 narsapour

1372 1094 1505 1142 1920
1537 1092 1604 1139 p.
1636 1091 1670 1137 s
1702 1080 2001 1135 Madaphons
2034 1079 2167 1126 5800
2199 1079 2233 1124 D
2265 1077 2299 1123 s
2332 1075 2531 1122 Blouwe
2564 1071 2796 1121 Boulons
2828 1070 2961 1121 7900
2993 1074 3093 1120 P„s
3126 1074 3440 1125 seyldoecq

1357 1206 1452 1254 327
1483 1204 1546 1250 p.
1575 1202 1609 1249 s
1639 1197 1765 1246 fyne
1795 1189 2015 1241 hembden
2046 1186 2172 1234 ende
2202 1183 2328 1232 3200
2358 1182 2422 1229 p.
2452 1185 2485 1231 s
2515 1181 2765 1232 donghijs
2796 1178 3015 1226 gepacke
3047 1169 3359 1224 monterende

1367 1308 1470 1356 met
1503 1303 1573 1352 d'
1606 1286 2088 1346 gesupporteerde
2121 1280 2397 1330 ongelden
2431 1280 2535 1325 ter
2568 1281 2740 1329 somme
2774 1284 2878 1330 van
2910 1283 2946 1328 ƒ
2979 1276 3360 1328 172676„2„8„

1374 1409 1638 1468 adracture
1665 1404 1783 1452 naer
1810 1398 1928 1448 Bata
1956 1397 2247 1447 vertrocken
2275 1398 2392 1446 was,
2420 1395 2508 1442 den
2536 1389 2827 1440 almogenden
2856 1385 3088 1434 geleijde
3117 1381 3320 1430 gemelte

1367 1521 1534 1567 fluyt
1563 1511 1865 1563 spoedigeh
1896 1509 1965 1555 In
1994 1504 2165 1554 salvo

1295 1710 1559 1765 Meester
1594 1696 1934 1753 pinneston
1969 1692 2459 1740 Iegenwoordigh
2496 1683 2872 1737 onverhooft
2908 1679 3022 1728 der
3059 1675 3365 1724 Engelsen

1368 1816 1429 1863 op
1459 1809 1791 1860 masulipatai
1820 1804 2001 1853 stondt
2031 1801 2212 1848 binnen
2241 1802 2273 1847 4
2302 1803 2332 1848 a
2362 1803 2392 1848 5
2422 1801 2573 1848 dagen
2602 1797 2724 1845 omme
2752 1794 2844 1841 den
2873 1790 3054 1838 agendt
3085 1788 3205 1835 pvie
3234 1786 3299 1836 in

1369 1906 1686 1963 Madrespatam
1714 1903 1772 1950 te
1800 1898 2058 1947 verlobsen
2087 1898 2173 1943 met
2201 1897 2287 1943 hun
2316 1897 2459 1942 Jacht
2488 1897 2546 1942 op
2573 1897 2631 1943 5.
2659 1893 2718 1941 en
2745 1889 2889 1937 april
2916 1884 3090 1933 aldaer
3116 1882 3204 1928 Van
3230 1880 3262 1927 —

1372 2008 1528 2064 Peguw
1556 2002 1894 2052 g'arriveert
1924 1999 2199 2047 derwaerts
2229 1998 2291 2044 te
2321 1992 2658 2043 vertrecken,
2687 1988 2810 2035 ende
2839 1985 2993 2033 eenen
3022 1984 3085 2029 M.
3113 1981 3146 2027 r
3175 1977 3360 2024 Winter

1371 2101 1573 2152 gewesen
1602 2099 1745 2146 hooft
1772 2097 1831 2144 in
1859 2091 2205 2141 wierwasseron
2233 2090 2291 2136 in
2318 2089 2549 2135 desselfs
2577 2088 2750 2134 plaets
2779 2088 2836 2133 te
2864 2080 3152 2132 succederen
3180 2078 3209 2124 —

1348 2273 1456 2334 Bij
1485 2256 1969 2314 vooraengetogen
2002 2252 2243 2300 missive
2277 2253 2483 2303 vanden
2516 2258 2585 2304 oo
2619 2259 2859 2305 verwoop
2894 2259 2997 2305 men
3030 2260 3134 2308 S:r
3168 2259 3444 2308 Maertius

1379 2363 1431 2409 d'
1455 2358 1610 2408 vroede
1635 2358 1764 2404 werdt
1790 2357 1918 2403 onder
1944 2357 2124 2403 anderen
2149 2357 2432 2403 g'adviseert
2457 2358 2535 2404 hoe
2560 2359 2611 2404 op
2637 2359 2714 2404 den
2740 2358 2817 2404 26.
2842 2358 2869 2404 '
2893 2359 3125 2405 februarij
3150 2357 3331 2405 passado
3356 2358 3406 2403 —

1368 2450 1569 2498 volgens
1596 2452 1937 2498 salrlicxsche
1965 2453 2193 2499 gewoonte
2221 2453 2307 2499 den
2334 2453 2505 2501 Boijon
2534 2456 2647 2501 ende
2676 2456 2846 2501 andere
2874 2455 3073 2501 grooten
3102 2453 3159 2500 in
3186 2450 3272 2497 die

1365 2557 1658 2609 Quartieren
1685 2553 1774 2601 bij
1803 2553 1980 2599 d'onse
2007 2555 2125 2601 inde
2154 2556 2301 2603 logie
2328 2557 2563 2605 Comende,
2591 2559 2709 2605 omme
2738 2557 2943 2606 volgens
2971 2554 3118 2602 onder
3147 2553 3352 2599 usantie

1363 2666 1460 2717 hun
1489 2657 1806 2709 fermiliden
1837 2657 1996 2704 feest
2026 2658 2121 2704 met
2152 2657 2343 2706 d'onse
2373 2662 2625 2709 t'houden
2656 2664 2909 2710 daeruijt
2939 2664 3034 2710 goe
3065 2662 3256 2709 betert

1365 2771 1509 2821 sulck
1537 2770 1624 2816 een
1653 2769 1882 2815 droedigh
1911 2769 2111 2814 ongeval
2140 2769 2371 2817 ontstaen
2397 2773 2484 2819 Is,
2512 2774 2599 2821 dat
2627 2776 2713 2821 sin
2741 2776 2971 2823 uijtgaen
2999 2775 3143 2822 Vande
3172 2773 3316 2820 logie

1368 2875 1463 2922 den
1492 2871 1717 2919 anderen
1748 2872 1875 2918 noch
1907 2872 1971 2917 al
2002 2873 2097 2918 met
2129 2873 2446 2920 vermilioen
2478 2874 2731 2924 werpende
2763 2879 2858 2924 den
2890 2878 3049 2924 onder
3080 2878 3344 2930 Coopman—

1355 2984 1513 3034 Jacob
1544 2983 1638 3030 van
1667 2979 1794 3028 Bost
1826 2978 1982 3024 onder
2013 2978 2108 3023 dit
2138 2979 2327 3027 gewoel
2358 2982 2421 3027 in
2452 2983 2546 3030 syn
2575 2983 2734 3030 handt
2765 2983 2860 3029 met
2890 2985 2984 3030 een
3015 2983 3331 3033 Houwerdoch
3358 2989 3391 3035 —

1376 3096 1640 3150 onversiens
1663 3091 1744 3140 een
1769 3087 2007 3135 schrabjen
2034 3086 2113 3132 dat
2138 3086 2192 3132 't
2217 3087 2376 3134 bloede
2401 3089 2613 3139 gecregen
2638 3094 2797 3144 heeft,
2823 3100 3033 3146 daerdoor
3060 3099 3139 3145 soo
3163 3095 3349 3142 heftich

1421 3206 1683 3259 werdende,
1711 3203 1799 3249 dat
1827 3201 1973 3248 (niet
2002 3200 2350 3246 Iegenstaende
2379 3200 2467 3246 van
2495 3201 2612 3249 sijn
2640 3201 2988 3250 opverhoofden
3017 3199 3220 3246 belast,
3248 3190 3366 3244 ende

1343 3324 1479 3374 door
1509 3317 1648 3369 twee
1678 3305 2219 3359 ondercoopluijden
2253 3300 2625 3349 aengemaendt
2656 3300 2859 3349 wierdt
2892 3298 3129 3347 daervan
3161 3292 3263 3341 soo
3294 3286 3431 3336 veel

1346 3431 1500 3488 spees
1529 3427 1650 3475 niet
1678 3424 1740 3471 te
1768 3418 1981 3469 maecken
2011 3418 2102 3463 met
2131 3418 2222 3464 syn
2252 3418 2403 3464 degen
2432 3416 2554 3462 inde
2583 3415 2764 3463 Duijst
2793 3414 2884 3460 met
2914 3414 3065 3460 grote
3095 3406 3337 3460 suelheyt

1363 3540 1541 3590 uwerd'
1569 3533 1836 3585 Huijsinge
1865 3532 1954 3578 van
1983 3529 2249 3577 geroerden
2278 3527 2456 3573 Bonjon
2485 3527 2751 3575 gelogpen,
2777 3526 2898 3575 ende
2928 3522 3194 3571 denselven
3221 3523 3256 3572 —

1358 3657 1454 3704 met
1485 3650 1646 3701 veele
1677 3645 1838 3695 volcx
1869 3639 2319 3690 vergeselschapt
2350 3640 2607 3687 vieende,
2633 3636 2767 3686 ende
2798 3632 2895 3680 den
2926 3629 3119 3677 hontra
3150 3625 3345 3673 Vanden

1315 3761 1495 3816 Benjon
1523 3751 1819 3803 dreijgende
1849 3751 1908 3796 's
1937 3751 2086 3798 leven
2113 3750 2175 3795 te
2203 3751 2441 3798 benemen,
2470 3750 2618 3798 sulcx
2646 3749 2736 3794 met
2764 3747 2824 3793 d'
2853 3743 3090 3791 dienaers
3118 3739 3238 3788 hans
3266 3739 3302 3788 —

1345 3871 1518 3929 gemeen
1544 3862 1773 3914 werdende
1801 3861 1859 3907 Is
1885 3859 1943 3905 in
1971 3857 2085 3904 dese
2114 3857 2313 3903 temulte
2340 3859 2426 3906 met
2454 3861 2541 3908 een
2567 3863 2682 3909 pick
2709 3864 2766 3909 in
2794 3861 2880 3908 syn
2908 3854 3135 3905 sluncker
3163 3850 3323 3899 borst

1348 3974 1514 4028 byden
1546 3969 1678 4018 hals
1710 3965 2104 4014 nederwaerdts
2135 3967 2561 4018 g'Inflingeert
2593 3972 2855 4019 geworden
2887 3966 3150 4017 sodanich
3181 3961 3281 4010 dat

1345 4084 1445 4131 een
1477 4080 1612 4128 half
1645 4079 1745 4126 wyr
1778 4075 1912 4123 naer
1945 4072 2079 4119 dato
2112 4072 2179 4117 de
2212 4072 2380 4118 Comen
2412 4075 2820 4127 t'overlijden
