3560 4958
1565 1182 1886 1238 geslagen,
1920 1193 2064 1240 ende
2095 1194 2275 1241 laten
2310 1193 2700 1241 verblijven,
2734 1193 3054 1242 aengesien
3089 1197 3161 1244 d'
3195 1199 3267 1245 E:
3299 1197 3408 1244 Com

1548 1324 1935 1374 ongelujck
1978 1328 2150 1375 meer
2192 1331 2323 1379 dan
2364 1334 2493 1381 ree
2533 1332 2665 1379 wel
2706 1328 3051 1376 Geeuscht
3093 1328 3396 1377 becomen

1537 1465 1893 1530 heeft,

1369 1774 1478 1838 De
1527 1763 1635 1817 te
1683 1746 1950 1805 doene
2002 1733 2581 1790 schenckagie
2634 1728 2949 1778 aenden
3002 1726 3370 1773 Keijser

1520 1904 1943 1964 Rijcrraden
1984 1902 2110 1949 als
2151 1899 2444 1947 Grooten
2483 1898 2569 1947 te
2609 1890 2861 1942 hoove,
2902 1890 2986 1935 de
3027 1876 3404 1933 Gouvern=r

1554 2057 1788 2105 doorde
1826 2049 2099 2100 Tolcken
2136 2041 2525 2093 vertoocht;
2564 2037 2681 2086 was
2717 2031 2875 2082 seer
2914 2022 3266 2075 aengenaem

1573 2199 1721 2246 ende
1758 2189 2055 2244 haerooch
2091 2182 2462 2232 bevallich,
2497 2176 2573 2224 de
2610 2170 2869 2220 naerder
2906 2162 3129 2215 Estime
3164 2157 3277 2205 des
3313 2156 3351 2201 —

1597 2333 1871 2389 selffs
1916 2332 2008 2378 te
2053 2334 2282 2381 hoove
2325 2327 2464 2378 sal
2509 2318 2646 2370 ons
2689 2314 2828 2361 p:r
2872 2310 3011 2359 den
3054 2296 3239 2353 tijt

1572 2489 1734 2536 mede
1771 2477 2057 2533 bekent,
2097 2477 2259 2525 ende
2300 2478 2462 2525 uEd:
2500 2459 2826 2522 benevens
2863 2455 2947 2501 't
2986 2442 3395 2499 verrichten

1566 2618 1654 2670 de
1695 2613 1865 2661 weet
1901 2612 2033 2660 van
2075 2603 2329 2656 Cunnen
2369 2592 2624 2645 gedaen
2663 2578 2961 2634 werden,
3000 2559 3341 2622 welckers

1568 2735 1797 2785 reijse
1834 2730 1911 2778 't
1947 2723 2292 2773 aenvangen
2328 2707 2749 2770 eerstdaechs
2787 2702 2939 2750 sijn
2975 2681 3358 2746 voortgangh

1560 2853 1957 2908 mitsgaders
1994 2850 2114 2897 een
2153 2850 2232 2897 as
2271 2846 2586 2899 sistent,
2624 2840 2744 2890 een
2782 2828 3098 2883 barbier,
3134 2811 3295 2871 ende

1566 2984 1727 3034 twee
1766 2974 2089 3027 dienaers
2128 2972 2290 3019 waer
2328 2966 2531 3017 onder
2570 2958 2692 3010 een
2731 2950 2933 3003 swart
2971 2931 3295 2993 benevens

1570 3102 1654 3147 nu
1696 3100 1906 3147 meede
1947 3098 2200 3147 nemen,
2240 3094 2410 3143 ende
2449 3090 2535 3138 de
2576 3076 2872 3134 vordere
2910 3061 3165 3118 alhier
3205 3055 3335 3105 ter

1547 3231 1933 3288 Comptoire
1975 3232 2189 3277 laten
2230 3226 2660 3277 verblijven
2701 3221 2873 3271 sal,

2095 3422 2218 3470 ff
2272 3419 2707 3468 patroon
2765 3410 2952 3465 van
3012 3395 3381 3455 d'heer

1449 3453 1888 3522 doosken
1929 3435 2074 3496 of

1551 3588 1820 3647 arima.
1862 3584 1998 3631 p:r
2037 3581 2174 3632 den
2217 3573 2307 3623 E:
2348 3569 2484 3615 van
2527 3561 2749 3615 'tzum
2788 3548 2970 3604 sijn
3012 3533 3325 3592 Dienaer

1542 3712 1786 3762 alhier
1821 3707 2231 3759 vergeeten,
2270 3701 2434 3750 Gaet
2473 3699 2555 3745 nu
2594 3686 2879 3742 nevens,

1467 3957 2042 4012 Jnsgelijcx.
2093 3949 2406 4003 wegens
2456 3946 2562 3995 't
2606 3894 3288 3989 sickingodonne

2003 4106 2118 4159 ter
2153 4104 2265 4150 van
2300 4102 2411 4150 een
2445 4097 2813 4145 scheercken
2850 4092 2996 4142 daer
3030 4084 3106 4135 op
3139 4067 3398 4126 soodani

1523 4119 1685 4173 een
1735 4111 1952 4159 mons

3070 4220 3345 4291 wijse

713 267 906 325 Julio
943 264 1058 311 ao.
1095 263 1249 310 1646

1435 790 1611 838 Dagh
1653 788 2001 838 Register
2042 790 2304 843 wegens
2346 799 2391 846 t
2433 802 2910 851 gepasseerde

2008 570 2198 619 pie

1930 443 2379 500 Jonckein

2935 454 3174 502 1641
