3703 4828
1338 654 1695 706 Goederen
1739 662 2006 709 moeten
2050 662 2363 713 Betaelt
2406 667 2674 714 werden
2718 666 2808 712 op
2851 665 3120 713 groote
3163 668 3476 717 straffe

1314 754 1436 800 die
1476 753 1840 798 contrarij
1880 749 2205 798 pleecht)
2244 752 2408 799 maer
2447 755 2569 804 17¼
2609 758 2730 805 p=r
2770 756 2973 802 cento
3013 757 3095 803 nu
3134 756 3420 803 gelieve

1304 868 1488 916 uEd=e
1524 861 1782 913 eenmael
1819 859 1893 906 te
1928 850 2407 903 considereren,
2443 850 2554 896 off
2590 850 2665 895 te
2701 849 2776 894 d'
2812 850 3070 896 eerste,
3106 851 3216 897 off
3253 850 3327 896 te
3363 850 3438 896 de

1301 966 1512 1016 leste
1554 962 1765 1010 winst
1806 959 1976 1007 voor
2017 953 2228 1002 recht
2270 949 2439 996 mach
2481 942 2902 996 g'oordeelt
2944 941 3239 989 werden,
3280 941 3450 989 want

1311 1061 1454 1114 een
1500 1057 1828 1105 coopman
1874 1050 2202 1101 behoort
2244 1046 2529 1095 immers
2575 1043 2669 1090 te
2714 1033 3183 1087 reeckenen,
3230 1029 3372 1078 wat

1304 1174 1425 1219 het
1465 1170 1666 1218 geldt
1706 1164 2028 1213 renderen
2067 1160 2189 1208 can
2227 1154 2350 1204 ter
2386 1139 2711 1198 plaatss:
2750 1131 2912 1182 daer
2950 1126 3033 1174 de
3072 1118 3394 1169 goederen

1314 1275 1590 1331 incoopt
1628 1268 1824 1320 off't
1861 1262 2057 1311 soude
2093 1254 2251 1306 sigh
2288 1237 2718 1299 eijndelijck
2753 1228 3107 1281 bedroogen
3142 1216 3418 1272 vinden)

1319 1384 1471 1436 ende
1506 1375 1734 1427 sullen
1770 1371 1959 1419 ued„e
1995 1358 2485 1416 ongetwijffelt
2521 1352 2673 1402 daer
2710 1347 2824 1396 bij
2859 1337 3087 1390 laesen
3122 1326 3464 1381 continuer

1310 1483 1434 1535 dat
1472 1477 1556 1526 de
1592 1466 1921 1521 goederen
1959 1462 2083 1509 die
2122 1458 2245 1506 van
2283 1453 2448 1503 hier
2486 1448 2651 1497 naer
2691 1437 2935 1492 gamron
2974 1427 3219 1480 senden
3258 1419 3463 1471 voort

1314 1592 1611 1653 verlies
1650 1583 1738 1634 op
1777 1572 1864 1624 de
1903 1555 2287 1614 contanten
2327 1551 2455 1598 van
2495 1545 2667 1595 daer
2707 1536 3005 1588 gecomen
3045 1522 3387 1580 beswaert

1317 1698 1584 1754 werden,
1621 1694 1737 1742 off
1774 1692 1851 1738 te
1887 1687 2119 1737 tselve
2156 1676 2539 1731 remedieren
2574 1665 2806 1720 laaten
2844 1664 2882 1709 „

1238 1836 1363 1884 Dat
1403 1833 1527 1880 het
1568 1832 1979 1878 ebbenhoudt
2020 1832 2184 1878 jnde
2225 1830 2513 1877 factura
2553 1827 2718 1874 niet
2757 1824 3088 1872 gebracht
3128 1824 3212 1871 is
3251 1824 3418 1872 hebb

1286 1937 1421 1985 wij
1465 1933 1644 1980 niet
1689 1931 2092 1978 versuijmt
2135 1931 2315 1978 want
2358 1927 2539 1976 daer
2583 1922 2718 1971 van
2762 1915 2942 1964 geen
2985 1905 3348 1959 kennisse

1301 2039 1554 2098 gehadt
1594 2032 1886 2082 hebben,
1926 2032 2217 2081 d'wijle
2257 2027 2423 2075 noch
2463 2022 2548 2071 jn
2587 2017 2672 2066 de
2712 2009 3127 2061 Batavische
3168 2007 3458 2056 factura

1302 2147 1467 2200 noch
1504 2141 1590 2191 in
1630 2136 1958 2184 nassouws
1998 2123 2531 2182 Cognoissement
2569 2119 2735 2168 daer
2775 2116 2899 2164 van
2939 2108 3476 2160 gementioneert

1314 2250 1407 2302 is
1448 2229 1768 2290 geweest

1218 2397 1323 2447 Van
1353 2391 1659 2439 gelijcken
1691 2391 1827 2438 is't
1861 2393 1996 2438 geen
2028 2390 2299 2439 abbuijs,
2331 2388 2433 2435 dat
2467 2387 2568 2433 wij
2601 2387 2669 2433 't
2703 2386 2973 2432 bedragen
3005 2385 3108 2432 der
3140 2385 3444 2433 proviesie

1318 2494 1506 2549 door
1551 2489 1787 2537 uEd=e
1833 2487 2069 2534 ordre
2114 2484 2210 2531 jn
2256 2480 2585 2528 nassouw
2632 2480 2820 2527 voor
2866 2481 2961 2528 d'
2996 2472 3337 2528 jachten

1316 2594 1402 2646 in
1443 2586 1692 2639 persin
1732 2580 2146 2632 gescheept)
2185 2575 2352 2623 jnde
2392 2571 2682 2620 factura
2724 2570 2889 2616 niet
2930 2560 3467 2614 uijtgetrocken

1293 2705 1584 2764 hebben,
1622 2697 1789 2749 want
1828 2689 1993 2741 jnde
2033 2681 2362 2733 batavise
2403 2679 2526 2725 d„o
2567 2679 2731 2724 maer
2772 2678 3018 2724 binnen
3058 2674 3141 2722 d'
3181 2663 3387 2718 linne

1313 2798 1392 2850 is
1427 2786 1690 2842 gestelt
1727 2779 2026 2830 geweest,
2064 2774 2325 2824 gelijck
2362 2769 2475 2818 dat
2511 2762 2811 2813 behoort,
2848 2761 3035 2807 alsoo
3071 2753 3222 2805 dese
3258 2750 3446 2797 reeck

1319 2892 1482 2943 geen
1522 2883 1968 2936 gemeenschap
2006 2880 2130 2928 met
2170 2880 2252 2926 d'
2292 2869 2698 2923 comptoiren
2738 2864 2981 2914 heeft,
3021 2858 3184 2907 ende
3223 2851 3468 2902 daerom

1324 2993 1609 3055 oordele
1648 2984 1971 3036 qualijck
2010 2977 2292 3029 gedaen,
2332 2973 2453 3021 dat
2492 2970 2574 3016 d'
2613 2970 2695 3016 E:
2733 2958 3136 3014 geleijnsen
3177 2958 3217 3003 t
3254 2952 3458 3003 compt

1309 3091 1630 3154 generael
1669 3089 1829 3135 daer
1868 3089 2027 3135 voor
2065 3074 2543 3133 gecrediteert
2581 3064 2783 3119 heeft

1293 3313 1691 3361 Debroocken
1730 3310 1890 3357 podt
1928 3310 2089 3358 loot
2124 3312 2208 3359 is
2246 3308 2406 3356 hier
2446 3307 2605 3352 mede
2645 3306 2804 3352 niet
2844 3303 3202 3351 getrocken
3241 3301 3481 3350 daerom

1312 3402 1554 3460 tselve
1593 3401 1673 3447 jn
1713 3398 1992 3447 nasrouw
2031 3390 2351 3443 gelaaten
2390 3387 2671 3434 hebben,
2709 3388 2869 3434 niet
2908 3386 3148 3433 anders
3187 3384 3467 3431 wetende

1315 3503 1390 3548 op
1426 3494 1800 3547 d'advijsen
1836 3491 1949 3539 van
1986 3487 2247 3536 persien
2285 3486 2359 3532 (:
2396 3482 2509 3530 soo
2545 3477 2695 3526 veel
2731 3474 2919 3522 mijne
2955 3468 3257 3519 directie

1310 3586 1836 3638 concerneerdt,
1876 3584 1957 3630 t'
1996 3579 2481 3630 repliceeren,
2521 3580 2682 3626 ende
2723 3580 2884 3626 daer
2924 3578 3086 3625 door
3126 3577 3247 3623 van
3288 3574 3450 3622 onse

1297 3685 1561 3736 rechte
1603 3682 1913 3730 materie
1956 3679 2133 3727 vrij
2176 3671 2705 3723 affgeweecken
2748 3668 3057 3716 sijnde,
3101 3665 3367 3713 sullen

1299 3779 1472 3827 (:om
1514 3774 1687 3824 daer
1729 3771 1859 3818 toe
1902 3772 2118 3821 weder
2160 3774 2248 3820 te
2287 3774 2549 3821 comen)
2591 3769 3024 3819 repiteeren

1216 3946 1349 3995 Dat
1393 3943 1526 3989 den
1569 3943 1658 3989 26
1700 3943 2010 3991 passado
2053 3945 2318 3992 tschip
2362 3944 2670 3991 nassouw
2714 3941 2846 3988 van
2889 3939 3155 3986 gamron
3197 3936 3375 3984 hier

1298 4027 1857 4096 geretourneert
1897 4030 2068 4078 sijn
2109 4030 2409 4079 wanneer
2451 4031 2835 4080 dadelijck
2876 4035 3090 4081 ordre
3132 4023 3430 4078 gegeven

1305 4129 1539 4186 hebbe
1583 4124 1678 4173 om
1724 4122 1818 4168 d'
1863 4116 2330 4169 Bijderhant
2376 4116 2704 4163 wesende
2747 4120 2842 4167 en
2888 4120 3355 4168 opgeslagen

1303 4223 1692 4287 goederen
1739 4220 1837 4266 jn
1883 4218 2177 4265 Reneer
2225 4216 2420 4263 uijt
2467 4217 2566 4263 d'
2614 4206 3149 4266 packhuijsen

1325 4312 1819 4378 tarbeijden,
1863 4308 1953 4356 te
1997 4306 2446 4353 verthollen
2490 4306 2670 4352 ende
2715 4307 2895 4357 naer
2939 4308 3343 4359 sougalijs

2861 4470 3305 4522 strandt
