3703 4828
1339 651 1556 700 meest
1597 656 1771 706 alle
1811 662 1985 708 naer
2026 662 2157 709 hun
2200 663 2458 715 deucht
2501 670 2761 717 Cevijl
2803 671 2932 717 van
2974 671 3234 722 prijs,
3276 678 3450 728 wed:

1302 753 1443 809 wel
1488 752 1900 801 gevallen,
1937 751 2127 802 ende
2171 747 2310 795 hoe
2354 748 2582 793 verre
2628 748 2810 794 daer
2856 746 3038 794 jnne
3083 746 3176 795 te
3218 748 3496 797 handel

1303 840 1504 898 wert
1552 837 1700 884 mij
1747 832 2190 885 aengenaem
2239 831 2337 877 t'
2386 828 2681 876 sijner
2729 830 2926 878 tijt
2975 833 3122 878 van
3170 833 3367 884 uEd:

1351 936 1450 984 te
1496 930 1938 981 verstaen,
1986 927 2133 974 soo
2181 921 2377 970 gaet
2423 919 2621 966 oock
2668 917 2865 964 mede
2913 917 3060 965 een
3109 914 3304 962 pack

1317 1024 1635 1084 schoone
1678 1018 1859 1068 ende
1903 1016 2038 1062 wel
2083 1010 2622 1062 geschilderde
2667 1006 2981 1055 gobaers
3026 1006 3116 1053 In
3159 1005 3477 1060 carcall

1336 1116 1469 1162 tot
1513 1114 1647 1160 een
1691 1111 1958 1158 preuve
2000 1108 2091 1155 op
2134 1099 2535 1151 gemaeckt,
2578 1094 2846 1143 sijnde
2890 1093 2979 1140 d'
3021 1092 3470 1142 Committers

1332 1208 1606 1261 aldaer
1651 1205 1833 1253 mede
1878 1202 2015 1249 int
2058 1197 2287 1246 werck
2332 1188 2696 1241 gestelt,
2740 1185 2877 1232 soo
2922 1183 3059 1230 dat
3103 1175 3286 1227 godt
3329 1162 3423 1218 de

1335 1293 1703 1350 voorste)
1748 1289 1886 1337 bij
1931 1281 2436 1333 continuatie
2480 1272 2757 1325 vanden
2802 1265 3078 1316 handel
3123 1262 3492 1310 derwaert

1332 1384 1506 1434 daer
1547 1381 1677 1429 toe
1715 1377 1892 1426 sich
1932 1372 2020 1421 d'
2059 1364 2493 1416 apparentie
2534 1363 3093 1414 favorabelder,
3135 1361 3264 1407 als
3306 1359 3436 1406 wel

1328 1473 1486 1522 voor
1525 1471 1721 1518 desen
1758 1461 2151 1518 verthonen,
2188 1458 2346 1505 niet
2386 1457 2464 1503 en
2502 1457 2894 1506 twijffele,
2933 1458 3052 1503 off
3090 1457 3207 1504 sal
3247 1457 3325 1502 d'
3363 1457 3450 1505 E:

1302 1578 1528 1635 Comp.
1569 1569 1706 1621 van
1748 1550 2284 1612 geschilderde
2327 1549 2641 1596 doecken
2684 1551 2819 1599 tot
2863 1552 3175 1598 meerder
3219 1549 3487 1597 conten

1327 1657 1639 1712 „tement
1681 1643 1950 1701 Cunnen
1992 1636 2306 1687 gedient
2349 1635 2662 1682 werden,
2705 1637 2840 1683 off
2884 1638 2973 1683 nu
3018 1636 3285 1683 geviel
3329 1633 3464 1680 dit

1326 1747 1526 1796 schip
1561 1740 1683 1790 soo
1722 1733 2038 1784 spoedich
2076 1730 2196 1777 als
2233 1729 2353 1776 wel
2391 1724 2748 1774 verhoope,
2787 1724 2867 1770 d'
2903 1723 3142 1771 reijse
3181 1721 3458 1767 buijten

1314 1835 1414 1884 om
1452 1829 1658 1879 niet
1706 1823 1951 1873 conde
1999 1818 2390 1868 gewinnen
2438 1814 2634 1862 maer
2683 1811 2878 1858 door
2926 1797 3416 1855 contrarie—

1279 1914 1617 1970 winden,
1661 1909 1857 1959 ende
1904 1904 2336 1953 Teduchten
2383 1901 2719 1948 ongeval
2766 1899 2911 1946 bij
2958 1893 3485 1943 mancquement

1338 1998 1473 2045 van
1517 1994 1787 2042 eenige
1831 1987 2549 2039 nootwendicheden,
2593 1983 3133 2032 genootsaeckt
3175 1983 3447 2033 wierde

1323 2083 1512 2141 sijn
1557 2077 1786 2126 cours
1832 2075 2015 2122 door
2059 2077 2153 2123 de
2196 2077 2472 2127 strate
2518 2082 2655 2130 van
2700 2082 3067 2130 Mallacca
3110 2079 3205 2126 te
3248 2072 3480 2124 nemen

1326 2172 1562 2221 blijft
1600 2170 1679 2217 d'
1719 2160 2229 2215 opperhooftden
2267 2161 2620 2211 desselffs
2658 2164 2933 2213 gelast,
2972 2168 3090 2213 aen
3129 2166 3207 2211 t'
3245 2165 3449 2214 eerst

1337 2256 1903 2308 t'ontmoetent
1950 2254 2234 2300 schip,
2275 2253 2753 2300 tenderende
2800 2255 2989 2304 naer
3035 2252 3272 2303 saijo
3316 2246 3461 2296 van

1327 2344 1867 2393 tvereijschte
1908 2345 2091 2394 voor
2135 2342 2406 2390 Jappan
2450 2344 2766 2395 volgens
2809 2350 2901 2396 de
2944 2342 3260 2396 memorie
3303 2333 3441 2385 hun

1327 2436 1509 2488 daer
1553 2434 1688 2481 van
1733 2433 2003 2480 appart
2047 2430 2227 2477 mede
2270 2428 2630 2475 gegeven,
2673 2431 2900 2479 onder
2943 2432 3438 2481 behoorlijck

1312 2524 1755 2579 recepissie
1799 2522 1932 2569 tot
1976 2519 2243 2566 haerer
2286 2519 2773 2565 ontlastinge
2818 2520 2995 2566 over
3039 2521 3128 2567 t'
3171 2518 3483 2567 leveren

1329 2621 1372 2667 t
1407 2614 1665 2668 fluijt
1704 2614 1917 2663 schip
1959 2613 2043 2660 d'
2085 2611 2337 2657 wolff.
2379 2610 2421 2656 e
2462 2609 2547 2654 op
2589 2607 2673 2653 18
2714 2606 2925 2653 april
2966 2605 3261 2654 passado
3301 2606 3429 2654 van

1303 2720 1496 2778 hier
1540 2710 1731 2762 (als
1777 2706 1968 2754 uEd:
2012 2700 2157 2752 p=r
2201 2688 2485 2739 mijnen
2532 2683 2910 2734 jongsten
2957 2682 3478 2731 g'adviseert

1339 2806 1538 2857 naer
1586 2790 2234 2849 masulijpatnam
2282 2780 2830 2835 vertrocken,
2872 2772 2979 2824 js
3026 2769 3178 2816 van
3227 2765 3426 2816 daer

1322 2901 1425 2953 op
1466 2894 1574 2943 13
1619 2883 1823 2935 daer
1869 2871 2422 2926 aenvolgende
2456 2873 2770 2920 maendt
2818 2876 3019 2922 naer
3068 2878 3470 2933 Mallacca

1307 2974 1928 3043 gedespecheert,
1970 2964 2416 3018 monterende
2461 2964 2861 3013 desselffs
2905 2964 3350 3013 Ingeladen,

1318 3085 1463 3141 jnt
1506 3070 1793 3128 geheel
1839 3059 2170 3114 conform
2216 3052 2736 3103 saffschrift
2782 3050 2925 3097 der
2971 3032 3444 3094 ingeleijde

1328 3166 1543 3221 corte
1583 3151 1885 3210 facture
1928 3151 1971 3196 ƒ
2011 3152 2399 3202 111843„3„
2441 3150 2527 3197 11
2569 3147 2698 3195 den
2741 3141 3126 3191 oppersten
3168 3132 3469 3186 piloodt

1277 3269 1416 3329 wil
1459 3263 1548 3310 d'
1591 3256 1726 3307 een
1769 3251 1859 3300 en
1902 3249 1991 3295 d'
2035 3248 2258 3295 ander
2302 3247 2435 3294 tot
2479 3239 2967 3294 soulagement
3010 3235 3234 3284 onser
3261 3233 3416 3284 h=r

1311 3336 1876 3404 principalen
1927 3332 2543 3381 voorspoedich
2593 3329 2696 3378 en
2747 3326 3158 3375 behouden
3206 3325 3363 3372 ter

1311 3429 1877 3491 gedestineerde
1919 3430 2223 3478 plaetse
2266 3429 2700 3478 geleijden,
2740 3424 3134 3474 Blijvende
3177 3423 3307 3470 wij
3350 3422 3438 3469 nu

1305 3534 1431 3589 soo
1470 3522 1677 3576 hier,
1718 3520 1800 3566 in
1840 3517 2375 3564 triunelevaes,
2416 3517 2539 3563 als
2579 3517 2867 3563 Carcal,
2908 3516 3073 3563 noch
3113 3509 3360 3561 belast

1318 3623 1471 3675 met
1488 3614 1870 3664 ontrent
1911 3615 2069 3662 450
2115 3612 2268 3659 stx
2317 3609 2618 3656 slaven
2668 3612 2818 3658 als
2865 3608 3317 3658 slavinnen

1336 3709 1467 3756 tot
1510 3707 1858 3753 welckers
1902 3706 2250 3753 spoedige
2293 3705 2728 3751 afsendinge
2772 3703 2903 3751 wel
2946 3700 3077 3747 van
3119 3692 3381 3744 harten

1272 3808 1666 3865 wenschte,
1707 3807 1840 3854 ons
1883 3804 1971 3851 jn
2013 3801 2275 3848 corten
2317 3800 2492 3846 mede
2536 3799 2841 3845 occasie
2883 3793 3407 3846 occurreerde,

1312 3914 1505 3966 alsoo
1542 3912 1695 3958 onse
1733 3905 2078 3957 proviesie
2116 3902 2231 3949 van
2268 3898 2422 3946 rijs
2460 3896 2691 3942 begint
2728 3896 2996 3943 schaers
3034 3896 3111 3941 om
3148 3896 3226 3942 t'
3264 3893 3456 3943 comen

1322 4012 1548 4066 ende,
1592 4006 1771 4055 omme
1814 4003 1949 4050 ons
1993 3997 2172 4047 daer
2215 3995 2350 4041 van
2394 3990 2662 4039 verder
2706 3991 2796 4037 te
2840 3988 3376 4037 provideeren,

1329 4109 1526 4168 voor
1569 4102 1817 4152 eerst
1864 4098 2012 4147 als
2060 4097 2255 4143 hier
2303 4092 2595 4141 vooren
2643 4087 3133 4137 aengewesen

1329 4204 1382 4253 g
1428 4195 1579 4245 een
1613 4191 2121 4241 apparentie
2165 4187 2319 4236 sal
2364 4184 2565 4234 sijn
