3662 4773
1392 523 1513 572 dat
1551 524 1669 570 uwe
1707 526 1904 576 mag„t
1941 533 2059 579 soo
2098 534 2254 580 rare
2293 535 2411 580 en:
2449 535 2958 585 Conincklijcke
2996 539 3271 591 stucken
3309 546 3515 598 (waer

1407 619 1566 669 voor
1606 624 1727 673 wij
1765 629 1886 679 ten
1925 634 2206 685 dienste
2238 640 2364 686 van
2404 641 2525 687 uwe
2563 643 2763 693 magt„
2802 649 3322 707 namentlijcken
3360 663 3486 716 den

1392 724 1764 775 palenkijn
1803 731 2009 781 4500:
2049 737 2214 783 ende
2254 739 2378 789 den
2418 746 2869 800 tachterwaen
2909 756 3115 807 3500:
3155 763 3278 810 r=a
3318 764 3416 815 jn

1384 835 1624 888 Jappan
1663 834 2098 885 gespendeert
2135 842 2452 893 hebben:)
2490 849 2610 897 wel
2648 853 2926 905 behagen
2963 862 3241 914 sullen,
3279 871 3476 920 hier„

1358 948 1575 1002 „mede
1615 950 1870 1001 kussen
1913 955 2040 1001 wij
2082 955 2168 1003 de
2209 959 2465 1009 handen
2506 965 2634 1011 van
2676 967 2804 1013 uwe
2845 969 3059 1019 magt.
3098 975 3229 1021 met
3269 977 3443 1029 toe¬

1359 1056 1775 1103 wenschingh
1816 1057 1941 1103 van
1982 1058 2108 1107 een
2147 1063 2358 1112 langh
2397 1069 2648 1117 leven,
2688 1073 2855 1119 ende
2895 1073 3064 1123 alle
3104 1080 3478 1129 geluckige

1393 1155 1752 1205 toevallen
1791 1161 1871 1207 In
1910 1162 2071 1209 sijn
2108 1163 2628 1217 Conincklijcke
2666 1172 3066 1223 regeringh,

901 1320 1400 1374 Geschreven
1446 1331 1550 1377 In
1597 1334 1748 1381 ons
1797 1337 2145 1386 Casteel
2193 1340 2591 1392 Batavia,
2640 1347 2791 1394 den
2838 1349 3038 1401 2„en
3087 1356 3287 1404 dagh
3336 1359 3486 1405 van

926 1422 1138 1469 d'im„t
1172 1421 1488 1469 septemb„r
1523 1424 1629 1473 Int
1663 1429 1838 1479 1645:
1873 1434 2014 1481 Jaer
2049 1436 2189 1483 naer
2224 1438 2296 1484 de
2329 1440 2611 1488 geboorte
2644 1444 2820 1490 onses
2855 1444 2960 1493 H=r
2995 1448 3136 1495 Jesu
3170 1445 3487 1497 Christi:e

739 1672 906 1719 Aen
961 1672 1239 1723 sijne
1294 1679 1572 1728 magt„
1624 1683 1793 1729 den
1848 1685 2126 1733 groot

819 1779 1050 1830 Mogol,
1088 1779 1242 1825 uijt
1279 1781 1357 1827 d'
1394 1782 1548 1829 name
1584 1782 1700 1829 van
1738 1782 1817 1832 d:
1851 1788 1931 1834 E:
1967 1787 2085 1835 H=r

853 1880 1184 1931 directr„
1225 1884 1432 1932 Arent
1471 1887 1759 1934 Barensz
1799 1886 2210 1933 geschreven

1253 2400 1347 2459 De
1386 2388 1659 2438 Reeden
1704 2391 1796 2439 (:
1839 2395 2201 2448 waeromme
2246 2404 2382 2452 wij
2426 2407 2609 2456 voor
2652 2413 2789 2462 uwe
2833 2418 3014 2467 magt
3059 2423 3378 2475 genoot¬

1338 2488 1601 2541 „saeckt
1638 2491 1786 2539 zijn
1822 2495 1934 2543 met
1971 2498 2119 2546 dese
2156 2500 2416 2549 geringe
2452 2505 2749 2556 letteren
2785 2513 2897 2560 aen
2933 2517 3045 2565 den
3081 2522 3230 2569 voet
3265 2524 3380 2573 van

1356 2585 1545 2633 sinen
1581 2586 1992 2637 heerlijcken
2028 2592 2252 2643 throon
2289 2598 2365 2645 te
2401 2601 2886 2659 verschijnen:)
2922 2614 2998 2663 Is
3034 2618 3147 2666 ten
3183 2622 3447 2677 princi„

1335 2686 1570 2735 „palen
1609 2687 1687 2732 om
1726 2687 1843 2732 uwe
1881 2688 2038 2738 magt
2076 2694 2154 2740 te
2193 2695 2428 2745 kennen
2466 2701 2545 2747 't
2582 2704 2778 2755 geven
2816 2711 2934 2758 hoe
2972 2714 3285 2765 onlanghs
3323 2718 3479 2766 uijt

1357 2783 1510 2833 onse
1542 2780 1963 2830 Capiteijnen
1997 2788 2148 2836 (:In
2184 2791 2561 2845 ammadabath
2598 2801 3123 2858 resideerende:)
3161 2813 3461 2862 verstaen

1356 2882 1578 2932 hebben
1614 2882 1724 2928 dat
1761 2883 1872 2930 uwe
1907 2885 2129 2937 magts.
2164 2893 2348 2942 soone
2384 2898 2494 2945 den
2530 2900 2750 2947 prince
2786 2902 3154 2954 Orangieel,
3189 2908 3487 2962 seeckere

1330 2975 1683 3025 Chirurgijn
1718 2981 1894 3031 (:die
1930 2986 2035 3035 met
2071 2990 2213 3039 eede
2247 2996 2319 3043 In
2353 3000 2530 3048 onsen
2564 3004 2811 3054 dienste
2846 3009 3199 3057 verplicht,
3234 3012 3376 3058 ende
3411 3013 3486 3066 om

1344 3075 1524 3122 sijne
1558 3079 1807 3127 begaene
1841 3083 2126 3136 delicten
2160 3091 2303 3137 uijt
2338 3093 2481 3141 onse
2515 3096 2729 3148 handen
2763 3103 3048 3152 gevlucht
3083 3108 3154 3153 is
3189 3107 3261 3153 :)
3296 3106 3474 3155 onder

1339 3171 1487 3219 sijn
1519 3169 1849 3219 protectie
1884 3175 2175 3228 genomen,
2210 3185 2356 3232 ende
2391 3188 2537 3237 op't
2572 3193 3008 3250 Instantelijk
3043 3206 3334 3255 versouck
3368 3209 3480 3256 van

1341 3272 1667 3320 d'voorsz
1707 3272 2154 3324 Capiteijnen
2194 3280 2357 3328 niet
2397 3284 2601 3336 weder
2640 3293 2723 3340 in
2762 3297 2925 3347 onse
2965 3302 3209 3353 handen
3249 3305 3454 3355 heeft

1315 3377 1529 3425 willen
1565 3377 1888 3429 leeveren,
1922 3385 2065 3432 maer
2099 3387 2208 3434 ter
2243 3389 2566 3442 contrarie
2599 3398 2674 3444 (:
2707 3402 2815 3450 tot
2848 3405 3065 3454 groote
3100 3410 3457 3464 kleijnach„

1327 3475 1557 3523 „tinge
1595 3475 1711 3523 van
1748 3478 1904 3525 onse
1940 3481 2132 3528 natie
2171 3483 2439 3531 volgens
2477 3486 2555 3534 de
2592 3491 3207 3552 machometistische
3244 3509 3475 3556 leere,

1329 3575 1699 3622 strijdende
1736 3575 2182 3629 directelijck
2217 3586 2440 3633 tegens
2476 3589 2588 3637 der
2624 3593 2995 3649 Christenen
3031 3605 3476 3656 conscientie:

1338 3680 1569 3732 laeten
1607 3679 1990 3729 besuijden,
2025 3685 2180 3734 oock
2217 3690 2523 3741 benevens
2560 3696 2714 3745 dien
2751 3701 2866 3748 ons
2904 3703 3477 3755 geconstringeert

1325 3784 1437 3833 den
1474 3781 1843 3829 besneedens
1879 3782 2028 3829 goet
2063 3785 2174 3831 aen
2210 3786 2321 3834 d=o
2358 3789 2433 3838 te
2468 3795 2985 3852 Interrigeeren,
3021 3808 3132 3854 met
3168 3810 3464 3864 dreijge„

1304 3887 1580 3938 „menten
1619 3887 1699 3935 (:
1732 3889 1855 3936 soo
1893 3892 2052 3940 sijn
2086 3895 2443 3945 hoogheyts
2481 3901 2679 3950 bevel
2717 3906 2876 3955 daer
2913 3911 3071 3958 jnne
3110 3914 3267 3961 niet
3305 3916 3464 3966 naer

1325 3989 1628 4036 quamen:)
1665 3991 1779 4036 hij
1816 3992 2156 4044 datelijck
2193 3999 2345 4048 onse
2382 4004 2571 4051 logie
2607 4006 2722 4054 tot
2758 4010 2872 4057 den
2908 4012 3098 4061 gront
3135 4015 3249 4062 toe
3286 4016 3476 4063 deman

1301 4088 1671 4140 „teleeren,
1708 4089 1855 4136 ende
1892 4091 2039 4138 alle
2075 4093 2223 4143 onse
2259 4099 2553 4151 dienaers
2589 4107 2664 4154 (:
2699 4110 2811 4158 tot
2846 4114 3140 4164 d'minste
3177 4119 3472 4168 incluijs

1331 4192 1490 4240 Inde
1530 4192 1965 4244 gevanckenis
2003 4199 2242 4247 werpen
2280 4203 2518 4252 wilde,
2556 4207 2715 4254 ende
2754 4209 3071 4260 gemerckt
3110 4216 3269 4264 uijt
3307 4218 3467 4265 dese

2011 2064 2804 2131 Grootmachtige
2863 2087 3411 2139 doorluch¬

2077 2163 2243 2214 tige
2283 2169 2777 2225 hooghgeboor:
2817 2181 2985 2230 ende
3022 2189 3188 2236 seer
3228 2187 3440 2235 wijt¬

2073 2261 2467 2314 beroemde
2514 2270 2909 2322 Coninck,

2860 4364 3427 4420 onhebbelijcke

3492 3104 3520 3150 2
