3662 4773
1270 525 1418 573 zal
1457 528 2091 584 Geretourneert
2138 540 2380 591 zijn,
2427 547 2573 595 ten
2620 551 2814 597 ware
2859 546 3103 598 onder
3150 541 3535 611 tusschen

1267 646 1577 693 Vander
1627 648 1884 699 Ordre
1935 654 2090 703 van
2141 653 2503 704 UEd=les
2549 660 3015 713 bequaeme,
3037 670 3120 715 —

1286 813 1400 859 en
1455 813 2018 874 Gouverneur
2073 830 2412 884 mirsja
2466 841 2803 895 amijna
2859 850 3029 900 een
3074 857 3537 915 gecommit

1272 940 1583 992 teerden
1627 947 1806 995 naer
1848 952 1983 1002 Goa
2026 958 2294 1007 vanden
2336 964 2514 1018 vice
2558 974 2736 1023 reij
2779 980 3134 1033 gesonden
3178 988 3546 1043 hebbende

1272 1059 1364 1105 om
1410 1060 1687 1110 passen
1733 1065 1919 1114 voor
1963 1070 2058 1118 de
2100 1074 2334 1123 moors
2379 1080 2749 1137 scheepen
2793 1093 2934 1141 van
2978 1098 3164 1151 hier
3208 1107 3535 1161 varende

1265 1175 1343 1223 te
1382 1178 1806 1238 versoecken,
1840 1189 1921 1238 Is
1958 1188 2036 1233 de
2074 1188 2268 1236 selve
2306 1192 2461 1241 voor
2497 1196 2731 1250 eenige
2768 1206 2962 1262 dagen
2996 1217 3502 1274 gerefourneert

1273 1303 1451 1351 mede
1494 1307 1893 1364 brengende
1937 1320 2070 1365 een
2113 1320 2381 1371 brieff
2423 1328 2558 1379 van
2600 1335 2779 1389 zijn
2822 1345 3311 1401 Excelentie,
3353 1358 3534 1409 daer

1266 1431 1350 1476 In
1391 1431 1851 1485 toeseggende
1892 1440 2060 1488 doet
2101 1443 2186 1489 om
2227 1445 2562 1501 voortaen
2602 1457 2979 1512 pasceduls
3020 1468 3104 1516 te
3145 1472 3534 1530 verleenen

1262 1541 1465 1593 onder
1502 1550 1901 1604 conditidat
1938 1558 2060 1605 den
2099 1559 2459 1613 ordinaris
2497 1569 2657 1618 thol
2696 1574 2816 1623 in:
2856 1578 3097 1631 daman,
3134 1588 3294 1637 ofte
3333 1592 3539 1644 dien-

1254 1661 1605 1717 betaelen
1643 1677 1952 1731 zullen,

1194 1813 1557 1866 d'Engels
1600 1822 1871 1873 fluijt
1915 1828 2007 1875 de
2050 1832 2232 1884 hin,
2275 1841 2366 1888 is
2410 1844 2547 1896 den
2590 1852 2771 1902 4=en
2815 1857 3132 1912 passado
3175 1868 3313 1920 van
3356 1878 3539 1932 hier

1261 1936 1444 1983 naer
1488 1940 2078 2005 madrespatnam,
2122 1961 2305 2011 ende
2344 1966 2531 2015 haer
2575 1972 2803 2027 Jacht
2847 1983 2940 2032 de
2983 1989 3348 2047 Zeehors,
3389 2004 3527 2050 den

1257 2061 1429 2110 12e.
1470 2067 1643 2120 dito
1683 2077 1813 2123 van
1854 2079 2154 2130 aschijn
2196 2086 2710 2148 genavigeert,
2751 2105 2922 2154 over
2964 2109 3265 2162 welcken
3306 2118 3484 2172 wech

1237 2195 1320 2244 de
1358 2196 1677 2249 suppleij
1716 2202 1836 2248 van
1875 2203 2194 2252 manijlhe
2233 2208 2353 2257 den
2391 2214 2433 2261 5
2467 2217 2710 2270 stantj
2748 2226 2829 2275 in
2868 2231 3146 2285 bombaij
3185 2241 3305 2289 ten
3344 2245 3549 2296 anck„

1234 2315 1529 2364 gecomen
1569 2317 1696 2366 is,
1738 2322 1864 2368 van
1905 2323 2115 2374 ditos
2157 2329 2493 2385 ladinge,
2534 2341 2702 2393 ende
2742 2349 2870 2399 hoe
2910 2356 3079 2406 dese
3119 2362 3462 2417 voijagie

1233 2443 1755 2496 gesuccedeert
1796 2454 1968 2503 zij,
2011 2458 2228 2508 hebbe
2269 2464 2400 2511 tot
2442 2467 2615 2517 dato
2657 2472 2831 2523 niet
2872 2479 3132 2532 coonen
3174 2488 3524 2545 vernemen

1232 2578 1310 2627 't
1349 2582 1427 2627 is
1466 2580 1698 2627 altijt
1737 2580 2010 2630 sulcks;
2047 2585 2164 2632 dat
2202 2587 2358 2635 alle
2396 2590 2553 2639 haer
2590 2595 3019 2655 Coopluijden
3056 2612 3175 2661 van
3211 2619 3369 2674 daer
3404 2632 3521 2682 ge„

1235 2703 1705 2751 retourneert
1747 2705 1961 2752 zijn,
2004 2707 2260 2755 welcke
2303 2710 2688 2764 overlandt
2729 2721 2945 2772 tegen
2985 2729 3072 2777 't
3113 2733 3328 2786 leste
3369 2742 3498 2792 van

1226 2831 1412 2878 dese
1456 2831 1690 2881 maent
1736 2837 1921 2885 hier
1967 2838 2060 2884 te
2107 2839 2340 2888 comen
2384 2845 2663 2894 staen,

1086 2985 1349 3034 Tmoors
1392 2989 1611 3039 schip
1654 2994 1742 3041 de
1785 2997 2135 3050 tockelij
2175 3006 2266 3054 is
2308 3011 2440 3059 den
2482 3015 2658 3066 7=en
2700 3022 3006 3076 passado
3049 3032 3182 3080 met
3222 3036 3442 3086 mijne
3485 3041 3531 3089 —

1230 3111 1440 3161 passe
1480 3113 1604 3159 (op
1646 3113 1976 3162 mallacca
2017 3118 2431 3173 luijdende)
2470 3130 2637 3180 naer
2677 3137 2967 3189 atchijn
3007 3146 3421 3204 vertrocken
3457 3159 3504 3206 —

1220 3239 1392 3285 doch
1434 3235 1562 3284 off
1604 3234 1818 3281 eerst
1861 3236 1947 3283 de
1988 3239 2500 3292 behoorlijcke
2542 3247 2799 3300 plaets
2841 3255 3183 3315 aendoen,
3224 3272 3395 3320 ende
3438 3275 3523 3321 de

1225 3359 1812 3418 gerechticheijt
1854 3361 2188 3415 betaelen
2228 3372 2394 3419 zal,
2436 3373 2562 3422 wil
2602 3377 2728 3425 den
2767 3381 2936 3431 tijt
2976 3386 3393 3442 openbaren,
3434 3396 3477 3442 —

1156 3511 1252 3560 'T
1296 3512 1533 3565 schip
1579 3522 1721 3571 van
1767 3527 2144 3586 assabora
2189 3543 2567 3597 genaempt
2611 3556 2940 3607 aesedij
2986 3562 3176 3613 daer
3221 3570 3268 3615 3
3315 3570 3363 3615 a
3408 3571 3504 3618 4:

1212 3642 1710 3696 nederlanders
1749 3652 1835 3701 op
1874 3659 2039 3706 zijn
2079 3663 2163 3713 (t
2203 3669 2452 3722 welcke
2492 3679 2576 3727 te
2615 3684 2905 3737 gelijck
2944 3692 3070 3740 met
3110 3696 3194 3743 de
3234 3698 3527 3750 masseij

1213 3768 1348 3820 van
1389 3765 1743 3815 mallacca
1786 3770 1876 3819 Is
1917 3777 2446 3836 gescheijden,
2487 3793 2664 3844 ende
2705 3801 2883 3855 door
2925 3811 3146 3863 zijne
3189 3820 3413 3876 lange

1205 3887 1656 3936 terdantie
1706 3892 2307 3951 gepresumeert
2328 3908 2656 3960 wierde
2699 3921 2855 3969 dat
2899 3929 3105 3979 naer
3153 3936 3455 3991 mocha—

1192 4009 1393 4062 soude
1432 4007 1747 4054 geseijlt
1787 4006 2025 4057 wesen,
2061 4012 2142 4059 Is
2181 4014 2338 4062 voor
2377 4017 2615 4069 eenige
2653 4025 2852 4077 dagen
2889 4034 3048 4088 door
3086 4044 3444 4104 contrarij

1208 4133 1345 4180 wint
1378 4128 1515 4178 door
1550 4125 1720 4173 dabul
1754 4125 2028 4176 geloopen
2061 4131 2233 4181 alw„r
2266 4136 2369 4184 tot
2403 4139 2644 4187 septd„r
2676 4144 2883 4191 aenst:
2915 4147 3259 4203 verblijven
3290 4160 3428 4206 zal,
3461 4160 3498 4207 —

2810 4276 2934 4323 Bij
2974 4280 3507 4340 d'ingeslooten
