3642 4876
662 1271 923 1319 Dewijle
959 1270 1071 1317 ul:
1107 1271 1219 1317 dan
1256 1272 1739 1322 volcomentlijk
1774 1276 1998 1322 bekent
2035 1277 2110 1323 is
2146 1279 2444 1332 geworden
2480 1289 2591 1334 uyt
2628 1289 2703 1336 d'
2740 1291 3115 1352 Instructie

910 1391 1096 1438 vanden
1125 1394 1189 1442 E.
1217 1398 1525 1449 Overtwater
1554 1405 1646 1451 uyt
1676 1404 1861 1451 Japan,
1892 1404 2014 1451 ende
2045 1406 2107 1452 de
2136 1407 2230 1453 tot
2259 1409 2383 1457 dien
2413 1413 2475 1458 by
2505 1414 2781 1465 gevoechde
2811 1421 3087 1473 ampliatie

905 1509 994 1555 des
1022 1507 1054 1554 E
1083 1506 1113 1551 d
1142 1505 1174 1551 e
1201 1508 1264 1557 h.
1290 1515 1322 1562 r
1349 1518 1677 1569 gouverneurs
1706 1525 1766 1571 in
1795 1527 2033 1577 Taijonan
2062 1532 2241 1580 welcke
2270 1535 2448 1583 uinden
2477 1538 2597 1587 Raet
2626 1542 2745 1589 ende
2775 1543 2835 1589 te
2864 1542 3045 1592 vooren

923 1623 1376 1673 gecommuniceert
1408 1629 1602 1677 hebben
1634 1632 1732 1680 hoe
1764 1635 1829 1680 en
1861 1636 1958 1682 tot
1990 1637 2088 1684 wat
2119 1640 2347 1691 eijnde:
2378 1647 2735 1704 mitsgaders,
2766 1661 3025 1711 waeromme

908 1744 1279 1795 g'ordonneert
1308 1749 1523 1799 blijven
1553 1755 1676 1802 uwen
1706 1758 1921 1808 persoon
1951 1763 2227 1814 andermael
2257 1769 2349 1814 tot
2380 1769 2441 1814 de
2471 1769 2533 1815 na
2563 1771 2656 1819 ons
2686 1775 2932 1826 vertreck
2961 1782 3024 1828 te

906 1866 1059 1916 doene
1089 1870 1302 1919 negotie
1331 1874 1454 1924 voor
1483 1880 1818 1928 nederlandt,
1847 1883 1939 1930 ten
1969 1885 2303 1936 principalen
2333 1892 2454 1937 in't
2485 1891 2728 1937 opcoopen
2758 1892 2849 1938 van
2879 1892 3031 1940 goede

917 1990 1063 2036 sijde
1091 1991 1208 2037 ende
1236 1992 1468 2040 weijnige
1496 1996 1699 2044 Stoffen
1726 1998 2017 2047 bestaende)
2044 2003 2161 2052 over
2189 2007 2421 2058 telaten,
2449 2013 2565 2058 gl:k
2593 2012 2854 2058 naerderby
2882 2008 2941 2057 de

893 2105 1214 2155 Resoluijtie
1244 2110 1331 2156 van
1360 2111 1478 2158 dato
1505 2114 1594 2163 17.
1622 2119 1653 2164 '
1680 2121 1827 2168 Julij
1855 2123 2088 2174 verleden
2117 2129 2234 2177 daer
2262 2132 2380 2179 over
2408 2132 2613 2179 genomen
2640 2131 2875 2177 besloten
2904 2131 2993 2179 sij

893 2232 1022 2278 ende
1054 2232 1153 2277 ons
1183 2234 1280 2279 tot
1313 2234 1442 2280 nogh
1473 2235 1604 2282 niet
1635 2238 1990 2289 voorgekomen
2022 2244 2248 2291 wesende
2281 2246 2377 2292 van
2409 2241 2797 2292 consideratie
2828 2236 2960 2285 waer

899 2348 1013 2395 door
1041 2351 1182 2397 sulcx
1210 2352 1382 2402 souden
1409 2358 1778 2410 contrarieren,
1806 2365 1891 2412 ach
1919 2367 2231 2417 tenonnodigh
2260 2372 2402 2418 sulcx
2429 2370 2600 2417 langer
2628 2368 2685 2414 te
2713 2364 2941 2412 verhalen

900 2484 1025 2532 ofte
1056 2482 1336 2529 reputeren
1367 2483 1492 2530 maer
1522 2485 1740 2531 eenlijk
1771 2486 1865 2531 ul:
1895 2487 2020 2532 voor
2051 2487 2113 2532 te
2144 2486 2362 2532 stellen
2393 2486 2486 2531 wat
2517 2485 2610 2531 tot
2641 2483 2828 2530 dienst
2857 2477 3016 2529 vande

913 2606 1070 2654 Comp.
1102 2606 1133 2651 e
1164 2605 1259 2652 int
1288 2607 1571 2655 dirigeren
1601 2608 1946 2655 uwerbevolen
1977 2609 2134 2655 saken
2165 2609 2228 2655 na
2258 2605 2509 2653 ubekomen
2540 2601 2885 2649 ervarenth:t
2915 2600 3044 2648 ende

915 2729 1080 2776 beste
1111 2725 1374 2773 kennisse
1405 2725 1570 2771 dient
1602 2726 1929 2774 aengewert,
1962 2728 2092 2773 daer
2125 2728 2223 2774 toe
2256 2723 2616 2774 dankomende,
2643 2719 2844 2767 willen
2875 2717 2942 2764 11

918 2848 1200 2898 vooreerst
1231 2852 1357 2899 ende
1387 2847 1575 2895 vooral
1606 2847 1825 2893 bevolen
1855 2846 2044 2892 laten,
2074 2844 2168 2889 dat
2196 2841 2355 2889 goede
2386 2838 2730 2886 naerstigh:t
2760 2833 3012 2882 aenwendt

886 2982 947 3030 de
976 2982 1212 3028 g'eijste
1242 2980 1330 3026 130
1359 2979 1448 3025 p:l
1476 2975 1595 3023 syde
1624 2974 1742 3019 voor
1772 2972 2038 3020 nederland
2066 2967 2450 3017 schoonsuijver
2479 2967 2539 3012 en
2567 2967 2774 3013 droogen
2803 2968 2833 3013 (
2860 2959 3039 3013 gelijk

916 3109 1206 3157 vergangen
1237 3111 1496 3159 saijsoen
1526 3106 1624 3154 soo
1655 3103 1785 3150 niet
1816 3099 2010 3148 anders
2042 3096 2203 3143 weten
2235 3094 2332 3140 wel
2363 3087 2557 3139 gedaen
2587 3082 2750 3132 hebt)
2781 3078 3045 3130 incoopt,

908 3231 1080 3280 alsoo
1112 3236 1317 3284 tselve
1351 3238 1453 3284 wel
1485 3232 1760 3283 demeeste
1794 3227 2203 3277 consideratie
2236 3224 2407 3272 sijn,
2438 3213 2714 3268 waeromme
2746 3209 2816 3256 de
2848 3204 3020 3252 Comp.
3054 3203 3088 3249 e

908 3358 1041 3405 hare
1074 3360 1339 3408 dienaren
1372 3358 1703 3408 ordonneren
1735 3357 1868 3403 over
1901 3357 1967 3402 te
1999 3356 2199 3403 laten,
2231 3358 2331 3403 tot
2364 3354 2662 3403 bekomingh
2693 3349 2794 3398 van
2825 3344 3059 3394 deselve

905 3484 1141 3534 schynen
1173 3490 1608 3538 d'apparentien
1640 3487 1775 3534 naet
1809 3486 2111 3533 voorgeven
2143 3489 2211 3534 en
2244 3485 2479 3534 oordeel
2512 3481 2947 3529 allermenschen

877 3607 1125 3658 redelijk
1152 3615 1185 3662 ,
1214 3619 1337 3666 door
1367 3620 1491 3666 dien
1521 3619 1675 3666 desen
1705 3617 1829 3663 Jare
1858 3619 2044 3665 sulcke
2073 3620 2227 3666 hooge
2258 3620 2412 3667 water
2442 3622 2657 3668 vloeden
2686 3621 2810 3668 (soo
2841 3621 3000 3672 tsigh

905 3727 1032 3776 laet
1062 3732 1157 3781 aen
1188 3737 1346 3783 sien)
1377 3738 1503 3783 niet
1533 3737 1597 3783 te
1629 3737 1818 3784 vresen
1849 3739 2038 3785 staen,
2070 3740 2322 3786 waerdoor
2352 3740 2384 3785 t
2416 3740 2700 3788 vergangen
2730 3744 2951 3791 saysoen

892 3848 965 3895 de
999 3851 1433 3905 landererijen
1468 3857 1793 3904 t'elckens
1829 3859 2335 3918 ondergehouden,
2367 3873 2622 3921 't'oost
2658 3873 2946 3922 bedorven

1556 452 1791 512 Ordre
1837 451 2070 498 offte
2116 450 2580 499 Instructie
2626 453 2813 502 voor
2858 459 2998 508 den

1632 541 1835 588 onder
1876 541 2160 588 Coopman
2200 542 2445 592 Janvan
2484 548 2811 604 Kiebeecq
2850 561 3014 611 waer

1641 641 2022 688 naerhemende
2057 642 2126 687 de
2159 641 2368 687 verdre
2403 641 2820 696 overblyvende
2853 653 3065 715 Neder

1640 845 1835 897 opper
1872 843 2143 890 Coopman
2181 844 2451 890 Antonio
2489 845 2605 892 van
2643 848 3067 903 Broeckhorst

1638 942 1771 988 haer
1803 941 2003 987 sullen
2036 941 2235 990 hebben
2267 945 2335 993 te
2366 948 2666 998 reguleren

1614 742 1970 791 landeren,
2003 740 2359 787 geduyrende
2394 741 2466 788 't
2500 743 2786 797 affoesen
2819 754 3039 811 vanden

2770 4026 2896 4082 ende

30 512 57 558 als

0 583 111 633 over
134 590 270 643 twate

171 667 241 714 dato

122 1152 254 1198 eeren

9 1965 190 2016 26.

2754 286 2962 334 701

2813 184 2979 232 703
