3492 4610
1031 800 1132 848 den
1165 796 1432 845 Schipper
1466 798 1600 845 ende
1633 799 2001 848 Boeckhouder
2034 796 2135 844 van
2168 795 2270 841 den
2302 791 2505 841 Fluijt
2536 797 2739 847 david,
2770 804 3107 875 antwoorden
3136 834 3278 900 daer

1040 883 1362 932 aengelopen
1393 888 1459 935 te
1489 891 1618 938 syn,
1649 893 1713 938 om
1745 893 1874 940 door
1905 893 1970 938 de
2002 893 2482 943 „verversschinge
2511 895 2706 942 aldaer
2737 897 2803 943 te
2833 900 3092 964 becomen,
3120 921 3221 970 het

1038 977 1259 1024 aendoen
1290 978 1448 1025 vande
1479 980 1605 1027 Cabo
1637 981 1700 1027 d'
1731 980 1983 1026 boaspeij
2014 980 2079 1027 te
2108 980 2424 1034 excuseren)
2453 975 2548 1024 end
2579 980 2737 1026 recht
2767 980 2927 1030 door,
2956 987 3086 1041 naer
3112 1000 3274 1067 Bat=a

1052 1068 1175 1115 haer
1205 1069 1360 1114 reijs
1389 1070 1451 1115 te
1481 1070 1850 1117 vervorderen,
1879 1068 2065 1117 breder
2095 1066 2157 1112 te
2187 1064 2403 1112 beoogen
2432 1064 2525 1110 bij
2556 1065 2894 1115 d'resolutie
2924 1070 3048 1118 daer
3078 1074 3172 1123 van
3200 1079 3231 1125 —

1090 1151 1418 1203 genomen.

1065 1241 1363 1290 d'vordere
1395 1246 1792 1294 gevraechdens
1825 1249 2024 1297 seggen
2056 1252 2188 1297 daer
2220 1251 2320 1297 van
2353 1252 2689 1309 Rignorens.

2122 1676 2225 1722 Hoe
2258 1671 2429 1720 lange
2462 1667 2668 1715 aldaer
2702 1667 3009 1719 verbleven
3042 1672 3283 1724 hebben,

1133 1838 1287 1896 Alle
1320 1832 1400 1881 d'
1434 1812 1810 1875 respective

1067 1903 1630 1969 geinterrogeerdens
1661 1898 1762 1946 der
1793 1892 1928 1942 twee
1959 1879 2258 1935 distincte
2290 1876 2557 1925 Schepen,
2589 1880 2788 1930 seggen
2821 1885 2989 1936 seven
3019 1893 3191 1951 dagen

1087 1993 1330 2042 aldaer
1367 1986 1653 2043 gelegen
1693 1984 1815 2030 end
1854 1972 2178 2029 vervorst
2219 1972 2300 2018 te
2339 1971 2584 2018 hebben

2377 2359 2756 2405 geduerende
2794 2360 2946 2407 haer
2982 2363 3290 2426 aenwesen

1035 2445 1489 2496 d'gevraechders
1521 2448 1812 2494 refereren
1842 2441 1974 2493 haer

2046 2464 2155 2512 aen
2188 2460 2298 2506 St.
2334 2451 2513 2506 Jago,
2547 2445 2729 2495 haere
2764 2443 2980 2489 ledige
3016 2443 3199 2496 vaten

1059 2528 1183 2574 tot
1223 2528 1346 2573 het
1385 2526 1878 2575 gedeposeerde

2022 2550 2195 2604 niet
2237 2543 2366 2594 met
2407 2537 2619 2584 water
2659 2532 2917 2582 hebben
2959 2531 3263 2592 gevult.

1031 2603 1160 2655 van
1201 2606 1374 2654 arlo
1415 2604 1513 2660 5,

2020 2642 2125 2690 off
2156 2636 2502 2685 andersints
2536 2635 2605 2681 om
2636 2630 2845 2680 eenige
2879 2629 3258 2679 sonderlinge

2040 2730 2484 2780 consideratien
2517 2732 2756 2779 t'selve
2790 2732 2927 2778 niet
2960 2730 3235 2779 volcomen

963 2749 1060 2797 die
1091 2748 1187 2794 van
1217 2742 1410 2792 Fluijt
1441 2740 1633 2787 davidt
1665 2740 1856 2787 seggen

991 2832 1121 2880 alle
1152 2831 1282 2877 hare
1314 2828 1508 2876 ledige
1538 2826 1701 2872 vaten
1732 2825 1932 2879 aldaer

2011 2824 2309 2882 geschiet
2344 2824 2457 2872 is.

1010 2925 1234 2976 gevult
1270 2922 1345 2969 te
1381 2916 1640 2965 hebben,

2087 3203 2199 3253 Dat
2234 3200 2648 3247 d'oorsaecke
2684 3198 2834 3247 ofte
2869 3195 3245 3250 schortinge

2111 3278 2222 3332 sij
2257 3274 2545 3324 waeromme
2580 3273 2688 3319 het
2724 3272 2905 3319 selve
2939 3274 3264 3328 nagelaten

979 3303 1392 3357 Responderen
1430 3302 1579 3348 alle
1617 3301 2029 3358 gelyckelyck

2167 3370 2370 3423 ende
2419 3369 2822 3416 hoeveele
2871 3370 3247 3422 leggers

2024 3380 2145 3427 is/

1137 3387 1298 3436 Laets
1327 3393 1457 3442 arlo
1484 3400 1836 3460 precedenti,

2000 3469 2234 3521 water
2278 3464 2560 3513 aldaer
2606 3464 2746 3511 wel
2787 3472 3121 3520 gehaelt

2013 3568 2285 3615 hebben

1415 3219 1523 3274 8.

1955 3830 2074 3881 Off
2110 3825 2230 3881 het
2269 3823 2465 3870 water
2504 3821 2661 3868 oock
2701 3820 2779 3866 na
2818 3814 3132 3864 behooren
3171 3814 3251 3861 is

990 3887 1088 3936 die
1119 3892 1216 3939 van
1246 3892 1312 3940 t'
1343 3885 1505 3936 Schip
1535 3883 1891 3930 d'Oliphant,

2042 3910 2418 3971 gemenagiert,
2448 3909 2572 3956 ende
2603 3908 2696 3954 het
2727 3906 2976 3953 rantsoen
3005 3901 3225 3951 tydeljk

983 3967 1293 4019 responderen
1321 3973 1689 4020 gesamentlyck,
1716 3971 1801 4019 dat
1829 3969 1944 4016 doen

2023 4008 2424 4066 gemindert,
2463 4006 2544 4052 op
2582 4002 2704 4051 dat
2743 4002 2823 4047 de
2860 4000 3023 4047 Caeb
3061 4000 3196 4051 met

988 4044 1207 4093 omtrent
1237 4048 1331 4094 een
1361 4047 1518 4093 maent
1547 4047 1642 4093 van
1673 4046 1766 4093 St.
1796 4039 1923 4090 Jago

999 4130 1221 4177 geweest
1253 4131 1411 4177 waren
1443 4131 1761 4178 t'rantsaln
1791 4115 2046 4177 behoorl.
2075 4104 2267 4157 hadden
2297 4096 2552 4148 behoeven
2583 4095 2679 4142 aen
2710 4094 2774 4139 te
2805 4093 2996 4143 lopen,

1015 4227 1118 4274 tot
1151 4227 1186 4273 7
1218 4222 1493 4271 mutsjens
1526 4222 1629 4267 des
1663 4222 1902 4272 saecken
1936 4227 2004 4273 de

2622 3695 2735 3765 91

2618 3083 2710 3138 8.

1814 4327 2057 4379 man

1307 2300 1395 2350 7„

952 4119 980 4165 e
