3505 4869
2767 562 2954 614 1033

853 693 989 741 punt
1023 693 1158 738 niet
1192 693 1598 745 teremedieren
1631 701 1733 746 was
1767 701 1868 747 tot
1902 702 2004 750 het
2036 705 2241 753 twede,
2274 708 2375 757 als
2408 711 2511 757 den
2544 713 2747 759 vrijen
2780 714 3086 761 salpheter

848 811 1097 860 handel,
1131 814 1309 863 zoude
1342 820 1449 867 den
1483 823 1695 871 prince
1729 824 2083 876 nimmermeer
2116 833 2399 882 licentie
2433 837 2645 883 geven,
2679 838 2821 884 niet
2856 836 3068 884 tegen„

848 927 1090 975 staende
1123 929 1227 975 van
1261 930 1398 979 zijn
1431 934 1604 984 vader
1638 939 1776 986 seer
1809 941 2188 995 ernstelijck
2221 951 2599 1005 geordineert
2633 960 2874 1008 wierde,
2907 964 3047 1014 ende

844 1044 1153 1096 aengaende
1186 1045 1288 1090 het
1321 1044 1493 1092 derde
1526 1047 1731 1095 zouden
1764 1050 1867 1097 ons
1901 1052 2037 1101 vrij
2070 1056 2276 1107 gerust
2309 1062 2583 1114 stellen,
2616 1071 2821 1118 d'onse
2854 1074 3028 1123 zoude

848 1177 1159 1225 voortaen
1196 1174 1352 1223 geen
1390 1173 1701 1220 molestie
1739 1174 1896 1222 meer
1932 1177 2360 1234 geschieden,
2398 1187 2554 1237 maer
2593 1192 2748 1241 haer
2786 1197 3071 1245 genoch„

836 1313 993 1360 saem
1031 1312 1149 1359 van
1186 1312 1304 1358 des
1343 1311 1577 1357 prince
1616 1310 1850 1356 gunste
1889 1311 2319 1366 verseeckert
2357 1321 2631 1370 houden,
2668 1325 2825 1372 waer
2864 1324 3021 1372 uijt

838 1434 1281 1482 claerlijcken
1316 1437 1609 1483 blijckt,
1646 1436 1757 1483 dat
1792 1439 1903 1486 den
1939 1441 2159 1487 prince
2196 1442 2271 1490 om
2306 1447 2674 1497 geendeleij
2709 1452 3080 1507 schencagie

839 1550 977 1598 (hoe
1011 1550 1355 1598 costelijck
1389 1554 1494 1602 die
1526 1557 1698 1604 zoude
1733 1557 1906 1606 mogen
1938 1561 2111 1609 zijn,
2145 1563 2215 1608 d'
2248 1564 2387 1611 onse
2420 1567 2559 1615 noch
2592 1571 2662 1619 d'
2695 1575 2937 1624 Engelsz
2967 1578 3079 1630 zal

837 1667 1266 1715 licentieeren
1301 1667 1551 1715 eenigen
1587 1669 1694 1715 sal
1729 1668 1944 1714 peeter
1979 1670 2123 1717 uijt
2157 1673 2515 1722 ammadabath
2550 1676 2622 1722 te
2657 1677 2907 1728 voeren,
2943 1683 3053 1729 we„

835 1806 1014 1853 tende
1048 1805 1193 1851 daer
1228 1806 1336 1853 van
1371 1809 1514 1854 geen
1549 1806 1728 1854 andre
1764 1807 2015 1854 redenen
2050 1809 2122 1856 te
2156 1811 2373 1859 geven,
2407 1816 2515 1862 als
2550 1817 2657 1862 dat
2693 1817 2764 1862 in
2799 1816 3086 1863 haerlant

831 1941 909 1989 te
946 1937 1214 1984 voeren,
1251 1935 1404 1981 daer
1443 1934 1595 1980 mede
1633 1934 1786 1980 haer
1824 1935 2129 1985 gelooffs
2167 1940 2474 1993 genooten
2506 1946 2702 1994 zoude
2740 1945 2970 1993 coonen

829 2058 1174 2119 gecrenckt
1210 2054 1478 2102 werden,
1512 2057 1628 2104 den
1665 2055 1968 2102 salpeter
2006 2055 2196 2101 wert,
2234 2054 2347 2100 tot
2385 2054 2499 2099 het
2536 2054 2802 2102 maecken
2839 2054 2954 2102 van

822 2185 863 2233 t
899 2177 1234 2227 ooscruijt
1270 2173 1680 2222 gebruijckt,
1717 2171 1866 2217 ende
1903 2171 2052 2216 daer
2089 2171 2276 2217 meede
2312 2171 2387 2217 de
2424 2171 2647 2218 mooren
2684 2172 2833 2218 hier
2870 2166 2984 2218 off

819 2299 964 2347 daer
998 2291 1432 2343 beoorloocht,
1468 2291 1612 2338 ergo
1648 2291 1757 2338 den
1790 2289 2081 2338 salpeter
2117 2289 2262 2338 oock
2295 2293 2622 2344 verboden,
2657 2297 2838 2345 edoch
2874 2297 2982 2342 hoe
3017 2296 3058 2345 —

813 2417 956 2467 seer
991 2416 1168 2462 desen
1203 2417 1733 2464 superstitieusen
1767 2413 1946 2461 prins
1979 2416 2156 2463 sijns
2191 2418 2510 2470 valschen,
2544 2426 2862 2476 propheets
2896 2430 3082 2479 maho„

821 2547 929 2592 met
964 2544 1181 2590 gebodt
1217 2543 1433 2589 tracht
1469 2541 1613 2589 naer
1649 2540 1722 2587 te
1757 2542 1974 2589 comen,
2009 2545 2117 2591 soo
2153 2546 2261 2592 ist
2296 2545 2514 2592 echter
2547 2547 2694 2594 niet
2729 2550 2837 2595 als
2873 2550 2982 2595 een
3017 2548 3054 2596 -

816 2675 1167 2728 phariseusz
1201 2674 1724 2724 geveijnstheijt,
1759 2673 1828 2719 de
1863 2672 2038 2718 wijle
2072 2672 2248 2720 aende
2281 2677 2666 2726 d'Engelsche
2695 2678 3049 2727 residenten

819 2804 891 2850 op
925 2800 1067 2848 haer
1102 2799 1385 2845 ernstich
1419 2795 1702 2843 versoecq
1737 2794 1914 2840 (omde
1948 2794 2161 2841 groote
2196 2796 2443 2842 partije
2478 2797 2655 2844 rouwe
2690 2798 2796 2846 sal
2831 2801 3082 2850 phieter

816 2928 925 2977 die
961 2924 1215 2973 alreede
1252 2923 1324 2969 In
1361 2923 1506 2969 haer
1542 2923 1906 2971 pachuijsen
1941 2925 2269 2971 versegelt
2305 2926 2487 2971 lach,
2524 2926 2596 2971 te
2632 2926 2852 2975 moogen
2887 2932 3033 2979 raf„

809 3049 1103 3100 fineren,
1138 3046 1286 3093 ende
1322 3046 1689 3093 vervoeren)
1724 3043 1983 3092 geleert
2019 3044 2203 3091 heeft
2239 3047 2313 3094 te
2349 3050 2606 3099 seggen,
2642 3054 2752 3101 dat
2789 3054 2974 3102 haren

806 3168 1099 3220 salpeter
1134 3166 1390 3212 wederom
1425 3167 1535 3212 aen
1570 3166 1644 3212 de
1679 3165 1861 3211 boras
1898 3166 2044 3213 ofte
2079 3165 2189 3214 sal
2224 3169 2407 3217 peter
2442 3173 2697 3219 luijden
2733 3169 3024 3219 vercocht

808 3289 1085 3338 hadden,
1123 3289 1283 3337 ende
1322 3287 1600 3335 deselve
1633 3286 1717 3336 op
1756 3285 1993 3333 haeren
2032 3283 2191 3331 naem
2229 3283 2390 3335 naer
2427 3292 2743 3342 souratta
2781 3295 2985 3343 soude

792 3419 1051 3475 „voeren
1085 3417 1305 3465 laten,
1341 3419 1633 3466 seggende
1669 3419 1960 3468 vorders,
1996 3423 2216 3471 waerom
2251 3426 2398 3471 dese
2433 3427 2653 3474 spetie
2688 3429 2761 3474 in
2798 3429 3063 3478 brodera

804 3544 1079 3591 bootcha
1117 3546 1234 3592 oft
1273 3544 1585 3591 souratta
1625 3545 1781 3591 niet
1819 3544 1898 3591 en
1936 3543 2171 3592 lieten
2210 3547 2288 3593 in
2327 3548 2601 3601 coopen,
2638 3556 2873 3603 alwaer
2912 3555 3076 3603 daer

796 3667 882 3714 in
924 3663 1264 3711 niemandt
1306 3666 1773 3716 hinderlijck
1814 3670 2070 3717 wesen,
2112 3672 2282 3718 maer
2324 3672 2410 3719 in
2451 3673 2876 3723 ammadabath
2918 3674 3046 3724 bij

795 3800 947 3850 zijn
981 3793 1283 3844 gouverno
1319 3790 1506 3838 noijt
1543 3787 1693 3835 daer
1728 3787 1841 3834 toe
1879 3789 2141 3843 verloff
2173 3797 2363 3846 geven
2399 3798 2624 3845 zoude,
2661 3798 2811 3844 waer
2847 3800 2968 3849 aen

803 3940 913 3989 ons
948 3931 1238 3983 weijnich
1273 3925 1526 3974 gelegen
1561 3926 1670 3973 Is,
1706 3926 1814 3971 soo
1850 3926 2031 3972 langh
2066 3928 2139 3974 de
2174 3929 2426 3975 petitie
2462 3929 2571 3975 der
2606 3931 2787 3979 H=ren
2823 3933 3077 3981 majoors

799 4075 1041 4127 vande
1088 4069 1281 4119 Cust
1329 4066 1859 4115 Chormandel,
1907 4065 2100 4111 ende
2134 4060 2485 4110 bengale
2532 4058 2677 4105 can
2725 4053 3063 4102 voldaen

797 4203 1040 4252 werden,
1071 4194 1213 4247 doch
1245 4187 1627 4238 d'Engelsche
1661 4187 1800 4237 zijn
1834 4192 1973 4239 daer
2007 4194 2111 4240 bij
2145 4191 2525 4239 grotelijcks
2559 4187 3079 4236 geinterresseert

2579 4302 2679 4349 de
2719 4296 3028 4345 welcke

0 682 300 735 11Ed„o

188 802 307 850 nen

179 1042 302 1096 hach

225 1177 273 1224 doo

192 1300 269 1346 la„

0 1407 281 1460 welne¬

0 1294 44 1343 uijt

0 1685 248 1738 quam

0 1803 35 1849 e
67 1806 135 1852 is
168 1807 270 1855 den

0 2055 199 2103 vern=r

0 2176 276 2223 ,daer

0 2283 195 2331 te

187 2543 268 2590 c

206 2657 230 2702 in

167 2901 279 2948 welck

156 3025 239 3072 sen

192 3156 266 3204 ¬

195 3273 257 3319 uijt

218 3409 241 3454 9

11 3273 83 3319 hij

210 4193 246 4239 ste

0 4324 144 4370 niet
