3573 4801
2748 464 2936 518 198

883 639 1055 686 over
1097 639 1313 689 desen
1352 644 1568 692 wegh,
1610 642 1738 688 off
1780 641 1909 687 wel
1950 630 2336 686 advoiture
2378 625 2550 674 naer
2591 612 2934 669 pipelijn

887 755 1241 811 bestante
1284 754 1592 806 scheeps
1635 754 1943 804 ruijmte
1986 753 2119 801 sal
2163 750 2426 800 dienen
2470 725 3041 793 geprojecteert

894 870 1092 921 ende
1139 861 1581 915 versorcht

838 1090 964 1144 Bij
1000 1078 1251 1125 datsen
1291 1080 1456 1127 gaet
1497 1083 1662 1129 mede
1702 1083 1909 1134 Cppie
1949 1081 2074 1128 van
2115 1076 2486 1125 diversche
2524 1068 2864 1121 advijsen

914 1194 1071 1245 ende
1109 1190 1457 1239 pampieren
1494 1189 1651 1235 uijt
1689 1189 1767 1235 s.
1806 1188 1845 1234 .
1883 1180 2115 1231 cruijs
2153 1177 2231 1224 d'
2268 1172 2463 1221 gaele
2500 1173 2579 1220 p.
2615 1170 2656 1217 r
2694 1162 2811 1212 den
2848 1157 3004 1207 haan

905 1308 1031 1358 aen
1072 1304 1198 1351 mij
1238 1300 1823 1352 g'addresseert,
1864 1295 2032 1345 waer
2071 1289 2199 1338 bij
2237 1288 2407 1336 uEd:
2448 1282 2658 1333 onder
2698 1270 2991 1325 anderen

915 1422 1193 1474 tsalvo
1237 1411 1702 1467 arrivement
1745 1398 2256 1455 (godsjloff)
2302 1394 2441 1442 van
2486 1393 2580 1439 d'
2623 1386 2718 1435 E.
2762 1381 2949 1428 Heer

901 1537 1095 1594 Joan
1141 1512 1763 1578 maatsuijcker„
1810 1515 1955 1564 met
2001 1518 2240 1566 schip
2285 1510 2431 1562 den
2478 1495 3004 1556 Salamander,

888 1668 1071 1726 ende
1114 1660 1295 1711 tsas
1338 1651 1475 1703 van
1519 1646 1744 1696 gent,
1787 1638 1924 1689 den
1967 1626 2328 1681 toestant
2372 1615 2823 1670 derwaerts,

899 1766 1525 1832 tverongelucken
1569 1760 1793 1810 (god.
1837 1751 2151 1805 betert)
2195 1747 2330 1795 van
2374 1741 2464 1790 't
2508 1732 2733 1785 jacht
2776 1728 2911 1774 den

882 1888 1385 1957 schellevisch,
1417 1883 1500 1933 en
1537 1878 1769 1928 eenige
1804 1874 1923 1923 van
1958 1871 2039 1919 s'
2075 1862 2308 1914 comp=s
2344 1853 2692 1906 dienaeren
2731 1849 2885 1898 daer
2922 1848 3066 1895 op,

883 2013 1018 2066 ter
1061 1998 1327 2056 rhede,
1369 1995 1547 2043 voor
1588 1984 1899 2039 Basora,
1943 1977 2340 2027 tvertreck
2384 1973 2516 2022 van
2560 1971 2605 2018 2
2647 1956 3002 2014 portuges

885 2121 1195 2181 schepen
1236 2108 1414 2163 uijt
1457 2103 1590 2151 Goa
1633 2096 1810 2147 naer
1852 2077 2294 2139 portugael,
2338 2072 2514 2120 ende
2558 2068 2690 2115 der
2733 2059 3001 2112 selver

886 2232 1234 2292 ladinge,
1276 2215 1711 2276 mitsgaders
1751 2201 2144 2258 diversche
2185 2186 2404 2245 novos
2445 2179 2621 2228 uijt
2664 2172 2927 2222 Europa

885 2353 1155 2415 sullen
1198 2338 1554 2397 gelieven
1595 2332 1686 2381 te
1723 2319 2128 2376 vernemen,
2173 2313 2350 2364 daer
2393 2309 2527 2356 toe
2568 2303 2704 2354 mij
2748 2293 2926 2347 oock

895 2466 1083 2518 omme
1126 2459 1319 2509 geen
1364 2443 1789 2501 noodeloos
1834 2429 2165 2486 verhaal
2211 2430 2353 2476 van
2400 2429 2541 2475 een
2587 2422 2777 2473 ende
2823 2414 2919 2465 d'

874 2579 1094 2639 selve
1134 2563 1397 2624 saecke
1440 2559 1527 2607 te
1569 2555 1787 2603 doen,
1830 2550 2004 2599 maer
2046 2547 2221 2595 cort
2263 2543 2351 2589 te
2393 2534 2610 2585 sijn,
2653 2532 3001 2581 referere

770 2759 983 2808 Desen
1025 2757 1152 2802 dus
1192 2750 1407 2802 verre
1448 2744 2000 2796 geconsipieert
2042 2742 2339 2790 sijnde,
2381 2741 2806 2789 verschijnt
2845 2738 2977 2788 van

896 2861 1166 2913 carcal
1209 2855 1479 2907 alhier
1523 2852 1658 2900 ter
1703 2846 1972 2896 rheede
2016 2837 2376 2889 seeckere
2419 2824 2915 2882 affgeheurde

888 2967 1348 3031 chiampan,
1397 2957 1603 3010 waer
1652 2951 1858 3001 mede
1908 2952 2061 2998 wel
2111 2936 2468 2996 apropos
2517 2925 2879 2979 becomen

885 3091 976 3142 26
1018 3076 1283 3134 packen
1323 3073 1458 3120 soo
1501 3060 2073 3116 geschilderde,
2113 3055 2248 3105 als
2291 3040 2556 3098 andere
2598 3034 2956 3082 cleeden,

876 3202 1086 3255 10800
1125 3191 1253 3245 stx
1294 3166 1795 3231 rochevellen,
1835 3161 1962 3210 100
2001 3157 2129 3205 stx
2169 3148 2422 3200 slaven
2463 3144 2630 3192 ende
2671 3139 3006 3188 kavinnen

891 3315 1029 3367 met
1071 3304 1301 3358 nader
1344 3287 1709 3347 advijsen
1752 3278 1981 3331 vande
2025 3258 2524 3321 Coopluijden
2569 3253 2888 3303 adriaen

868 3423 1159 3490 vander
1205 3409 1493 3465 meijde
1538 3402 1637 3453 en
1683 3391 1973 3445 govert
2020 3377 2452 3435 crackouw,
2500 3366 2885 3420 welckers

875 3543 1145 3606 Copien
1189 3531 1370 3586 oocq
1410 3520 1729 3574 noodich
1773 3508 2043 3564 hebben
2085 3494 2357 3552 geacht
2402 3491 2582 3539 hier
2625 3485 2762 3535 bij
2803 3477 2898 3528 te

887 3660 1209 3717 vougen,
1253 3643 1622 3704 sullende
1667 3640 1851 3688 uEd:
1896 3638 2081 3688 daer
2125 3629 2311 3681 uijt
2353 3622 2585 3675 onder
2630 3618 2961 3670 anderen

878 3785 1263 3855 gelieven
1309 3777 1406 3828 te
1453 3768 1692 3819 sien,
1738 3764 1836 3812 d'
1882 3741 2504 3807 onrechtmatige
2551 3737 2648 3785 en
2695 3728 2937 3780 force

865 3911 1338 3987 proceduren
1381 3899 1525 3952 der
1570 3883 2042 3945 portugesen
2085 3875 2230 3929 int
2275 3863 2699 3918 aenhaelen
2744 3860 2892 3908 van

863 4080 1136 4141 Comp„e
1180 4061 1497 4122 thonij,
1537 4048 1723 4105 ende
1766 4030 2176 4090 desselffs
2217 4008 2673 4073 ingelaeden
2717 3999 2994 4052 goeder

869 4205 1053 4260 voor
1095 4191 1509 4248 Coulangh,
1554 4184 1691 4235 als
1733 4176 1828 4229 in
1873 4173 1919 4218 t
1951 4156 2421 4217 becommeren
2466 4151 2604 4201 van
2648 4147 2969 4195 anderen

888 4314 1031 4367 tot
1069 4296 1542 4358 disrespect
1588 4290 1822 4340 onser
1866 4279 2148 4334 heeren
2191 4259 2707 4322 principalen

2434 4465 2728 4525 ende

173 640 274 689 me

176 752 255 800 ge

182 852 233 900 el

0 1535 260 1584 tijdelijck

153 1774 226 1820 r

0 1911 64 1957 ert

193 2230 242 2276 en

217 2556 246 2601 ten
