3560 4937
902 312 1108 369 Julio
1147 307 1271 355 ao.
1311 308 1479 360 1646

1248 447 1458 498 conde,
1492 446 1773 493 alquamen
1806 449 2016 495 hond:t
2049 451 2121 499 tr
2154 454 2398 502 equeste
2429 455 2502 502 hy
2537 455 2712 502 wilde
2746 458 2956 510 morgen
2989 467 3199 517 selffs
3232 473 3303 524 bi

1231 565 1337 613 den
1371 563 1612 612 Coningh
1646 563 1785 610 gaen
1818 566 1889 612 en
1922 569 2129 620 desien
2163 576 2266 623 wat
2300 578 2439 625 voor
2473 580 2578 628 ons
2611 584 2681 632 te
2714 588 2853 635 wege
2886 591 3130 640 brengen
3161 597 3375 655 conde:

1241 689 1393 738 maer
1425 689 1690 736 meenden
1728 690 2026 739 weijnigh
2062 694 2138 744 op
2175 700 2400 750 tmeren
2435 707 2660 762 sonden
2696 718 2884 768 alsoo
2919 723 2995 769 de
3032 722 3335 779 Joncquen

1239 819 1396 867 nogh
1435 817 1554 863 omy
1592 818 1789 865 tende
1826 819 2063 873 Revier
2102 827 2653 886 g'anckerslagen
2691 840 3006 886 vanwelcq
3045 840 3361 892 vertrecq

1231 951 1332 1003 syn
1363 946 1526 995 volcq
1559 944 1690 992 (tot
1722 939 2016 988 dieneynde
2048 939 2180 987 mede
2212 943 2606 1007 affgesonden)
2636 963 2864 1010 beschey
2897 963 2930 1008 t
2962 963 3126 1011 soude
3158 966 3387 1018 brengen

1224 1069 1333 1116 als
1367 1057 1622 1111 wanneer
1658 1056 1840 1102 beter
1876 1057 2239 1112 apparentie
2274 1068 2383 1118 tot
2419 1074 2709 1127 demissie
2745 1082 2890 1130 niet
2926 1085 2999 1132 te
3035 1088 3400 1140 manoqueren

1244 1190 1482 1242 stondt
1519 1183 2073 1234 tusschenwijlen
2112 1185 2231 1234 ons
2269 1189 2625 1244 nadelogie
2663 1199 3059 1249 begevende,
3097 1205 3375 1255 bekomen

1241 1307 1472 1354 aldaer
1508 1304 1664 1352 mede
1701 1301 2009 1348 bescheyt
2047 1300 2279 1348 vanden
2316 1305 2547 1356 Jongen
2585 1312 2855 1366 Coningh
2892 1321 3086 1369 (daer
3122 1325 3353 1379 gister

1223 1441 1303 1491 30
1340 1433 1574 1483 packen
1612 1428 1768 1476 syde
1806 1427 1884 1474 op
1923 1428 2352 1475 affcortinge
2389 1430 2585 1478 syner
2623 1434 2856 1482 schult
2895 1437 3012 1483 van
3050 1438 3167 1484 had
3206 1438 3323 1486 den

1174 1567 1519 1620 gekregen)
1557 1566 1673 1612 dat
1702 1559 1825 1610 met
1864 1555 2094 1604 vorder
2132 1555 2363 1603 dorste
2400 1559 2670 1608 betalen
2706 1564 2976 1620 bevoren
3013 1576 3129 1622 byo
3166 1571 3359 1620 vader

1241 1695 1496 1745 voldaen
1531 1691 1750 1739 hadde,
1785 1685 2040 1735 godweet
2074 1684 2186 1730 off
2222 1684 2331 1729 dit
2367 1684 2477 1730 met
2513 1685 2623 1732 een
2658 1687 3240 1746 doorsteeksnwercq
3275 1701 3352 1747 is

1218 1818 1362 1873 ende
1397 1812 1504 1860 dat
1538 1808 1610 1855 de
1645 1806 1930 1853 Chinesen
1965 1808 2072 1853 met
2107 1808 2250 1854 rede
2284 1808 2356 1854 bi
2391 1808 2498 1853 den
2533 1807 2782 1853 Coningh
2817 1807 3032 1856 hebben
3066 1813 3138 1858 te
3172 1809 3351 1860 wege

1221 1932 1495 1989 gebracht
1527 1929 1596 1976 wy
1629 1927 1730 1972 (op
1763 1924 1864 1971 syn
1898 1923 2067 1970 beste
2099 1925 2369 1971 genomen)
2399 1924 2504 1971 soo
2536 1925 2705 1974 langh
2738 1929 3109 1985 opgehouden,
3141 1942 3377 1992 mochten

1233 2045 1449 2095 werden
1484 2042 1593 2089 dat
1628 2040 1809 2086 vande
1844 2041 2096 2087 Japanse
2131 2038 2348 2085 keijse
2383 2035 2708 2082 versteken
2743 2038 2996 2092 mochten
3030 2049 3284 2108 blijven

1232 2163 1475 2226 'theeft
1507 2158 1713 2206 altoos
1747 2155 2086 2202 tenminsten
2120 2155 2256 2201 sijn
2290 2154 2597 2200 bedencken
2630 2155 2868 2205 vermits
2900 2161 3071 2215 desen
3103 2167 3343 2216 Coningh

1239 2291 1352 2339 soo
1390 2288 1540 2336 voor
1571 2280 1764 2332 Jgnan
1801 2277 2101 2326 bevreest
2137 2272 2213 2320 is
2250 2270 2662 2324 willenhopen
2699 2279 3038 2333 d'almogen
3069 2288 3149 2335 de
3186 2282 3374 2335 Compe

1242 2422 1498 2478 bewaren
1533 2418 1680 2465 sal,
1715 2413 1936 2463 sullen
1972 2412 2118 2460 sien
2152 2408 2264 2458 wat
2300 2403 2592 2452 bescheij
2628 2403 3175 2454 'tmorgencrijgen
3211 2409 3359 2456 daer

1227 2567 1343 2628 ons
1377 2557 1560 2610 aldan
1593 2549 1705 2601 ten
1740 2547 1995 2593 dienste
2030 2546 2213 2594 vande
2248 2541 2430 2588 Comp.
2465 2540 2502 2585 e
2538 2539 2612 2585 na
2647 2540 2720 2585 te
2755 2540 3083 2591 reguleren
3117 2547 3337 2601 hebben

997 2705 1145 2756 ady,
1176 2697 1290 2749 16.
1323 2688 1435 2741 d:o
1469 2678 1762 2730 smorgens
1798 2677 2016 2723 souden
2052 2677 2235 2724 onsen
2270 2679 2454 2727 Tolcq
2489 2684 2672 2734 weder
2707 2690 2780 2738 na
2816 2693 3145 2749 ongadingh
3179 2705 3369 2755 edogh

1192 2825 1234 2874 t
1258 2818 1451 2879 goste
1485 2809 1635 2860 door
1671 2806 2005 2854 denselven
2042 2804 2227 2852 weder
2263 2802 2375 2849 met
2411 2803 2708 2861 geholpen
2744 2817 3005 2869 worden,
3040 2825 3226 2872 alsoo

1214 2940 1399 2997 heden
1432 2932 1578 2983 nogh
1612 2927 1757 2975 niet
1792 2927 2079 2974 uytgingh
2115 2929 2187 2974 om
2222 2928 2510 2976 desiecte
2544 2932 2654 2980 van
2688 2937 2831 2983 sijn
2867 2937 3082 2983 moeder
3118 2937 3301 2991 sulcx

1178 3060 1677 3123 vruchteloos
1721 3054 1949 3104 weder
1994 3053 2222 3101 thuys
2266 3055 2449 3103 quam
2492 3060 2630 3109 als
2670 3068 2992 3119 wanneer
3036 3076 3173 3123 hem
3218 3079 3356 3130 met

1218 3197 1305 3244 't
1347 3189 1647 3241 Request
1689 3186 1903 3234 naden
1946 3186 2632 3237 Corpadoontjonhia
2673 3193 3017 3246 (gewesen
3058 3201 3401 3248 aengenom

1209 3320 1381 3369 soon
1423 3313 1680 3364 vanden
1721 3312 2106 3359 overleden
2147 3312 2532 3365 Ongakeem)
2574 3320 2703 3368 die
2745 3324 2875 3375 met
2916 3331 3046 3381 hem
3086 3339 3174 3386 te
3214 3343 3385 3390 hove

1142 3447 1350 3500 gingh
1389 3447 1554 3496 ende
1592 3438 1842 3491 tselve
1879 3434 2047 3482 syne
2088 3435 2296 3489 May:t
2335 3447 2832 3507 overleverden
2869 3465 2952 3513 in
2993 3464 3365 3514 presentie

1067 3582 1329 3643 vanden
1371 3573 1630 3624 Tolcq,
1673 3572 1932 3620 welcke
1974 3570 2105 3617 het
2147 3573 2449 3620 gelesen
2491 3575 2750 3626 hebben
2792 3580 2924 3630 ten
2965 3587 3354 3638 antwoorde

1205 3710 1372 3769 gaff
1413 3706 1534 3754 syn
1574 3702 1778 3750 woord
1817 3704 1939 3750 dat
1979 3704 2344 3755 gesproken
2383 3709 2587 3757 hadde
2627 3709 2870 3757 bdelde
2911 3712 3073 3760 niet
3113 3716 3356 3764 breken

1165 3851 1290 3897 des
1328 3840 1619 3899 wachten
1659 3836 1909 3883 mosten
1949 3837 2073 3883 tot
2114 3836 2322 3883 seker
2362 3840 2652 3890 tydinge
2691 3845 2857 3892 quam
2899 3846 2982 3892 de
3022 3846 3356 3895 Joncquen

1145 3983 1268 4033 van
1308 3976 1593 4027 buijten
1631 3966 2037 4019 vertrocken
2077 3965 2280 4014 waren
2319 3970 2443 4021 dit
2474 3975 2805 4025 bescheij
2844 3977 2886 4023 t
2926 3976 3372 4028 evenbekomen

3052 4120 3335 4178 hebbende

625 2004 658 2050 1

633 3087 802 3143 daar

1140 2959 1210 3007 E

675 4115 774 4161 en
