3560 4937
1437 787 1625 836 Dagh
1671 785 2043 835 Register
2089 785 2461 834 wegens't
2507 787 3018 838 gepalseerde

1486 1142 1555 1194 't
1585 1151 1915 1200 seeckerste
1948 1155 2014 1201 op
2046 1156 2179 1205 8=en
2211 1161 2410 1215 voors:
2441 1171 2574 1220 door
2606 1177 2672 1223 de
2704 1178 2836 1224 H=rn
2867 1177 3299 1229 sickengodonne

1541 1272 1686 1322 ende
1720 1277 2333 1333 sabroseijmondonne
2366 1289 2547 1343 onder
2582 1299 2834 1348 anderen
2869 1303 3373 1366 waerschouwende

1548 1407 1682 1453 ende
1715 1405 1816 1452 ten
1848 1404 2051 1452 besten
2084 1408 2352 1456 radende,
2385 1412 2721 1461 aengeseijt
2753 1417 2821 1463 in
2854 1418 3190 1470 substantie

1550 1528 1665 1574 met
1703 1529 1855 1576 dese
1892 1530 2158 1577 woorden
2196 1532 2272 1577 te
2309 1532 2501 1582 weten
2534 1537 2652 1585 dat
2689 1541 2918 1588 genige
2954 1544 3273 1599 Chinesen

1535 1653 1605 1699 in
1639 1650 1710 1697 't
1743 1643 2060 1694 vaerwater
2093 1640 2165 1688 na
2199 1638 2411 1690 Japan,
2445 1646 2655 1692 mosten
2690 1647 3111 1697 beschadigen,
3143 1650 3410 1698 welcker

1554 1765 1813 1816 clachten
1843 1761 2007 1808 groot
2037 1759 2169 1807 ende
2199 1764 2329 1816 voor
2360 1772 2458 1818 als
2489 1773 2619 1818 noch
2650 1774 2747 1820 tot
2779 1775 3038 1823 keijsers
3070 1778 3231 1827 ooren

1547 1892 1686 1938 niet
1720 1890 1964 1937 gecomen
1998 1890 2208 1939 waren,
2241 1896 2380 1944 doch
2414 1897 2623 1950 tselve
2657 1905 2901 1956 namaels
2935 1911 3179 1959 horende

1557 2030 1857 2077 wellicht
1895 2031 2008 2076 tot
2045 2032 2270 2079 nadeel
2307 2033 2495 2079 vande
2532 2034 2983 2082 Nederlanders
3019 2035 3323 2089 strecken

1545 2163 1818 2213 mochte,
1856 2161 2011 2208 waer
2049 2160 2204 2206 uijt
2242 2162 2666 2211 vastelijcke
2704 2162 3051 2209 besluijte
3090 2160 3209 2207 den

1523 2288 1825 2340 Gouvern=r
1857 2286 2158 2335 Sabroseij
2191 2285 2460 2332 mondonne
2492 2286 2626 2335 door
2660 2290 2794 2335 dien
2827 2290 2894 2335 te
2927 2288 3095 2334 voren
3128 2290 3363 2337 gerucht

1534 2406 1643 2456 was
1678 2408 1823 2455 voor
1858 2407 1930 2453 de
1966 2405 2182 2453 nieuwe
2217 2404 2397 2452 Iaers
2433 2407 2613 2453 feest
2649 2408 2757 2454 van
2793 2410 2937 2458 sijn
2972 2414 3333 2462 bedieninge

1530 2544 1606 2590 in
1643 2540 2056 2589 Nangesackij
2093 2540 2243 2585 geen
2280 2539 2507 2585 raport
2542 2541 2730 2589 hadde
2767 2544 3030 2592 gedaen,
3067 2546 3292 2593 twelck

1534 2680 1602 2727 nu
1635 2678 1903 2726 geschiet
1936 2677 2037 2722 der
2069 2671 2338 2721 Chinesen
2371 2672 2639 2718 clachten
2672 2672 2806 2718 over
2840 2673 2907 2718 de
2940 2674 3352 2726 Nederlanders

1536 2817 1760 2865 wegens
1797 2815 1871 2861 't
1907 2815 2093 2862 nemen
2130 2814 2390 2862 haerder
2425 2810 2686 2858 Joncken
2722 2811 2871 2860 mede
2907 2815 3353 2864 voorgesteld

1526 2955 1730 3007 heeft,
1763 2952 1966 3001 alsode
1996 2949 2269 2997 Chinesen
2303 2946 2607 2994 voorgaren
2641 2946 2708 2991 de
2741 2944 2978 2991 Joncken
3011 2942 3113 2988 bij
3147 2938 3351 2988 d'onse

1532 3091 1692 3143 voor
1729 3083 2004 3134 Manilha
2042 3076 2356 3127 verovert
2394 3074 2473 3121 na
2512 3071 2708 3118 Japan
2747 3072 2825 3117 te
2864 3072 3216 3120 navigeren

1528 3227 1898 3283 voornemens
1933 3222 2118 3271 waren
2153 3214 2449 3266 geweest,
2486 3214 2706 3262 twelck
2743 3217 2853 3263 ten
2889 3215 3331 3264 principalen

1519 3358 1620 3409 off
1651 3357 1750 3403 wel
1782 3355 1847 3401 in
1879 3353 1945 3399 't
1977 3349 2173 3398 geheel
2204 3347 2303 3393 ons
2334 3343 2530 3392 tegens
2563 3343 2824 3390 gewoonte
2855 3344 3182 3397 verblijven
3213 3351 3312 3399 in

1491 3477 1624 3526 Iedo
1655 3476 2019 3526 veroorsaect
2051 3476 2249 3522 heeft,
2281 3471 2348 3520 so
2380 3470 2479 3516 dat
2512 3470 2776 3516 bevinden
2808 3471 2940 3522 door
2972 3477 3039 3524 de
3067 3477 3335 3526 Chinesen

1515 3608 1587 3656 de
1621 3606 1830 3653 Compe
1864 3604 2038 3652 allen
2073 3602 2455 3650 mogelijcken
2489 3602 2698 3650 hinder
2733 3600 3047 3647 aengedaen
3080 3602 3219 3648 werd

1516 3737 1615 3785 wat
1647 3735 1778 3783 hier
1810 3734 1876 3779 op
1908 3733 2039 3779 ende
2071 3732 2300 3778 vorders
2332 3731 2399 3777 te
2430 3732 2725 3782 diversche
2756 3736 2952 3784 tijden
2982 3736 3083 3784 ten
3115 3738 3247 3784 hove

1517 3866 1625 3912 als
1661 3867 1734 3913 de
1769 3869 1985 3915 Heeren
2020 3871 2201 3918 tsick
2236 3871 2561 3918 ingodonne
2592 3871 2668 3919 &n
2703 3872 3315 3920 Sabroseijmondonne

1525 3999 1604 4047 op
1642 3999 2066 4048 verscheijde
2104 3998 2297 4046 vrage
2335 4000 2721 4050 g'antwoort
2757 4004 2952 4050 hebbe
2990 4004 3106 4050 wat
3144 4005 3337 4054 grote

1521 4132 1707 4187 saeck
1742 4141 1852 4189 het
1888 4141 2035 4187 vrij
2071 4139 2328 4186 stellen
2365 4139 2474 4185 der
2511 4139 2877 4186 gevangenen
2914 4140 3025 4186 van
3060 4142 3244 4189 Nambo

1509 4267 1716 4314 g'acht
1748 4271 1919 4317 wert,
1953 4271 2294 4319 mitsgaders
2328 4274 2498 4320 tgene
2532 4274 2635 4320 mij
2667 4273 2907 4320 wijders
2940 4275 3283 4325 geduurende

2979 4410 3181 4465 ons

768 278 963 338 Julio
998 270 1117 319 ao.
1154 264 1310 314 1646

1981 558 2278 616 pie

1993 437 2461 490 Jonchem

2993 444 3302 491 1646
