3567 4801
2764 529 2950 578 878

1044 750 1595 829 Robbert
1671 744 2145 803 Bruijn
2221 725 3009 796 ondercoopm

1090 896 1224 948 36
1288 878 1488 937 ter
1552 869 1950 919 maendt
2015 837 2874 911 jegenwoordich

933 893 1032 939 a

957 1013 1064 1064 op
1114 1001 1222 1053 't
1272 980 1696 1043 comptoir
1747 970 1907 1023 ava
1958 962 2117 1011 jnt
2166 936 2802 1003 coninckrijck
2832 931 2906 978 —

939 1127 1099 1185 van
1149 1113 1412 1170 peguw
1463 1105 1621 1155 als
1671 1086 1934 1147 hooft
1983 1064 2508 1127 gebruijckt
2557 1046 3031 1108 werdende,

939 1221 1474 1288 continueel
1526 1209 1795 1264 goedt
1847 1190 2275 1252 genougen
2327 1182 2489 1232 van
2541 1172 2755 1225 sijn
2806 1157 3023 1216 doen

922 1348 1194 1410 ijver
1246 1334 1462 1388 ende
1513 1306 2052 1376 vigulantie
2104 1291 2535 1350 gevende,
2587 1278 2803 1333 wert
2855 1268 2965 1321 op

920 1467 1144 1535 sijn
1197 1443 1584 1509 Billick
1635 1418 2078 1484 versoeck
2132 1410 2354 1462 door
2408 1390 2906 1453 experasie

928 1575 1290 1647 sijnen
1346 1549 1828 1616 jongsten
1886 1531 2427 1592 verbandt,
2484 1522 2726 1575 ende
2783 1513 2967 1565 wel

939 1664 1815 1771 dragengentheijt,
1868 1656 2033 1707 als
2087 1653 2306 1700 omme
2359 1645 2525 1695 den
2579 1630 2907 1688 selven

930 1827 1145 1883 meer
1194 1812 1407 1868 ende
1457 1799 1668 1854 meer
1719 1787 1877 1842 ten
1928 1775 2297 1831 dienste
2348 1765 2558 1817 vand
2610 1763 2663 1809 E
2714 1754 3030 1806 comp„e

938 1919 1483 1996 t'animeren
1534 1913 1860 1963 d'novo
1912 1901 2130 1956 voor
2183 1884 2454 1942 drije
2506 1868 2832 1926 jaeren

937 2044 1171 2109 jnde
1227 2021 1516 2084 selve
1572 2000 2149 2061 qualiteijt
2205 1990 2380 2042 van
2434 1965 2840 2032 coopman

928 2126 1545 2217 aengenomen
1605 2118 1729 2168 en
1789 2108 1974 2160 een
2033 2088 2770 2152 tracksemendt
2831 2080 3016 2132 van

923 2252 1433 2331 vijfftich
1486 2230 1883 2292 guldens
1938 2221 2109 2271 ter
2163 2209 2503 2263 maendt
2556 2191 2898 2252 nevens

937 2409 996 2456 1
1049 2368 1510 2451 coopmans
1565 2335 2024 2407 Rantsoen
2077 2305 2710 2378 toegeleijdt
2766 2297 2882 2346 de

925 2477 1636 2560 verbeseringhe
1688 2462 1854 2519 van
1907 2449 2180 2504 gagie
2234 2444 2344 2493 en
2396 2435 2508 2488 't
2559 2409 2888 2477 nieuwe

913 2605 1324 2677 verbandt
1372 2591 1527 2644 den
1576 2584 1680 2633 16
1728 2569 1984 2625 julij
2034 2566 2137 2614 ao
2187 2554 2392 2609 1646
2438 2541 2595 2597 als
2644 2523 3003 2583 wanneer

914 2733 1132 2797 sijn
1183 2699 1723 2775 verplugten
1775 2685 1992 2740 tijt
2043 2670 2261 2726 uijt
2302 2638 2690 2712 geweest
2740 2619 2904 2679 is,

934 2810 1609 2913 aenvanck
1690 2768 2279 2848 nemende
2358 2747 2444 2805 —

1024 3031 1423 3121 Jicques
1475 3007 1872 3072 Caucier
1916 2995 2097 3050 van
2151 2976 2435 3039 gendt
2487 2960 2603 3013 jn
2653 2935 2951 2999 jndia

953 3163 1369 3236 gecomen
1427 3151 1607 3205 den
1662 3136 1784 3190 17
1838 3123 2141 3178 aug„o
2175 3112 2318 3164 ao
2377 3086 2674 3155 1641.
2728 3063 2914 3123 met

932 3265 1510 3359 toorloghsij
1561 3261 1771 3308 acht
1820 3236 2135 3303 Bergen
2159 3223 2290 3274 op
2339 3207 2498 3264 den
2545 3183 2758 3248 soom
2808 3174 2914 3223 in

923 3396 1457 3477 qualiteijt
1504 3382 1669 3439 van
1706 3335 2305 3424 Boeckhouder
2351 3314 2570 3378 ende
2621 3290 2996 3356 eersten

931 3524 1217 3584 asst„
1272 3509 1443 3564 met
1496 3481 1781 3547 gagie
1835 3467 2007 3523 van
2063 3462 2120 3508 ƒ
2166 3450 2289 3504 20
2340 3430 2515 3491 ter
2568 3410 2911 3470 maendt

913 3637 1270 3709 tsedert
1316 3606 1622 3679 sijnen
1669 3587 1975 3648 dienst
2024 3562 2430 3631 ontrendt
2479 3555 2581 3604 e'
2628 3539 2986 3599 Twaelff

893 3747 1318 3834 maenden
1375 3731 1559 3788 ter
1616 3684 2281 3771 geneneraele
2339 3650 2943 3726 secretarie

924 3876 1056 3932 op
1114 3842 1565 3913 Batavia
1627 3794 2265 3883 mitsgaders
2324 3763 2712 3836 alhier
2756 3744 2902 3799 in

2894 3848 2994 3895 ren

895 3968 1400 4051 palliacatta
1443 3958 1628 4011 over
1673 3952 1765 4000 d'
1808 3939 1994 3995 vier
2033 3916 2314 3982 jaeren
2358 3908 2496 3958 Bij
2529 3901 2633 3951 d'
2672 3896 2770 3945 E:
2815 3895 2957 3952 h=r

920 4079 1501 4163 gouverneurs
1552 4062 1816 4121 arent
1866 4035 2341 4105 gardenijs
2394 4032 2499 4080 en
2551 4025 2868 4076 arnold

888 4212 1222 4293 heusen
1276 4206 1442 4254 int
1496 4190 1936 4250 copieren
1972 4182 2155 4230 als
2207 4149 2593 4220 thouden
2647 4131 2869 4191 ende

968 4336 1730 4419 consipueeren
1791 4322 1984 4378 van
2046 4305 2300 4362 Hagh
2361 4265 2868 4347 register

2644 4444 2912 4504 ende

100 3549 218 3601 en
