3560 4958
1360 805 1533 853 Dagh
1575 804 1919 855 Register
1961 804 2219 855 wegens
2261 811 2348 858 't
2390 813 2862 865 gepasseerde

1542 1231 1624 1278 de
1665 1233 1871 1283 stadt
1911 1236 2203 1292 pivelij
2238 1252 2569 1308 gecomen,
2609 1265 3022 1329 alswanneer
3060 1288 3103 1335 t
3142 1292 3353 1344 volck

1576 1384 1837 1433 hebben
1879 1387 2224 1441 gelandt,
2265 1397 2352 1443 en
2395 1399 2740 1455 weijnich
2781 1412 2956 1464 daer
2996 1423 3170 1478 naer

1562 1526 1798 1578 hebben
1836 1526 2151 1573 beginnen
2188 1530 2268 1580 te
2306 1536 2504 1587 brant
2541 1545 2895 1605 slichten,
2932 1562 3325 1618 steeckende

1559 1667 1793 1716 eenige
1831 1671 2104 1721 huijsen
2142 1677 2222 1725 in
2258 1682 2493 1738 brant,
2530 1695 2610 1742 en
2643 1697 2765 1745 ten
2802 1702 2960 1755 ware
2996 1712 3115 1761 het
3151 1719 3308 1776 dien

1540 1818 1708 1867 dach
1749 1818 1916 1868 niet
1958 1823 2293 1877 geregent
2331 1835 2583 1892 hadde,
2623 1848 2791 1899 waer
2831 1855 3001 1908 door
3039 1866 3124 1914 de
3165 1871 3332 1924 Aroo

1525 1973 1841 2021 daecken
1886 1976 2023 2023 nat
2060 1979 2428 2036 geworden
2472 1993 2743 2048 waren,
2788 2004 3015 2059 soude
3058 2015 3240 2070 veel
3283 2026 3329 2074 —

1548 2125 1859 2175 huijsen
1902 2131 2167 2185 gekost
2210 2141 2520 2199 hebben,
2563 2154 2697 2204 dat
2740 2160 2830 2207 nu
2873 2164 2962 2211 om
3005 2168 3315 2232 redenen

1559 2281 1679 2329 als
1718 2284 1918 2333 voren
1957 2289 2355 2343 verhindert
2393 2299 2513 2348 is,
2552 2303 2712 2352 daer
2751 2308 2911 2359 sijn
2947 2315 3109 2364 mede
3147 2320 3310 2378 door

1544 2444 1640 2492 de
1674 2444 1971 2495 Deenen
2017 2449 2160 2498 int
2206 2453 2445 2508 brant
2479 2464 2869 2515 slichten
2915 2471 3293 2537 wesende,

1549 2604 1600 2656 5
1618 2608 1681 2661 a
1725 2606 1814 2651 6.
1857 2604 2170 2652 swarten
2214 2608 2614 2668 gebleven,
2658 2623 2971 2689 gemelte
3013 2647 3280 2701 Deenen

1530 2767 1989 2819 regueerden
2034 2766 2218 2813 inde
2261 2767 2493 2818 stadt
2537 2775 2676 2828 tot
2720 2785 3087 2849 aencomen
3131 2806 3362 2867 vande

1523 2929 1687 2977 dach
1727 2929 1849 2975 als
1889 2929 2175 2978 wanneer
2212 2936 2335 2984 den
2375 2939 2619 2987 Boujon
2655 2941 2783 2989 met
2820 2947 2985 3000 sijn
3023 2957 3309 3014 pijcken

1552 3091 1645 3140 te
1691 3089 2152 3139 voorschijn
2196 3088 2522 3143 comende
2566 3100 2936 3167 geroerde
2980 3125 3305 3188 D'eenen

1538 3256 1700 3306 dede
1740 3261 2103 3310 vluchten,
2141 3258 2303 3306 niet
2344 3258 2628 3308 wetende
2664 3266 2787 3315 hoe
2825 3271 3031 3331 tijts
3065 3292 3366 3364 genoech

1528 3415 1608 3464 in
1646 3414 1764 3460 hun
1801 3413 2189 3462 vaertuijch
2227 3417 2422 3467 soude
2459 3423 2733 3482 vallen,
2769 3439 2966 3492 sulcx
3001 3451 3120 3500 sij
3156 3458 3350 3510 weder

1541 3572 1711 3620 naer
1753 3574 1839 3620 om
1879 3575 2051 3626 lach
2094 3580 2437 3636 gedreven
2470 3593 2691 3643 sijn,
2731 3600 2988 3658 vanden
3028 3615 3284 3676 Bouson

1554 3739 2109 3791 achtervolcht
2154 3746 2478 3804 wesende
2522 3761 2801 3819 (wiens
2845 3776 3218 3835 pieckens

1563 3903 1943 3952 gestadich
1985 3903 2112 3951 met
2148 3905 2404 3959 pijlen
2443 3917 2780 3980 schoten)
2820 3936 2989 3986 sijn
3030 3939 3158 3990 met
3196 3949 3282 3996 de

1553 4071 1838 4119 Chaloup
1876 4073 1959 4119 op
1998 4076 2122 4123 een
2160 4081 2325 4135 sant
2362 4093 2567 4148 plaet
2605 4105 2930 4165 geraect,
2970 4120 3091 4166 als
3130 4118 3294 4166 doen

1548 4240 1862 4287 begonnen
1901 4240 1980 4286 de
2019 4239 2335 4292 pijckens
2371 4249 2530 4305 noch
2568 4262 2885 4322 heftiger
2921 4280 3001 4329 te
3038 4286 3358 4332 schieten

1567 4405 1698 4454 soo
1737 4402 1870 4451 dat
1912 4401 2387 4459 genootsaect
2430 4414 2733 4481 wierden
2774 4437 2862 4487 de
2900 4442 3292 4495 Chaloupte

613 290 821 352 Jnlio
859 285 985 332 ao.
1025 285 1196 334 1646

1951 585 2150 634 pie

1882 460 2331 516 Jonckem

2874 465 3075 515 1641
