3642 4883
1041 618 1464 684 Januarij
1516 614 1728 664 1646

1370 822 1429 868 'T
1455 820 1601 869 schip
1628 825 1716 872 re:
1743 828 2001 878 amsterdam
2029 833 2203 880 standt
2230 836 2345 883 niet
2373 839 2573 890 derdaen
2602 845 2688 892 5a6
2716 847 2946 896 Januarij
2974 852 3089 899 maer
3117 855 3438 912 Masilipatam

1391 926 1445 973 te
1471 929 1766 976 vertrecken,
1792 932 1953 980 hebben
1980 935 2034 981 't
2059 936 2194 984 hooge
2220 939 2489 989 opperwater
2514 944 2810 993 d'suyckeren
2836 949 2998 1000 groote
3023 956 3212 1005 schaede
3237 961 3426 1014 gedaen,

1385 1028 1466 1074 dat
1492 1028 1546 1074 d'
1573 1029 1814 1078 suyckeren
1839 1034 2080 1083 overlangh
2106 1038 2214 1086 saem
2239 1040 2374 1087 heeft
2399 1042 2507 1089 doen
2533 1045 2826 1093 voortcomen,
2853 1048 2960 1095 naer
2986 1051 3254 1102 Carculatie
3280 1055 3414 1103 soude

1371 1118 1575 1168 gemelte
1604 1120 1749 1168 schip
1776 1123 1893 1176 1300
1921 1130 2095 1176 packen
2124 1130 2212 1177 van
2239 1134 2470 1181 geroerde
2498 1136 2674 1187 specie
2700 1141 2943 1194 becomen,

1188 1247 1248 1297 An
1277 1246 1334 1292 18
1357 1239 1421 1290 en
1449 1238 1506 1283 19
1534 1235 1592 1282 d.
1620 1234 1650 1279 o
1677 1231 1793 1278 niet
1821 1231 2196 1281 remarcquabels
2223 1237 2569 1287 Voorgevallen

1197 1373 1252 1424 Ae
1276 1369 1329 1417 20
1352 1364 1405 1412 d.
1431 1364 1456 1409 o
1480 1360 1635 1408 become
1660 1360 1840 1407 missive
1865 1362 2095 1410 gedateert
2120 1363 2174 1410 7.
2197 1367 2224 1412 '
2248 1368 2352 1414 ende
2376 1370 2453 1419 12.
2479 1374 2530 1419 en
2555 1374 2761 1423 Januarij
2785 1379 2863 1425 van
2887 1381 2965 1427 den
2990 1383 3169 1431 Coopman
3194 1382 3272 1431 &=r

1377 1453 1536 1500 govert
1562 1452 1775 1498 Crackouw
1801 1453 1881 1499 uyt
1908 1454 2200 1503 Trumelevaes
2226 1458 2333 1505 Item
2359 1461 2439 1506 een
2465 1462 2519 1508 d.
2544 1463 2573 1510 o
2598 1466 2705 1513 over
2730 1468 2837 1515 dien
2863 1471 2970 1517 Wech
2996 1472 3156 1520 nevens
3182 1475 3346 1523 andere

1364 1545 1689 1594 doccumenten
1718 1545 1894 1590 vanden
1924 1545 1953 1590 O
1982 1545 2278 1592 Vercoopman
2306 1549 2366 1595 S.
2394 1551 2425 1596 r
2453 1552 2659 1600 Adriaen
2688 1555 2866 1602 vander
2893 1557 3072 1608 meijde
3100 1564 3159 1610 In
3188 1565 3306 1612 dato

1355 1643 1412 1691 25
1437 1639 1662 1689 december
1689 1637 1885 1683 passado
1913 1638 2109 1684 daerbij
2135 1640 2275 1687 onder
2302 1643 2498 1693 anderen
2525 1648 2749 1698 vernemen
2774 1650 3083 1698 eerstelijck
3110 1652 3195 1698 bij
3221 1651 3417 1700 missive

1370 1737 1454 1783 van
1479 1733 1565 1782 s.r
1593 1733 1817 1779 Crackouw
1844 1734 2011 1780 hoedat
2039 1734 2318 1781 (:vermidts
2345 1737 2402 1784 't
2429 1739 2570 1787 heele
2596 1743 2737 1790 landt
2764 1746 2931 1794 daerom
2959 1749 3043 1794 her
3070 1750 3293 1796 tusschen
3321 1749 3405 1795 den

1370 1831 1563 1882 Conincq
1590 1831 1701 1878 ende
1728 1832 1783 1878 d'
1810 1833 1948 1878 drije
1975 1833 2195 1879 reijcken
2222 1834 2333 1881 noch
2359 1837 2415 1882 in
2442 1837 2662 1887 oorloogh
2689 1842 2800 1888 was)
2827 1843 2909 1888 int
2936 1843 3157 1890 verwapen
3183 1844 3269 1893 der

1368 1937 1615 1985 Coopmansz
1642 1938 1945 1986 sonderlinge
1971 1939 2082 1985 niet
2108 1939 2246 1985 heeft
2273 1940 2438 1987 Cunnen
2464 1943 2766 1990 uytrichten,
2792 1943 3013 1990 eenlijck
3040 1943 3177 1988 hadde
3204 1943 3260 1989 't
3286 1943 3439 1992 Coper

1373 2040 1539 2093 tegens
1566 2039 1621 2084 88
1647 2038 1703 2084 p.
1730 2038 1758 2084 a
1784 2037 1975 2085 d'bhaer
2002 2037 2084 2083 van
2111 2037 2193 2084 480
2220 2039 2275 2084 lb
2302 2039 2657 2090 uijtvercocht,
2683 2045 2738 2090 s'
2765 2045 2929 2092 plaets
2956 2047 3120 2092 Carcal
3147 2045 3338 2092 Wierdt.

1370 2148 1448 2194 tot
1472 2144 1577 2192 noch
1603 2144 1706 2190 door
1731 2143 1783 2189 't
1809 2144 1939 2189 volcq
1964 2144 2042 2190 van
2068 2144 2353 2191 Triagepille
2378 2147 2585 2193 rondtsom
2610 2148 2766 2195 beseth
2789 2149 3024 2196 gehouden,
3049 2150 3205 2197 sonder
3230 2150 3308 2196 dat

1365 2250 1557 2305 geenige
1582 2246 1692 2295 ofte
1718 2244 1826 2290 seer
1852 2242 2069 2289 Weijnige
2095 2243 2257 2289 Cleden
2284 2244 2365 2289 van
2392 2244 2555 2293 buyten
2581 2248 2689 2295 Wort
2716 2250 2878 2297 binnen
2905 2251 3120 2297 gebraght
3147 2251 3282 2297 sulcx
3308 2250 3390 2296 dat

1358 2359 1412 2407 't
1435 2352 1642 2402 aldaer't
1667 2350 1821 2396 sedert
1846 2348 1898 2394 't
1923 2345 2128 2393 Jonghste
2154 2345 2462 2392 afgescheepte
2487 2347 2590 2393 niet
2615 2348 2718 2396 veel
2743 2352 2872 2399 heeft
2897 2355 3153 2402 beschoten,
3178 2351 3283 2402 ende

1364 2456 1587 2506 gemelten
1613 2452 1837 2501 Crackouw
1865 2452 2199 2498 geresolveert
2227 2453 2367 2500 heeft
2394 2456 2506 2502 sich
2533 2457 2616 2502 van
2644 2456 2756 2502 daer
2783 2456 2895 2502 naer
2922 2456 3145 2504 trumelen
3173 2459 3258 2507 als
3280 2459 3341 2508 te

1361 2555 1700 2607 transporteren
1726 2554 1778 2600 te
1802 2553 1908 2599 meer
1933 2554 2090 2600 aldaer
2116 2554 2454 2600 eenigel'leden
2479 2555 2765 2604 aengebraght
2791 2559 2947 2604 woeren
2973 2559 3207 2605 bestaende
3233 2558 3286 2604 in
3310 2556 3415 2604 heel

1363 2660 1516 2708 goedt
1544 2653 2000 2704 guneeslijnwaet,
2028 2653 2394 2703 salampouris,
2423 2655 2726 2706 modaphons,
2757 2661 3121 2709 taffachelish
3150 2665 3336 2713 tsamen

1356 2760 1592 2809 omtrent
1623 2760 1692 2807 30
1725 2758 1927 2805 packen

1335 2871 1397 2919 d'
1426 2869 1694 2915 geruchten
1724 2870 1903 2917 liepen
1933 2872 2112 2918 aldaer
2141 2872 2231 2918 dat
2260 2872 2589 2920 adijvaneyck
2618 2876 2738 2922 door
2767 2878 2976 2926 mandael
3005 2881 3095 2927 van
3124 2881 3366 2933 Chinamna

1346 2973 1476 3021 weder
1501 2971 1630 3018 soude
1656 2970 1863 3016 trachten
1888 2970 2043 3016 sniets
2067 2970 2249 3016 meerder
2274 2971 2508 3017 penningen
2532 2973 2584 3020 op
2609 2975 2662 3021 te
2687 2977 2843 3024 sullen
2867 2980 3048 3028 brengen
3073 2983 3151 3030 als
3176 2986 3280 3033 voor
3305 2988 3434 3033 desen

1346 3075 1488 3129 weder
1515 3074 1571 3120 op
1598 3067 1904 3118 Trimelevaes
1932 3069 1989 3116 in
2013 3070 2127 3117 syjn
2154 3071 2321 3117 Vorige
2348 3073 2570 3120 gouverno
2598 3074 2737 3120 soude
2764 3075 2931 3123 Comen,
2959 3078 3015 3123 't
3042 3078 3182 3125 welcq
3209 3080 3321 3127 niet
3348 3083 3434 3132 wel

1345 3179 1676 3233 voorseecker
1704 3173 2005 3225 aengenomen
2034 3170 2185 3217 konde
2215 3170 2425 3216 werden,
2455 3170 2575 3217 doch
2605 3172 2787 3221 watter
2813 3175 2906 3222 van
2935 3177 3086 3224 Comen
3115 3179 3206 3225 sal
3235 3180 3368 3229 moet

1334 3296 1446 3344 den
1480 3287 1593 3339 tit
1627 3274 1850 3329 leeren

1335 3409 1471 3460 uijt
1504 3404 1977 3455 vooraengetogen
2010 3404 2247 3451 missive
2280 3407 2483 3453 vanden
2515 3407 2921 3454 oppercoopman
2954 3407 3022 3453 S.
3055 3407 3089 3453 r
3122 3406 3365 3456 adriaen

1346 3506 1526 3558 vander
1555 3505 1733 3551 meijde
1762 3505 1911 3551 werdt
1940 3504 2266 3550 g'adviseert
2296 3504 2474 3551 hoedat
2503 3505 2563 3550 al
2592 3504 2682 3550 den
2710 3505 2918 3552 alluijn
2948 3506 3096 3554 ruijm
3125 3508 3185 3554 13
3212 3503 3364 3553 bhaer

1343 3611 1376 3658 a
1405 3609 1466 3655 34
1495 3608 1557 3654 r.
1586 3607 1619 3653 a
1646 3607 1708 3654 d'
1737 3603 1889 3650 Bhaer
1920 3603 2162 3650 vercocht
2192 3605 2313 3651 ende
2343 3605 2464 3650 noch
2495 3605 2526 3651 1
2555 3606 2646 3654 3/3
2676 3609 2827 3656 bhaer
2856 3609 3009 3657 Coper
3038 3611 3070 3656 a
3100 3609 3191 3655 166
3220 3600 3312 3653 r=a

1349 3704 1650 3757 uijtgewogen
1677 3701 1842 3748 hadde,
1868 3700 1978 3747 Item
2004 3701 2086 3748 dat
2113 3703 2169 3749 't
2195 3705 2332 3750 Jacht
2359 3705 2524 3752 linnen
2550 3708 2605 3753 op
2632 3708 2687 3754 24
2713 3706 2933 3752 december
2959 3707 3042 3754 van
3068 3709 3178 3756 daer
3205 3711 3316 3759 naer

1351 3814 1525 3861 Ceylon
1552 3807 1844 3859 vertrocken
1872 3805 1988 3852 ende
2017 3804 2105 3850 met
2133 3805 2221 3850 een
2249 3806 2626 3855 Cargatoentgen
2654 3810 2916 3858 bestaende
2944 3814 3002 3859 in
3031 3814 3147 3860 2600
3175 3814 3321 3860 parra

1326 3921 1449 3975 sout
1478 3919 1540 3966 38
1569 3915 1631 3962 p.
1659 3913 1691 3959 s
1720 3906 1962 3957 plancken
1992 3906 2114 3952 1560
2143 3906 2204 3951 lb
2234 3906 2415 3952 maeens
2445 3907 2718 3958 overschen
2747 3913 2898 3962 Pever
2928 3917 3020 3966 440
3049 3921 3110 3968 v.
3139 3923 3170 3968 s
3199 3922 3381 3972 goenij

1327 4022 1520 4073 sacken
1550 4012 1842 4066 bedraegen
1874 4009 2100 4057 t'samen
2194 4007 2325 4055 692
2351 4008 2581 4056 beladen
2613 4009 2746 4056 was,

1181 4159 1266 4211 Aen
1290 4152 1346 4200 21
1371 4146 1454 4196 d.o
1480 4141 1643 4190 become
1670 4139 1752 4185 een
1778 4138 1860 4183 ole
1886 4136 1995 4183 uyjt
2022 4136 2185 4182 Velour
2212 4135 2401 4182 daerbij
2427 4136 2483 4182 't
2507 4136 2726 4182 passeren
2752 4134 2969 4181 omtrendt
2996 4134 3078 4181 den
3105 4136 3295 4187 Coninck

1337 4232 1434 4282 als
1463 4229 1653 4276 andere
1683 4226 1997 4272 quartieren
2027 4225 2310 4271 vernemen,
2341 4220 2623 4269 luijdende
2654 4219 2779 4266 naer
2810 4217 3094 4266 translaet
3123 4223 3218 4271 van
3248 4225 3436 4272 woorde

1339 4322 1418 4371 te
1454 4313 1687 4365 woorde
1723 4313 1841 4360 als
1879 4312 2112 4359 volght
