3567 4801
2723 516 2924 581 931

594 566 957 617 January
1003 553 1219 610 1646

934 695 1044 741 noch
1071 694 1181 740 niet
1208 694 1537 742 afgescheept,
1565 696 1674 742 ende
1702 697 1922 746 herwaerd
1948 701 2004 748 ts
2031 703 2250 750 gesonden
2278 705 2442 753 waeren
2470 708 2662 754 d'selve
2689 709 2744 755 sn
2771 709 2936 755 passam

921 805 982 854 In
1005 798 1066 846 te
1094 796 1293 843 nemen),
1319 796 1435 842 naer
1462 798 1746 846 Bengaelen,
1775 801 1945 847 sijnde
1973 801 2173 849 beladen
2199 804 2286 851 met
2313 806 2485 852 20000.
2512 808 2598 855 th.
2626 809 2654 854 s
2682 807 2886 854 sappans

922 907 1134 964 schuijt
1163 905 1346 951 silver
1375 905 1496 951 399¼
1526 905 1587 950 lb
1617 902 1768 950 Macis
1798 900 1919 947 4000
1949 899 2010 945 lb
2039 900 2222 947 rompen
2251 903 2402 948 25500
2432 903 2493 949 lb
2523 904 2855 950 suijverthin

923 1024 984 1073 20
1009 1018 1100 1066 stx
1128 1012 1362 1062 Iappanse
1392 1009 1654 1057 verlackte
1683 1005 2034 1054 Comptoirkens
2063 1004 2179 1050 ende
2209 1004 2238 1049 2
2267 998 2676 1049 haffieerketels
2704 996 2943 1045 monteren

932 1117 1174 1174 t'samen
1208 1114 1447 1162 d'somma
1480 1112 1584 1159 Van
1618 1111 1652 1156 ƒ
1685 1102 2028 1155 67165„16„,
2062 1101 2164 1147 met
2197 1101 2369 1147 ordre
2403 1100 2540 1148 ende
2574 1087 3019 1145 recommandatie

929 1227 1028 1278 aen
1058 1225 1124 1273 d'
1150 1218 1635 1273 oppercoopluyden
1667 1216 1732 1263 Hr
1764 1214 2021 1261 Martinus
2052 1213 2308 1261 d'Vroede
2339 1211 2404 1258 en
2436 1207 2629 1256 Thomas
2660 1200 2854 1254 Cuijck

925 1333 1120 1386 gemelte
1147 1328 1314 1377 fluijt
1341 1325 1509 1372 aldaer
1536 1325 1620 1370 met
1647 1324 1759 1370 lief
1785 1323 2065 1371 verschenen
2091 1324 2286 1371 sijnde,
2314 1325 2370 1371 en
2398 1325 2426 1370 e
2452 1322 2537 1369 van
2564 1319 2620 1366 't
2648 1314 2760 1363 mede

2860 1309 2891 1355 -

920 1445 1164 1498 gebraght
1192 1442 1254 1490 se
1284 1441 1497 1487 ontrost
1527 1439 1739 1486 hebben)
1769 1440 1831 1485 op
1860 1441 1922 1487 't
1951 1441 2285 1488 spoedichste
2315 1440 2407 1487 met
2436 1439 2498 1485 't
2526 1435 2861 1485 Invoorwaldt
2889 1433 2952 1480 af

916 1566 1145 1619 teladen,
1171 1562 1288 1611 ende
1316 1560 1374 1606 't
1401 1557 1688 1604 mancqueren
1715 1555 1802 1601 aen
1830 1553 2059 1600 desselse
2087 1554 2287 1601 ladinge
2315 1556 2401 1601 met
2429 1556 2516 1603 rys
2541 1552 2715 1604 ofte't
2743 1547 2887 1597 syjde

926 1682 1348 1738 doorschaersheyt,
1373 1679 1479 1726 ofte
1505 1675 1716 1723 telanghn
1742 1674 1795 1720 te
1821 1672 2007 1718 duchten
2031 1673 2137 1719 tard
2163 1673 2269 1719 anoe
2294 1671 2374 1718 met
2399 1668 2558 1716 rillij
2584 1667 2637 1713 te
2663 1658 2926 1712 suppleren—

909 1802 1038 1855 ende
1068 1796 1320 1846 daermede
1351 1795 1664 1841 adroicture
1696 1790 2135 1840 Wederherwaerts
2166 1791 2228 1836 te
2260 1788 2416 1836 laten
2447 1783 2604 1832 Comen

706 1963 770 2013 Ao
799 1957 863 2006 31
890 1950 954 1999 d.
984 1947 1015 1992 o
1044 1943 1168 1991 wert
1198 1941 1291 1987 met
1320 1935 1689 1986 Communicatie
1719 1934 1781 1980 en
1810 1928 2118 1978 goetvinden
2149 1926 2333 1973 vanden
2362 1923 2517 1971 raedt
2547 1922 2639 1969 van
2666 1915 2793 1967 dees
2819 1901 2978 1958 rhede

908 2055 1016 2107 over
1041 2051 1329 2099 masulwpatam
1355 2051 1460 2096 naer
1486 2050 1539 2096 S.
1565 2049 1591 2094 t
1617 2048 1722 2094 Crus
1747 2046 1800 2092 d'
1824 2043 1957 2091 haele
1983 2042 2219 2088 Versonden
2244 2040 2297 2086 't
2323 2037 2454 2085 schip
2478 2034 2558 2081 den
2582 2028 2715 2079 Haen,
2740 2021 2898 2072 sijnde

914 2170 996 2219 tot
1021 2167 1208 2214 progres
1233 2163 1394 2212 vanden
1420 2161 1580 2208 handel
1606 2162 1659 2207 op
1685 2158 1978 2207 masulipatam
2004 2156 2191 2203 beladen
2216 2153 2297 2200 met
2323 2151 2403 2197 een
2428 2141 2669 2196 Cargasoen
2693 2131 2960 2185 bedrachene

902 2296 941 2344 a
975 2278 1402 2337 350374„13„3„
1435 2272 1756 2322 bestaende
1791 2272 1863 2317 In
1897 2268 2040 2316 1130
2074 2266 2182 2313 th.
2217 2264 2466 2313 Jappans
2499 2243 2962 2307 schuijtsilver

909 2388 1056 2442 72864
1084 2385 1143 2432 lb
1172 2382 1464 2430 suyverthin
1494 2381 1610 2427 8760
1640 2380 1698 2426 p.
1727 2378 1757 2424 s
1785 2377 1932 2425 fijne
1960 2375 2311 2424 porceleijnen
2340 2375 2370 2420 5
2398 2375 2457 2421 p.
2484 2373 2515 2419 r
2544 2366 2807 2418 verlackte

907 2496 1106 2554 Japanse
1131 2489 1472 2540 Comptoirkens
1500 2489 1557 2535 17
1584 2491 1641 2537 p.
1668 2490 1697 2536 s
1723 2487 1922 2535 g'olijt
1949 2485 2063 2531 ende
2091 2484 2148 2530 2½
2175 2481 2288 2527 hiem
2315 2477 2541 2527 schrijff
2569 2474 2776 2522 pampier

901 2610 1014 2664 ende
1037 2605 1150 2652 1/16
1175 2605 1341 2651 legger
1366 2604 1614 2651 spaensche
1640 2602 1778 2649 wijn,
1804 2599 1941 2648 Istem
1968 2598 2132 2644 voors.
2160 2598 2214 2643 t.
2241 2596 2351 2642 Cris
2378 2595 2433 2641 d'
2459 2591 2597 2639 gaene
2622 2587 2706 2636 Van
2732 2581 2843 2631 hier

911 2733 970 2779 11
996 2724 1173 2776 packen
1202 2722 1378 2769 cleden
1406 2720 1523 2768 1309
1552 2720 1582 2765 0
1611 2718 1669 2765 lb
1698 2715 1902 2763 bateren
1932 2714 2078 2760 10744
2106 2713 2165 2759 lb
2194 2711 2311 2758 olij
2340 2709 2661 2756 bedraehende
2685 2706 2719 2754 ƒ
2748 2699 2894 2750 6030„
2917 2693 2954 2742 1

912 2837 1206 2887 mitsgaders
1235 2835 1353 2882 voor
1382 2832 1675 2880 Caijlpatam
1704 2830 1792 2877 een
1821 2829 2085 2875 Cargasoen
2114 2827 2320 2874 bestaen
2347 2823 2466 2871 uijt
2495 2822 2554 2868 4.
2582 2818 2701 2867 a000
2728 2815 2788 2861 t.

904 2954 1097 3003 Jappans
1124 2947 1509 2998 schuijdtsilver
1535 2942 1646 2991 1994
1673 2942 1728 2988 r.
1755 2942 1783 2988 a
1809 2940 1894 2987 van
1920 2939 2086 2987 achten
2112 2936 2250 2984 3000.
2276 2929 2580 2981 palliacatse
2607 2923 2800 2974 pagoden
2825 2920 2886 2968 In

905 3064 1086 3112 specie
1116 3062 1236 3109 9600
1265 3060 1327 3107 lb
1356 3056 1537 3104 ongers
1566 3055 1628 3101 en
1656 3054 1718 3101 de
1747 3051 1898 3098 sweer
1926 3048 1989 3096 to
2018 3046 2199 3093 Coper,
2228 3045 2350 3092 2400
2379 3044 2440 3090 lb
2468 3038 2651 3089 Peguws
2680 3035 2891 3085 gansch,

887 3184 947 3233 en
973 3179 1089 3228 4600
1112 3174 1173 3223 lb
1200 3166 1400 3218 alluijn
1427 3164 1513 3209 met
1540 3161 1684 3209 ordre
1710 3160 1769 3207 en
1797 3155 2166 3204 recommandatie
2193 3152 2279 3199 aen
2305 3147 2477 3197 d'onse
2505 3146 2562 3192 in
2590 3137 2903 3190 masulipatam
2929 3135 2959 3180 —

905 3287 1099 3338 gemelte
1126 3283 1266 3332 schip
1294 3281 1377 3328 van
1404 3273 1793 3325 geprojecteerde
1820 3271 1932 3318 voor
1960 3269 2071 3316 haer
2097 3266 2321 3313 Comptoir
2348 3258 2654 3310 ontledight,
2680 3255 2737 3302 en
2764 3248 2933 3300 Voorts

891 3408 977 3459 met
1003 3402 1087 3450 rys
1113 3395 1335 3446 volladen
1362 3394 1500 3441 synde
1527 3393 1582 3438 op
1610 3393 1665 3438 't
1693 3389 1996 3438 spoedighste
2023 3386 2189 3434 naers.
2216 3386 2244 3431 t
2269 3383 2381 3431 Crus
2409 3383 2464 3428 d'
2491 3378 2630 3427 gaele
2655 3374 2712 3421 te
2739 3365 2878 3419 laten

885 3512 1279 3570 vertrecken,
1314 3510 1529 3559 nevens
1561 3512 1778 3560 gansch
1812 3511 2205 3558 vrundelijck
2241 3504 2527 3556 versoeck
2561 3502 2669 3550 aen
2703 3497 2776 3545 E.
2811 3496 2918 3544 H=r

926 3636 1266 3694 Gouverneur
1299 3635 1435 3681 Ioan
1467 3630 1740 3678 Thijssen
1773 3628 2248 3678 vooraengetogen
2279 3620 2722 3673 Cargasoentgen
2755 3619 2893 3667 voor

883 3765 1154 3822 Caylpatam
1183 3763 1244 3809 p.
1274 3761 1305 3807 r
1334 3758 1515 3805 eerste
1544 3754 1907 3803 gelegentheyt
1937 3755 2058 3801 ende
2087 3754 2178 3800 soo
2208 3752 2449 3799 spoedigh
2479 3751 2570 3797 als
2599 3748 2901 3796 doenelijck

882 3883 1189 3942 derwaerdts
1219 3878 1402 3927 voorts
1432 3875 1676 3922 gesonden
1706 3875 1828 3921 mach
1858 3875 2072 3923 werden,
2101 3875 2193 3921 den
2223 3866 2528 3920 almogenden
2556 3861 2801 3910 geleijde
2832 3860 2862 3906 —

892 4009 958 4057 't
987 4004 1084 4052 eer
1113 4001 1179 4049 en
1210 3999 1274 4045 't
1304 3996 1463 4043 ander
1494 3990 1748 4040 spoedigh
1779 3988 1875 4034 ter
1906 3987 2317 4035 gedestineerde
2346 3979 2571 4032 plaetse
2601 3976 2665 4023 In
2695 3973 2856 4021 salvo
2886 3973 2920 4022 —

2427 4156 2677 4204 februaerij

83 694 200 741 ede

145 796 215 846 geen
