3553 4712
1699 896 1841 945 Int
1886 891 2119 940 schip
2165 887 2397 935 Nieuw
2439 884 2772 932 haerlem

1536 1069 1798 1124 Register
1829 1068 1928 1115 der
1959 1068 2285 1115 overledene
2317 1067 2642 1113 persoonen,
2675 1067 2837 1113 hunne
2869 1066 3097 1112 reecq=t
3130 1067 3227 1115 met

1644 1138 2035 1187 spetificatie
2067 1139 2133 1186 op
2164 1139 2263 1186 wat
2295 1136 2557 1183 scheepen
2587 1139 2881 1187 gestorven
2912 1138 3043 1186 zijn

2642 1235 2778 1281 Ele

1195 1274 1264 1322 1„
1297 1274 1466 1320 Recg=
1497 1275 1598 1322 der
1630 1272 1965 1319 overledene
1997 1269 2299 1317 persoonen
2332 1267 2466 1315 vant
2498 1262 2732 1311 Casteel
2765 1262 3003 1312 Geldria

1182 1358 1242 1404 2„
1270 1354 1419 1401 Recq=
1447 1353 1537 1399 der
1565 1346 1861 1397 overledene
1889 1342 2155 1391 persoonen
2185 1340 2303 1387 vant
2332 1340 2569 1386 comptoir
2597 1339 2835 1387 pijpelij

1176 1433 1244 1486 3„
1274 1427 1463 1476 Reecq=
1492 1424 1588 1472 der
1618 1418 1931 1468 overledene
1962 1418 2244 1464 persoonen
2275 1419 2400 1467 vant
2431 1422 2682 1471 comptoir
2711 1426 3057 1473 masilupatan

1181 1513 1241 1561 4„
1266 1508 1443 1558 Reecq=
1471 1504 1560 1551 der
1587 1499 1879 1548 Overledene
1906 1496 1995 1544 p=r
2023 1494 2198 1540 soonen
2227 1494 2314 1539 van
2343 1494 2402 1539 t'
2430 1494 2750 1543 fluijtschip
2778 1498 2837 1543 de
2866 1498 3100 1546 meerman,

1181 1591 1244 1641 5„
1271 1583 1453 1635 reecq„
1480 1577 1572 1626 van
1599 1573 1751 1622 sal=r
1780 1571 1960 1618 willem
1989 1571 2258 1618 Engelsman
2288 1570 2557 1615 overleden
2586 1570 2676 1616 opt
2705 1570 2855 1616 Jacht
2885 1570 2945 1616 de
2973 1568 3245 1616 bruijnvis

1180 1669 1245 1721 6„
1274 1664 1424 1713 Recq„
1452 1658 1544 1707 der
1572 1649 1873 1701 overledene
1902 1647 2172 1693 persoonen
2201 1647 2321 1693 vant
2350 1646 2531 1693 fluijt
2560 1648 2711 1694 schip
2740 1650 2800 1695 de
2830 1650 3129 1698 swartebeer

1197 1743 1258 1789 7„
1285 1735 1465 1786 Reecq„
1492 1731 1583 1779 der
1610 1725 1908 1776 overledens
1938 1725 2204 1771 persoonen
2233 1726 2353 1774 vant
2381 1730 2559 1780 Jacht,
2588 1734 2678 1780 den
2707 1735 2973 1786 Luijpaert

1181 1825 1240 1875 8„
1266 1815 1492 1868 Reecq=e,
1519 1813 1603 1859 der
1630 1806 1911 1857 Overledene
1938 1805 2191 1851 persoonen
2219 1806 2331 1854 vant
2358 1810 2499 1858 schip
2526 1814 2612 1861 den
2638 1817 2807 1866 snouck

1186 1898 1249 1947 9„
1275 1890 1459 1941 Reecq„
1489 1888 1580 1934 der
1607 1882 1912 1933 overledene
1940 1877 2213 1926 persoonen
2242 1876 2364 1923 vant
2394 1875 2545 1923 schip
2574 1874 2763 1929 Wesel„

1161 1981 1193 2029 1
1218 1976 1276 2023 d„
1303 1971 1473 2020 Reeqq=
1500 1967 1585 2015 der
1611 1958 1894 2011 Overledene
1921 1955 2175 2003 persoonen
2202 1954 2315 2000 vant
2342 1951 2568 1999 Comptoir
2595 1945 2764 1995 Jambij

1160 2055 1192 2102 1
1214 2054 1275 2103 1„
1303 2049 1503 2099 Reecq=e
1531 2046 1617 2094 der
1645 2038 1931 2090 overledene
1959 2034 2216 2082 persoonen
2244 2032 2359 2078 vant
2387 2031 2702 2078 fluijtschip
2729 2034 2815 2080 den
2843 2029 2987 2079 Engel

1159 2133 1240 2182 12„
1263 2121 1452 2177 Memorie
1477 2118 1585 2165 omme
1610 2115 1691 2162 bij
1717 2114 1771 2160 de
1795 2107 2169 2158 scheepsboucken
2195 2107 2301 2153 vant
2327 2106 2487 2153 fluijt
2514 2106 2647 2152 schip
2673 2106 2754 2153 den
2779 2108 2912 2154 Engel
2939 2109 2992 2154 Ao
3018 2107 3125 2154 1644
3151 2105 3257 2152 ende
3283 2105 3339 2155 45

1260 2186 1385 2237 onder
1409 2185 1458 2230 de
1481 2182 1653 2230 reecq=e
1677 2181 1726 2227 te
1751 2179 1897 2226 vougen
1922 2179 2019 2224 waer
2044 2178 2093 2224 de
2117 2177 2215 2223 daer
2239 2176 2337 2222 inne
2360 2175 2727 2225 gespetificeerde
2751 2180 2825 2225 p=r
2849 2180 2996 2226 soonen
3019 2179 3216 2226 vervaren
3239 2178 3337 2226 sijn

1153 2283 1243 2335 13„
1269 2271 1445 2324 Reecq=
1473 2269 1560 2316 dir
1588 2263 1878 2313 overledene
1906 2258 2167 2307 persoonen
2195 2256 2312 2302 vant
2340 2257 2659 2304 fluijtschip
2687 2259 2745 2305 de
2773 2253 2921 2304 rijp-

1164 2360 1258 2407 14„
1286 2353 1478 2404 Reecq„
1507 2349 1603 2396 der
1632 2342 1947 2394 overledene
1978 2338 2261 2387 persoonen
2291 2338 2417 2384 vant
2449 2339 2606 2385 Jacht
2636 2340 2700 2386 de
2730 2341 2951 2388 Macreel

1163 2436 1249 2487 15„
1274 2429 1443 2479 Reecq=
1469 2427 1554 2474 der
1581 2424 1860 2472 Overledene
1886 2421 2138 2469 persoonen
2165 2420 2249 2466 van
2276 2420 2304 2465 t
2332 2419 2499 2466 fluijt
2526 2418 2666 2464 schip
2693 2419 2749 2464 de
2777 2418 2972 2464 Coninck
2999 2419 3083 2464 van
3110 2416 3279 2463 poolen

1161 2516 1257 2570 16:
1285 2505 1472 2558 Reecq=
1501 2500 1595 2548 der
1625 2495 1934 2545 overledene
1965 2491 2243 2539 persoonen
2272 2489 2428 2537 van't
2458 2489 2613 2535 Jacht
2644 2484 2953 2534 heemekercq

1166 2591 1257 2642 17„
1285 2581 1466 2633 Reecq=
1492 2575 1585 2625 der
1614 2570 1914 2619 overledene
1944 2569 2214 2615 persoonen
2241 2568 2364 2615 vant
2391 2568 2572 2616 fluijt
2602 2566 2751 2613 schip
2781 2565 2871 2611 den
2900 2558 3110 2609 Joncker

1162 2677 1218 2724 1.
1239 2669 1298 2718 8„
1323 2663 1486 2712 Reecq=
1510 2660 1593 2706 der
1619 2653 1889 2705 Overledene
1915 2648 2158 2698 persoonen
2184 2647 2266 2693 van
2292 2646 2347 2692 t'
2372 2643 2669 2692 fluijtschip
2696 2643 2750 2688 wt
2776 2638 2912 2688 geest

1157 2752 1248 2805 19„
1275 2743 1449 2795 Reecq=
1477 2737 1564 2786 der
1592 2732 1881 2781 Overledene
1908 2728 2169 2776 persoonen
2197 2726 2313 2772 pant
2340 2722 2543 2770 Casteel
2571 2718 2832 2767 Zeelandia
2858 2714 2918 2761 Jn
2946 2713 3179 2759 Taijouan

1153 2844 1239 2890 20„
1266 2835 1467 2887 Memorie
1493 2833 1580 2879 van
1607 2827 1865 2878 diversche
1894 2825 2150 2872 persoonen
2179 2825 2321 2871 hunne
2349 2823 2550 2870 reecq=e
2577 2824 2691 2872 daer
2720 2820 2976 2869 betalinge
3003 2817 3062 2864 op
3090 2815 3320 2862 versocht

1532 2899 1849 2959 werdt

1139 2996 1222 3042 21'
1246 2988 1440 3040 Mimorie
1468 2987 1550 3033 van
1577 2983 1824 3031 diversche
1852 2981 2098 3028 perhoonen
2126 2981 2263 3027 hunne
2290 2981 2455 3028 reecq=
2482 2980 2592 3026 daer
2619 2980 2702 3026 aen
2729 2981 2785 3027 d:
2811 2982 2866 3028 E:
2893 2982 2976 3028 H=r
3002 2977 3223 3027 maijoors
3248 2971 3333 3022 ter

1268 3068 1427 3116 camer
1457 3066 1553 3112 van
1585 3066 1775 3112 hoorn,
1806 3062 2123 3111 betaelinge
2155 3063 2218 3108 op
2250 3062 2504 3108 versocht
2534 3061 2664 3108 wert

1132 3194 1250 3248 ons
1287 3190 1403 3237 ten
1441 3185 1811 3235 overstaen

1234 3302 1420 3360 Jacob
1451 3292 1528 3345 de
1561 3284 1672 3333 wik
1708 3281 1891 3329 Aldus
1924 3266 2144 3324 gedaen
2179 3263 2289 3310 ten
2325 3263 2543 3310 soldij
2579 3261 2869 3311 Comptoir
2905 3260 3014 3306 des
3050 3252 3347 3305 Casteels

2043 3338 2290 3387 Batavia
2325 3337 2501 3383 datum
2536 3338 2641 3384 als
2676 3336 2887 3383 vooren

1243 3402 1619 3453 ijbreht
1672 3407 1836 3456 van
1875 3410 2158 3466 Brick

2484 3488 2801 3582 Ryskoff
2840 3469 2979 3528 van
3023 3442 3246 3511 goehs

1983 529 2112 576 Cavun
2135 528 2315 576 millime
2340 526 2444 573 door
2468 525 2546 570 den
2571 526 2648 571 Cr.
2674 521 2904 571 directeur
2929 521 3060 571 Arent
