3560 4937
877 284 1110 353 Julio
1154 277 1246 327 ao
1289 272 1476 321 1646

1195 438 1344 490 ende
1380 434 1564 482 selve
1599 431 1857 478 twelcke
1893 432 2114 479 wisten
2150 435 2223 481 te
2260 436 2556 493 verhalen
2589 452 2701 499 dat
2736 456 2811 502 de
2846 459 2993 506 twee
3030 461 3398 519 voornoemde

1183 570 1472 641 Joncquen
1507 570 1579 616 op
1614 571 1934 618 eergister
1970 573 2041 618 in
2077 573 2823 637 Zeesondengeraectwesen
2859 592 3002 639 waer
3036 595 3356 659 doorhapen

1218 702 1345 753 onse
1375 702 1499 749 byde
1529 702 1653 750 ende
1679 700 1930 750 licentie
1960 702 2053 748 tot
2083 703 2331 753 vertrecq
2360 710 2701 762 t'opkineuen
2729 718 2945 773 sullen,
2975 729 3070 779 dat
3098 736 3192 784 god
3220 741 3345 789 geve

1210 828 1446 879 voors.
1483 830 1523 875 .
1561 829 1833 875 Request
1872 830 1989 875 was
2028 829 2106 875 in
2143 829 2532 881 substantie
2571 836 2766 884 meest
2804 840 2923 889 van
2959 846 3311 908 volgenden

1180 941 1600 1004 Jnhoude

2024 1062 2638 1113 Groosmogen
2694 1065 3126 1120 Coningh

1068 1202 1179 1249 Den
1215 1196 1661 1248 Hollandschen
1697 1195 2031 1242 Capiteijn
2068 1194 2364 1240 vertoont
2401 1195 2514 1243 met
2549 1199 2661 1245 eer
2696 1200 3031 1256 biedigh.t
3067 1212 3179 1259 hoe
3215 1213 3342 1264 dat

1211 1307 1479 1356 vermits
1516 1307 1593 1353 't
1630 1305 1897 1352 mousson
1935 1305 2088 1350 onse
2125 1304 2392 1353 Schepen
2430 1308 2660 1357 binnen
2695 1314 2734 1361 4
2771 1313 2963 1362 dagen
3000 1318 3116 1364 van
3152 1321 3305 1368 hier

1225 1420 1601 1474 bovendienen
1634 1421 1702 1467 te
1736 1420 2110 1469 vertrecken,
2144 1420 2246 1465 des
2280 1418 2382 1464 met
2416 1418 2553 1467 alle
2586 1423 2995 1477 ootmoedigh.t
3027 1433 3343 1488 versoeken

1145 1540 1288 1591 dogh
1320 1531 1534 1584 binnen
1569 1531 1817 1577 dientyt
1852 1532 1958 1579 ons
1993 1533 2311 1581 desselffs
2347 1535 2488 1581 syde
2522 1535 2770 1584 gelieft
2805 1538 2876 1584 te
2911 1538 3195 1585 leveren,
3228 1540 3372 1588 waer

1221 1659 1372 1712 mede
1408 1657 1483 1703 10
1520 1653 1706 1702 dagen
1742 1653 1928 1699 later
1965 1651 2188 1698 souden
2223 1647 2522 1695 navolgen
2557 1647 2707 1696 ende
2743 1645 2966 1692 langer
3001 1644 3190 1690 wacht
3225 1647 3304 1698 en

1224 1778 1467 1835 conden
1506 1775 1666 1822 niet
1703 1771 2106 1820 vertrecken
2146 1770 2345 1817 alsoo
2385 1770 2465 1816 't
2505 1771 2785 1817 moussen
2825 1768 3145 1817 verlopen
3183 1760 3348 1812 ende

1210 1897 1717 1962 dienvolgende
1757 1890 1969 1940 vande
2010 1890 2304 1940 Japanse
2346 1895 2598 1941 keijse
2639 1893 3018 1941 versteken
3059 1891 3311 1942 soude

1220 2025 1493 2077 blijven
1530 2021 1647 2067 dat
1684 2016 1842 2066 voor
1879 2012 2036 2060 onse
2074 2010 2308 2059 hooghe
2346 2007 2657 2061 overigh.
2696 2016 2736 2062 t
2774 2018 2890 2064 met
2928 2018 3124 2064 wiste
3162 2013 3243 2062 te

1220 2141 1710 2200 verantwoorden
1748 2140 1861 2186 des
1898 2136 2124 2184 indien
2161 2133 2275 2180 ons
2311 2129 2651 2176 bovendese
2689 2130 3065 2180 Sublicatie
3102 2135 3368 2185 gehield

1207 2260 1459 2310 desaecq
1494 2257 1567 2304 op
1603 2253 1746 2302 sigh
1780 2250 1963 2298 nemen
1997 2254 2141 2299 ende
2176 2254 2284 2299 ons
2320 2248 2535 2299 voord'
2569 2246 2718 2295 Ede
2749 2254 2822 2300 h.
2857 2255 2893 2300 r
2929 2255 3220 2310 generael

1223 2377 1727 2432 ontschuldigen
1765 2375 1997 2421 wilde,
2035 2370 2306 2419 wachten
2344 2370 2498 2416 hier
2536 2370 2615 2418 op
2651 2372 2808 2419 may.
2845 2375 2924 2424 ts
2956 2379 3347 2429 favorabele

1218 2510 1309 2561 op
1350 2505 1397 2552 o
1440 2496 1703 2547 stille
1747 2494 1879 2541 met
1921 2490 2273 2538 wensinge
2317 2493 2756 2545 vanduysent
2798 2496 3019 2543 Jaren
3062 2498 3341 2545 levens

1202 2631 1398 2687 ende
1444 2626 1690 2675 vrege
1738 2620 2184 2685 Regeringe

863 2767 1027 2815 adij
1066 2768 1188 2818 14.
1227 2764 1269 2810 e
1308 2761 1350 2807 d
1390 2759 1431 2805 o
1471 2744 2162 2805 Schoonsonneschijn
2202 2743 2691 2795 bbedergingen
2730 2750 2853 2799 des
2892 2752 3299 2802 namiddaghs

1149 2880 1227 2929 d'
1263 2880 1454 2929 onder
1492 2879 1721 2925 Coopl.
1759 2879 2063 2927 Kiebeecq
2100 2874 2253 2922 ende
2290 2872 2634 2919 alexander
2670 2873 2787 2919 van
2823 2874 3054 2925 harten
3090 2882 3361 2932 desijde

1218 3013 1304 3060 in
1346 3012 1390 3058 &
1432 2998 1732 3057 Princen
1774 2999 2159 3049 hoffwegen
2201 3002 2330 3049 die
2371 3002 2544 3048 voor
2584 3002 2714 3048 den
2756 3002 3014 3051 avondt
3055 3004 3313 3053 (synde

1223 3143 1308 3190 30
1349 3134 1645 3187 packen)
1686 3134 1940 3184 thuijs
1982 3132 2363 3182 brachten,
2398 3137 2741 3185 sullende
2783 3137 3037 3185 derest
3078 3141 3343 3197 morgen

1220 3270 1400 3318 ofte
1444 3269 1893 3316 overmorgen
1935 3261 2116 3313 mede
2160 3258 2520 3308 gelevert
2560 3264 2833 3314 werden
2877 3270 3011 3315 des
3056 3262 3343 3315 Prince

1213 3391 1404 3438 hadde
1442 3391 1631 3440 aende
1669 3394 1859 3440 selve
1896 3393 2162 3440 geseijt
2198 3389 2314 3438 den
2351 3387 2770 3438 Solphermaer
2807 3394 2997 3439 tegen
3034 3394 3110 3442 5.
3146 3396 3186 3442 S
3222 3393 3300 3441 a.

1212 3519 1414 3567 wilde
1453 3514 1737 3562 betalen
1777 3515 2020 3563 gelijk
2058 3515 2181 3561 den
2220 3512 2667 3564 Coninghoocq
2705 3521 2867 3569 voor
2907 3524 3070 3574 dato
3109 3531 3311 3582 laten

1214 3644 1413 3692 weten
1451 3641 1651 3688 hadde
1690 3641 1771 3687 op
1809 3644 1889 3690 't
1927 3639 2167 3690 welcke
2206 3638 2327 3684 ins
2364 3641 2604 3694 gelijx
2642 3649 3160 3713 bescheytgaven
3196 3669 3317 3715 als

1205 3770 1352 3819 door
1387 3771 1499 3819 ons
1535 3770 1719 3816 aende
1755 3768 1975 3817 gedaen
2011 3767 2121 3812 was
2157 3767 2635 3825 ondertusschen
2670 3782 2892 3833 souden
2925 3790 3038 3842 den
3072 3799 3259 3855 Tolcq

1213 3912 1359 3960 met
1406 3910 1792 3957 voorgem:
1838 3904 2178 3957 Request
2226 3905 2322 3950 te
2370 3905 2564 3955 hove
2599 3911 2855 3963 edogh
2898 3921 3095 3976 quam
3140 3934 3293 3993 on

2946 4092 3301 4145 verrichter

577 444 643 510 E
