3553 4917
2847 267 3005 322 644

324 373 659 427 September
693 368 770 416 ao
804 358 1037 412 1646/.

2307 381 2388 428 31
2427 375 2870 427 rangasachij
2908 378 2994 430 /.

942 591 1036 637 bij
1066 591 1191 638 haer
1217 589 1348 637 niet
1377 590 1719 644 aengenomen,
1749 597 1873 644 maer
1904 599 2091 645 gewild
2121 600 2215 648 een
2245 603 2433 652 eijsch
2461 606 2557 653 bij
2586 608 2680 654 ons
2709 605 2773 653 in
2804 602 3027 652 gesteld

934 700 1083 748 soude
1112 700 1320 747 werden,
1349 702 1468 750 daer
1497 705 1557 751 op
1585 707 1675 754 met
1703 709 1823 756 goet
1851 711 2030 762 vinden
2057 717 2147 763 der
2177 717 2384 764 toecken
2413 719 2503 766 ten
2531 719 2739 767 aensien
2767 716 2827 763 de
2856 707 3034 761 Cleene

942 811 1190 858 partije
1223 812 1331 859 den
1365 815 1542 862 prijs
1575 817 1719 867 vrij
1753 822 1859 871 wat
1894 825 2071 876 hooch
2106 831 2282 879 namen
2317 833 2388 879 te
2421 827 2613 877 wesen

2477 886 2668 932 eijsch

936 972 1264 1022 d'eenste
1304 974 1551 1027 soorde
1591 983 1796 1031 witte
1836 986 2041 1033 Rouwe
2081 986 2286 1035 sijde
2325 991 2369 1038 a
2409 993 2451 1040 D
2490 995 2656 1060 4502

2673 1038 2705 1084 1
2730 1035 2850 1085 p:s

945 1077 1015 1125 d'
1048 1078 1252 1124 tweede
1285 1078 1524 1127 soorte.
1556 1083 1591 1130 .
1624 1086 1658 1131 .
1691 1087 1725 1132 .
1759 1087 1793 1132 .
1827 1087 1861 1132 .
1895 1087 1929 1132 .
1962 1087 1997 1133 .
2028 1088 2064 1134 .
2097 1088 2135 1136 .
2164 1092 2200 1138 .
2233 1093 2267 1138 .
2300 1093 2337 1140 .
2367 1096 2404 1142 a
2435 1098 2470 1144 G
2503 1098 2605 1146 420
2639 1098 2674 1146 S

919 1196 1045 1245 daer
1075 1200 1138 1246 op
1169 1202 1294 1248 haer
1325 1204 1451 1251 niet
1480 1207 1699 1260 geboden
1729 1215 1917 1266 wierde
1946 1221 2072 1270 maer
2102 1225 2321 1274 schenen
2351 1228 2538 1280 Gansch
2569 1235 2850 1283 misnoecht
2880 1238 2981 1286 soo

2620 1302 2876 1354 geboden

929 1307 1019 1358 dat
1048 1313 1137 1360 den
1167 1315 1316 1364 eijse
1344 1319 1673 1376 verminderen
1699 1332 1880 1382 mosten
1907 1339 2027 1387 ende
2055 1343 2234 1394 geeten
2262 1350 2326 1401 op
2350 1359 2499 1410 5470:
2529 1365 2560 1412 -
2587 1369 2620 1415 .
2646 1372 2679 1419 n
2704 1374 2802 1424 280
2822 1385 2913 1452 2:1
2938 1410 3030 1460 p:s

2317 1458 2489 1508 400:
2531 1461 2574 1506 .
2617 1461 2661 1508 :
2702 1464 2875 1517 2405

933 1535 1140 1584 welcken
1168 1534 1375 1583 geboden
1402 1540 1550 1593 prijs
1576 1550 1666 1599 wij
1693 1555 1811 1604 veel
1839 1558 1899 1606 te
1927 1562 2073 1611 leeen
2102 1566 2278 1619 achten
2306 1575 2423 1624 niet
2452 1579 2511 1625 te
2540 1580 2628 1627 min
2656 1582 2834 1631 hebben
2861 1587 2982 1637 noch

941 1651 999 1696 al
1026 1651 1169 1697 beth.
1196 1649 1368 1697 moeten
1396 1650 1539 1700 dalen
1566 1656 1625 1702 zo
1652 1658 1738 1705 dat
1765 1661 1938 1711 quamen

2295 1693 2348 1739 &
2396 1697 2603 1745 400:

2371 1791 2591 1839 310:

2364 1887 2600 1935 370:

2383 1963 2594 2017 340:

2369 2069 2599 2131 340:

2362 2153 2605 2211 310:

908 2345 997 2396 dat
1026 2349 1117 2396 hun
1145 2350 1265 2399 noch
1292 2355 1412 2402 veel
1440 2358 1500 2405 te
1528 2361 1649 2414 dier
1677 2371 1856 2423 dachte
1883 2380 2002 2429 ende
2031 2384 2122 2433 een
2149 2389 2297 2438 lange
2327 2393 2682 2443 verhaeldeden
2711 2399 3036 2448 principal/.

929 2453 1219 2502 inhoudende
1248 2457 1336 2504 dat
1363 2460 1509 2512 Iapan
1535 2468 1624 2518 met
1651 2474 1710 2522 so
1737 2478 1854 2529 veel
1881 2485 2257 2543 treeffelijcke
2285 2498 2487 2547 schepen
2515 2501 2775 2552 bevoeren,
2804 2503 2919 2549 groo
2948 2499 3007 2548 te

938 2555 1242 2610 quantiteijt
1267 2565 1433 2616 andere
1458 2572 1871 2634 Coopmanschappen
1897 2590 2144 2643 Jaerlijcx
2171 2599 2309 2648 aende
2335 2604 2473 2652 marct
2499 2607 2719 2655 brachten
2744 2608 2856 2655 daer
2883 2605 3022 2654 veele

952 2665 1067 2713 ende
1095 2669 1268 2717 merder
1295 2673 1526 2726 proffijt
1552 2683 1867 2741 uijttrocken
1895 2697 1981 2743 als
2009 2698 2069 2745 de
2094 2703 2268 2751 zijde,
2294 2707 2409 2753 niet
2438 2708 2724 2754 gedenkende
2751 2706 2809 2753 't
2838 2706 3038 2752 forveur

943 2778 1028 2826 des
1055 2780 1279 2828 keijsers
1305 2784 1390 2832 dat
1416 2788 1501 2835 ons
1527 2791 1584 2838 in
1611 2793 1808 2847 ditland
1833 2803 2112 2854 geschiede,
2139 2810 2389 2860 soeckende
2417 2815 2584 2861 alleen
2611 2816 2667 2862 om
2695 2817 2751 2862 de
2778 2818 2919 2866 vaart
2945 2822 3016 2872 op

936 2887 1078 2938 Japan
1104 2893 1161 2939 te
1188 2892 1440 2940 behouden,
1468 2895 1524 2941 de
1552 2896 1665 2944 naem
1691 2900 1749 2946 te
1775 2903 1945 2954 hebben
1970 2911 2055 2960 dat
2082 2916 2250 2963 seijde
2278 2918 2502 2969 brachten
2529 2925 2643 2971 maer
2669 2928 2781 2974 niet
2809 2929 2865 2976 de
2892 2931 3012 2984 daar

937 3004 1050 3053 want
1076 3005 1163 3050 ten
1189 3005 1359 3052 tijden
1386 3008 1442 3053 in
1470 3008 1666 3058 firando
1694 3013 1974 3063 residentie
2001 3018 2198 3076 hielden
2226 3031 2366 3078 waren
2393 3033 2534 3081 2000:
2561 3036 2675 3084 p:ls
2701 3040 2759 3086 en
2786 3042 2899 3089 meer
2926 3045 2985 3094 op

944 3117 1025 3163 een
1050 3119 1156 3164 Iaer
1181 3120 1497 3169 aengebracht,
1522 3125 1627 3171 daer
1653 3126 1733 3173 men
1758 3128 1811 3175 nu
1837 3130 1969 3184 Japan
1994 3140 2075 3188 met
2099 3144 2154 3192 8:
2177 3149 2204 3195 a
2230 3150 2310 3197 10:
2335 3153 2415 3199 pl
2440 3155 2571 3203 soect
2598 3158 2651 3203 te
2676 3158 2860 3206 paijen,
2886 3154 2992 3204 ende

950 3235 1124 3283 andere
1153 3237 1502 3289 diergelijcke
1530 3245 1735 3296 redenen
1762 3253 2082 3312 genoeghsaem
2110 3268 2169 3315 te
2197 3271 2372 3322 kennen
2400 3278 2604 3325 gevende
2632 3280 2837 3328 wergens
2864 3285 2983 3334 daen

941 3356 1026 3403 aen
1054 3356 1195 3404 onsen
1223 3360 1365 3408 goede
1391 3364 1533 3414 wille
1560 3370 1616 3415 te
1643 3370 1954 3428 gebreecken,
1980 3385 2121 3435 Japan
2149 3390 2402 3443 Iaerlijcx
2430 3399 2487 3445 so
2512 3399 2739 3452 cleijnen
2767 3408 2970 3458 toevoer

942 3473 1035 3521 van
1064 3477 1219 3526 rouwe
1248 3482 1402 3530 sijde
1432 3486 1586 3538 doen,
1615 3494 1709 3544 wij
1737 3501 2046 3557 antwoorden
2074 3514 2167 3561 dat
2197 3517 2320 3565 alle
2350 3520 2413 3568 't
2442 3524 2718 3573 verhaalde
2748 3528 2934 3577 gansch

936 3596 1179 3645 weijnich
1208 3601 1329 3647 ende
1359 3601 1481 3649 geen
1509 3604 1965 3665 fondamenthadde,
1993 3621 2176 3675 nadien
2204 3631 2326 3681 hier
2355 3636 2416 3681 in
2446 3636 2598 3685 Japan
2628 3640 2966 3694 genoeegsaem

938 3717 1119 3764 bekent
1149 3718 1241 3764 was
1269 3720 1360 3769 den
1389 3725 1631 3776 oorlooch
1660 3732 1752 3779 van
1780 3736 1930 3783 China
1960 3738 2233 3794 eensdeels
2260 3751 2382 3798 ende
2409 3752 2712 3802 anderdeels
2741 3758 2832 3804 den
2861 3758 3048 3810 quaet

925 3838 1159 3886 willigen
1187 3840 1361 3890 Iquan,
1389 3845 1476 3891 den
1504 3845 1708 3894 toevoer
1736 3849 1853 3899 naer
1880 3855 2112 3906 taijouan
2141 3861 2344 3911 beleth.
2372 3866 2546 3913 alwaer
2575 3867 2662 3913 mes
2690 3867 2866 3915 groote
2890 3870 3038 3918 Gapi

929 3956 1104 4005 talen,
1133 3960 1249 4007 ende
1278 3960 1744 4012 onwaarderklijcke
1771 3968 1947 4016 schade
1975 3972 2063 4019 tot
2091 3974 2294 4021 grooten
2323 3974 2556 4020 interest
2583 3972 2760 4020 sonder
2787 3971 2963 4019 handel

942 4073 1153 4123 ledich,
1181 4074 1392 4121 blijven
1422 4076 1633 4126 zitten,
1660 4081 1751 4127 wes
1781 4081 1961 4130 immers
1990 4085 2200 4134 niemand
2230 4084 2440 4134 meerder
2468 4075 2649 4128 schade
2679 4075 2769 4121 bij
2798 4075 2891 4124 den

1997 1962 2115 2015 op

2499 4259 2822 4310 schaersen
2856 4256 2932 4304 /.

651 291 791 339 ma

2209 2190 2293 2238 6

0 4285 162 4333 /
