3567 4883
1282 750 1492 800 Ende
1543 755 1700 810 opt
1752 760 2433 809 voorschrijven
2484 759 2800 807 vanden
2851 760 3376 809 oppercoopm

1375 892 1526 948 P„r
1573 876 1966 936 martinus
2013 871 2112 919 d'
2161 866 2454 914 vroede
2502 862 2747 912 wegen
2796 859 2993 907 sijn
3039 856 3398 906 persoon

1270 1009 1424 1060 als
1474 1007 1576 1053 d'
1624 1001 1879 1051 goede
1928 982 2637 1045 getuijgenisse,
2687 978 3092 1026 gegeven,
3142 975 3294 1023 Bij

1279 1129 1515 1185 desen
1560 1123 1656 1172 in
1702 1105 2217 1165 qualiteijdt
2262 1099 2404 1149 van
2449 1088 2918 1142 adsistendt
2965 1085 3433 1134 bevesticht

1288 1251 1490 1308 ende
1537 1244 1688 1294 een
1736 1230 2333 1288 trachtemendt
2378 1225 2531 1274 van
2576 1209 2977 1269 achthien
3024 1198 3375 1253 guldens

1296 1378 1449 1427 ter
1498 1366 1804 1421 maendt
1855 1353 2464 1411 toegevought,
2514 1334 3023 1399 innegaende
3073 1322 3430 1377 sineuwd

1263 1504 1690 1575 verbandt
1743 1501 1956 1550 ende
2007 1472 2804 1542 d'verbeteringhe
2854 1464 3017 1517 van
3067 1443 3338 1507 gagie

1275 1646 1470 1700 adij
1515 1637 1661 1688 2„e
1706 1626 2044 1681 october
2091 1622 2188 1669 ao
2236 1620 2427 1667 1645
2463 1611 2619 1663 als
2664 1590 3002 1653 wanneer
3048 1579 3339 1633 sijnen

1309 1776 1586 1830 tijt
1646 1734 2415 1818 G'expireert
2480 1701 2759 1775 was—

1200 2075 1858 2136 Hoeijsacksen
1912 2073 2077 2125 van
2131 2063 2735 2117 volderwijck
2788 2053 3008 2106 jndt
3062 2046 3339 2098 landt

1439 2194 1841 2259 Gecomen
1896 2188 2012 2238 Ao
2066 2180 2299 2233 1626
2355 2178 2584 2226 medt
2638 2170 2756 2223 d'
2813 2155 3156 2213 galjas
3213 2152 3387 2201 van

1243 2305 1534 2370 hoorn
1590 2295 1821 2348 voor
1876 2286 2222 2338 jongen
2278 2284 2451 2335 met
2508 2290 2565 2336 ƒ
2618 2284 2737 2336 4„
2792 2256 3367 2328 naderhandt

1230 2418 1792 2495 Gevordert
1853 2411 2040 2460 tot
2100 2396 2722 2453 hooplooper
2782 2391 2846 2438 a
2905 2385 2970 2433 ƒ
3028 2383 3094 2429 6
3153 2362 3406 2423 item

1286 2549 1694 2610 adelborst
1739 2548 1785 2594 a
1824 2544 1876 2592 ƒ
1920 2543 2058 2590 i0,
2100 2532 2284 2586 ende
2328 2511 2829 2575 eijndelijck
2873 2485 3419 2552 Lantspassaer

1293 2685 1458 2737 met
1510 2675 1783 2727 gagie
1831 2665 2001 2719 van
2053 2662 2218 2709 ƒ13
2272 2662 2327 2708 p
2379 2655 2490 2705 r.
2509 2638 2923 2695 maendt,
2978 2619 3414 2684 hebbende

1297 2819 1401 2873 in
1416 2791 1901 2856 diversche
1917 2759 2652 2832 gelegentheden,
2701 2755 2902 2804 ende
2951 2739 3422 2800 geruijmen

1338 2909 1628 2971 tijdt
1669 2903 1916 2955 ampt
1972 2895 2148 2946 van
2205 2877 2725 2936 corporael
2771 2864 2956 2919 tot
3013 2851 3307 2907 goedt

1244 3013 1978 3092 Contentement
2037 3000 2221 3055 van
2281 2991 2525 3043 sijn
2585 2977 3011 3035 meerder
3069 2956 3317 3019 mede

1248 3154 1483 3214 waer
1539 3124 2008 3197 genomen,
2064 3106 2300 3166 wert
2356 3094 2534 3147 der
2586 3083 2943 3136 halven
2998 3076 3118 3127 op
3174 3062 3416 3119 sijn

1262 3261 1700 3334 vertoogh
1749 3244 1974 3303 ende
2025 3216 2738 3285 bequaemheijt,
2791 3189 3394 3259 midtsdobbel

1283 3395 1752 3470 expiratie
1802 3381 2114 3438 sijnes
2163 3365 2632 3425 verbants,
2678 3357 2839 3407 Bij
2888 3336 3149 3399 desen
3197 3315 3408 3377 inde

1280 3538 1542 3588 selve
1591 3518 2116 3582 qualiteijt
2167 3511 2324 3562 van
2373 3492 2846 3555 corporael
2897 3469 3420 3534 bevesticht

1287 3669 1495 3723 ende
1544 3656 1701 3709 een
1753 3639 2270 3701 belooningh
2319 3630 2477 3683 van
2527 3604 2942 3673 sesthien
2992 3593 3357 3648 guldens

1279 3800 1472 3857 ter
1534 3781 1917 3843 maendt
1971 3747 2679 3820 toegevought
2738 3709 3378 3788 innegaende

1285 3941 1504 3997 dato
1554 3920 1828 3981 deses
1880 3896 2370 3963 Blijvende
2420 3888 2641 3940 daer
2694 3878 2912 3932 voor
2965 3870 3405 3922 gehouden

1280 4106 1387 4154 d'
1439 4100 1549 4151 E.
1601 4077 2085 4146 Compagnie
2133 4057 2352 4117 noch
2402 4044 2673 4100 drije
2707 4030 3049 4087 achter
3099 4025 3264 4073 een

1266 4254 1479 4307 volg
1528 4233 1798 4296 ende)
1846 4208 2169 4273 jaeren
2219 4198 2328 4249 te
2379 4181 2753 4240 dienen—
