3553 4917
2854 306 3038 361 642

319 401 665 460 September
701 398 779 445 ao
815 393 970 441 1646

2302 410 2443 458 (:In
2474 414 2850 464 Nangasachij
2883 416 2953 464 /.

970 628 1205 683 zuijcker
1232 625 1349 671 ende
1377 624 1609 675 kennippe
1636 630 1867 683 lijwasen
1896 636 2098 685 geladen

691 761 802 810 adij
827 759 940 805 5:en
962 756 1105 805 ditto
1132 754 1409 800 arrivetken
1436 756 1547 801 drie
1574 755 1795 802 gelijcke
1823 757 2017 804 domkjes
2043 759 2127 807 van
2154 759 2348 805 Cancheo
2375 761 2459 806 met
2486 762 2624 809 1200:
2651 764 2708 811 p.
2734 767 2763 813 s
2789 769 2984 820 suijker

987 865 1070 913 600
1097 863 1369 910 ppelinghs,
1395 862 1477 909 200
1504 862 1722 912 pangies,
1748 868 1830 914 50:
1856 868 1939 915 p:s
1964 871 2263 922 verscheijde
2290 876 2562 926 medecijnen
2588 882 2670 928 150
2697 880 2779 926 p:s
2805 879 2972 932 almijn

983 970 1186 1017 partije
1214 970 1477 1020 pampirer,
1503 975 1707 1021 Boecken
1736 976 1853 1024 ende
1880 980 2085 1027 chinese
2112 983 2403 1034 Cramerijen

767 1095 876 1141 Adij
903 1094 1013 1141 7:en
1039 1092 1203 1140 ditto,
1230 1092 1313 1140 nae
1339 1096 1421 1143 dat
1448 1098 1504 1144 de
1530 1101 1641 1148 drie
1666 1104 1859 1154 schepen
1884 1109 1967 1155 3:e
1993 1111 2131 1160 deser
2157 1116 2266 1162 hier
2293 1117 2568 1172 aengecomen
2593 1129 2786 1182 ontlost
2810 1139 2949 1190 waren

984 1198 1166 1246 hebben
1196 1201 1409 1250 wederom
1437 1206 1498 1252 de
1527 1206 1741 1257 tolcken
1769 1213 2011 1265 vermeent
2041 1220 2132 1267 den
2161 1223 2465 1275 gouverneur
2493 1231 2585 1280 aen
2612 1235 2675 1281 te
2704 1236 2890 1293 dienen

976 1313 1036 1359 't
1066 1313 1184 1359 voor
1213 1314 1361 1360 desen
1390 1314 1628 1364 gemaecte
1651 1318 1863 1368 bestand
1891 1324 1981 1370 met
2009 1325 2070 1373 de
2097 1330 2393 1383 portugesen
2421 1337 2481 1384 te
2511 1339 2837 1394 onderhouden
2864 1351 2957 1401 ge„

967 1424 1241 1471 ordonneert
1268 1426 1405 1475 word,
1432 1430 1514 1477 als
1541 1432 1760 1482 connende
1786 1438 1897 1486 geen
1922 1442 2060 1493 nader
2086 1449 2114 1494 /
2140 1449 2250 1498 noch
2277 1453 2469 1504 beseren
2495 1460 2605 1507 wech
2631 1462 2851 1511 bedemken
2877 1466 2962 1515 dan

970 1541 1118 1590 recht
1143 1544 1206 1591 te
1234 1545 1382 1593 gaen,
1410 1550 1617 1600 wijders
1645 1555 1733 1602 hun
1763 1557 1881 1606 mede
1909 1563 2029 1612 doen
2056 1569 2350 1621 versoecken
2379 1576 2469 1623 den
2496 1579 2790 1626 Gouverneur
2820 1579 2997 1626 gelube

977 1655 1036 1703 te
1063 1656 1375 1708 ordonnetken
1401 1664 1460 1712 de
1487 1668 1686 1720 pancado
1712 1676 1968 1728 getroffen
1994 1685 2109 1733 ende
2135 1689 2361 1741 aenvanct
2389 1696 2447 1742 om
2474 1697 2531 1743 de
2559 1697 2982 1752 Coopmanschappen

971 1772 1058 1818 die
1086 1773 1144 1820 in
1172 1776 1345 1824 gansch
1373 1780 1605 1833 weijnich
1632 1789 1777 1838 sijde
1804 1794 1922 1844 ofte
1948 1801 2093 1851 zijde
2120 1807 2494 1863 stuckwercken,
2523 1818 2639 1866 maer
2667 1819 2984 1867 metssendeel

972 1888 1037 1935 in
1065 1892 1255 1940 groove
1285 1895 1443 1945 waren
1473 1901 1726 1951 Bessaen,
1755 1907 1819 1954 te
1849 1910 2101 1966 vercopen
2131 1921 2507 1976 gelicentiekt
2538 1931 2696 1979 mogen
2727 1931 2915 1979 werden

964 2007 1064 2054 als
1095 2009 1228 2057 mede
1260 2012 1524 2064 uijtvoer
1556 2020 1657 2068 van
1686 2025 1819 2072 200:
1851 2028 2048 2079 lasten
2081 2034 2213 2085 Rijs
2244 2040 2311 2086 en
2343 2040 2443 2087 een
2474 2042 2837 2096 quantiteijt
2868 2052 2971 2101 van

962 2132 1021 2181 3:
1050 2130 1107 2177 4:
1134 2129 1276 2176 ostie
1304 2132 1390 2179 wel
1417 2135 1447 2181 5
1473 2137 1502 2183 a
1529 2137 1559 2183 6
1586 2136 1645 2184 lb
1670 2139 1757 2185 p:s
1784 2140 1984 2192 cooper,
2010 2149 2097 2198 nae
2123 2154 2209 2201 dat
2236 2156 2435 2205 'tzelve
2462 2160 2548 2208 duk
2575 2164 2689 2213 ofte
2716 2167 2830 2215 goet
2858 2170 2971 2217 coop

968 2247 1027 2294 te
1056 2246 1258 2292 becomen
1286 2246 1432 2294 wesen
1460 2250 1576 2297 zal,
1604 2253 1720 2301 daer
1748 2257 1806 2302 op
1835 2257 1922 2305 nae
1950 2261 2039 2309 den
2065 2266 2355 2316 Gouverneur
2383 2271 2500 2321 sijn
2528 2277 2731 2324 gegaen,
2759 2278 2933 2326 weder„

961 2353 1183 2403 kerende
1213 2354 1651 2409 rapporteerden,
1682 2364 1777 2411 den
1806 2368 2120 2423 Gouverneur
2150 2379 2213 2425 de
2243 2381 2494 2431 licentie
2525 2384 2588 2429 om
2618 2384 2681 2430 de
2712 2383 2964 2433 goederen

963 2468 1026 2515 te
1054 2470 1207 2518 mogen
1237 2473 1540 2527 vercoopen,
1570 2482 1783 2532 Billick
1812 2488 1965 2536 achte
1994 2491 2116 2538 ende
2146 2493 2209 2541 de
2236 2497 2481 2550 hooffden
2509 2506 2663 2555 vande
2691 2512 2874 2560 steden

961 2587 1156 2633 'tselve
1184 2587 1268 2634 aff
1296 2589 1353 2636 de
1380 2592 1603 2638 handelen
1631 2593 1771 2642 soude
1798 2597 2022 2649 Beveren,
2050 2604 2163 2651 maer
2189 2607 2302 2657 also
2329 2613 2414 2658 els
2440 2614 2525 2661 der
2552 2617 2749 2666 Iapanse
2775 2623 2888 2671 fecs
2914 2626 3004 2679 ten

961 2695 1044 2747 den
1071 2702 1264 2749 eersten
1289 2705 1399 2753 dace
1426 2708 1563 2755 vande
1590 2711 1699 2757 8:en
1726 2712 1865 2758 maekt
1890 2714 1973 2761 die
2000 2717 2137 2766 wesen
2163 2722 2246 2770 zal
2273 2725 2356 2773 den
2382 2729 2520 2776 10:en
2546 2732 2683 2778 deser
2710 2733 2765 2779 op
2792 2734 2956 2782 handen

962 2812 1126 2861 sijnde
1153 2813 1234 2860 wel
1260 2814 1396 2863 licht
1422 2818 1504 2864 tot
1530 2819 1611 2865 die
1638 2820 1908 2870 gepasseert
1934 2825 2044 2874 zij,
2069 2830 2233 2881 sullen
2258 2837 2420 2888 moeten
2447 2844 2663 2891 wachten,
2689 2843 2798 2890 200:
2824 2842 2989 2891 lasten

954 2925 1086 2974 rijs
1118 2923 1217 2969 was
1248 2924 1314 2970 te
1347 2924 1576 2974 grooten
1607 2930 1999 2983 quintiteijt,
2031 2938 2163 2987 door
2195 2943 2327 2994 dien
2358 2950 2586 3000 niemand
2619 2955 2749 3002 rijs
2780 2956 2880 3002 als

952 3041 1274 3091 alleenlijck
1303 3046 1393 3093 tot
1420 3050 1656 3098 provisie
1684 3054 1773 3099 der
1801 3055 2036 3107 schelpen
2065 3062 2184 3111 ende
2211 3068 2476 3118 geensints
2503 3073 2593 3119 als
2621 3074 2980 3137 Coopmanschap

944 3160 1066 3209 uijt
1095 3162 1156 3207 te
1184 3163 1364 3212 voeren
1392 3168 1690 3220 toegessaen
1719 3175 1869 3222 wert,
1897 3178 2048 3226 doch,
2076 3182 2255 3232 Cooper
2284 3188 2374 3236 tot
2402 3191 2552 3239 onser
2581 3195 2879 3248 velierste,
2907 3203 2967 3251 en

952 3268 1367 3326 sonderhouden
1399 3283 1606 3334 vanden
1639 3288 1882 3339 trefies
1915 3295 2190 3347 tusschen
2224 3302 2397 3351 onsen
2429 3307 2602 3354 staad
2636 3309 2774 3355 ende
2808 3309 2880 3357 de

956 3403 1275 3453 portugesen
1306 3409 1499 3459 hadden
1528 3414 1625 3460 den
1656 3415 1976 3472 Gouverneur
2007 3428 2103 3474 met
2133 3429 2422 3481 voordacht
2452 3437 2580 3482 voor
2611 3436 2675 3482 't
2707 3437 2868 3486 laats
2898 3442 2962 3488 te

970 3534 1169 3583 poinct
1200 3536 1625 3587 voorgedragen,
1657 3543 1723 3590 de
1752 3545 1951 3595 welcke
1982 3551 2211 3600 belaste
2243 3555 2308 3602 't
2341 3557 2504 3602 geene
2536 3557 2634 3602 dus
2667 3553 2960 3604 aengaande

975 3660 1042 3709 te
1073 3659 1267 3708 zeggen
1297 3663 1490 3711 hadden
1521 3665 1619 3713 bij
1649 3668 2002 3723 geschrijfte
2033 3677 2099 3726 te
2130 3682 2482 3730 verthoonen,
2514 3685 2675 3732 sulcx
2704 3680 3027 3733 'tvoegende

960 3780 1084 3828 sijn
1114 3779 1238 3827 Ed:t
1268 3779 1393 3825 door
1423 3780 1484 3826 de
1515 3781 1732 3830 toecken
1762 3786 1919 3834 hebbe
1947 3791 2195 3839 velevert

1493 3995 1608 4044 aen
1645 3995 1988 4047 gouvern:r
2024 3999 2444 4050 sammasackij
2481 3998 2939 4050 Compatsdonne

950 4136 1040 4186 het
1070 4141 1221 4192 seijn
1250 4146 1310 4193 nu
1339 4144 1462 4193 vijf
1488 4148 1638 4196 Jaren
1668 4148 1759 4194 dat
1788 4150 1908 4196 onse
1936 4149 2087 4198 hooge
2117 4151 2356 4198 overiuch
2385 4150 2476 4197 sit
2505 4150 2566 4195 op
2595 4146 2655 4194 't
2684 4138 2925 4190 versoeck

2416 4353 2910 4428 vanden/.

611 332 696 379 van

2259 3801 2286 3847 -
