3573 4958
313 395 618 518 Julio
672 356 866 430 ao.
924 335 1180 397 1696

927 480 1559 547 onverruhtersaken
1596 480 1793 528 weder
1831 474 2069 523 thuijs
2106 481 2382 531 vermits
2420 488 2774 541 ongadingh
2810 496 2971 549 niet

908 624 985 673 te
1022 617 1171 668 hove
1206 610 1320 660 was
1357 606 1506 656 ende
1543 602 1842 651 daeromme
1877 595 2027 645 niet
2065 595 2326 644 voorden
2363 600 2625 656 Coningh
2661 612 2884 666 connen
2921 620 3036 673 ge„

906 737 1100 796 raken
1135 733 1286 780 had:
1323 734 1547 779 hebben
1583 731 1659 779 te
1695 727 1846 776 hove
1882 724 2032 770 oocq
2069 724 2370 772 verstaen
2404 730 2779 791 ongadinghs
2814 747 3004 800 volcq

923 858 1118 909 vande
1155 853 1426 903 Chinese
1462 849 1771 898 Joncquen
1808 850 2155 898 opgekomen
2193 850 2348 897 ende
2385 849 2657 902 deselve
2692 859 2848 915 alin
2884 873 3001 924 Eee

916 980 1165 1030 buijten
1199 985 1271 1031 't
1304 980 1553 1028 gesight
1586 980 1835 1027 geraect
1871 981 2048 1027 waren
2082 982 2189 1029 dat
2224 985 2400 1031 hopen
2436 986 2542 1032 ons
2576 988 3044 1061 voordeelbaren

906 1109 1038 1160 sal
1080 1108 1383 1156 'twelcq
1426 1106 1556 1154 god
1597 1105 1771 1151 geve
1813 1103 1900 1149 /.

709 1229 926 1279 Seker
969 1231 1271 1279 Chinees
1315 1232 1617 1283 Coopman
1660 1237 1919 1283 welcke
1961 1234 2049 1282 de
2091 1231 2439 1280 Joncquen
2481 1234 2697 1282 hadde
2740 1238 3043 1292 buijten

910 1347 1402 1398 geconvoyjeert,
1433 1352 1610 1399 wiste
1644 1352 1715 1398 te
1749 1350 1960 1397 seggen
1994 1353 2241 1401 beneden
2274 1358 2415 1404 tael
2449 1360 2589 1406 nogh
2623 1360 2870 1414 teijlen
2903 1372 3012 1423 van

904 1471 1154 1522 eenige
1196 1470 1651 1519 Hollandsche
1690 1475 1980 1522 Schepen
2020 1472 2353 1521 vernomen
2391 1476 2640 1523 wierdt
2680 1477 2805 1525 dat
2844 1481 2971 1530 ons

894 1587 1283 1634 dapperbuij
1321 1589 1437 1635 ten
1476 1590 1786 1638 gissinge
1824 1593 1979 1640 gaet
2017 1592 2174 1639 niet
2211 1596 2405 1645 weten
2443 1598 2560 1646 wat
2598 1595 2676 1642 te
2714 1594 2989 1647 dencken

901 1711 982 1760 't
1021 1709 1216 1757 Jacht
1255 1709 1372 1754 van
1411 1709 1685 1760 Batavia
1723 1717 1841 1765 soo
1878 1719 2075 1765 lange
2113 1721 2308 1770 boven
2347 1719 2737 1770 Expectatie
2775 1717 3012 1764 achter

908 1824 1114 1872 blijft
1147 1821 1526 1868 d'almogende
1559 1823 1663 1871 wil
1697 1827 1904 1878 tselve
1934 1832 2075 1879 dogh
2109 1835 2247 1883 voor
2279 1838 2520 1885 ongeval
2555 1838 2795 1885 bewaert
2829 1839 3035 1889 hebben

899 1943 940 1992 &
972 1930 1266 1983 incorten
1302 1930 1485 1976 laten
1520 1931 1924 1983 opdonderen.

635 2067 748 2115 ady
783 2065 897 2113 15.
933 2061 1009 2111 e'
1032 2043 1156 2104 d:o
1192 2040 1493 2089 Smorgens
1528 2036 1755 2083 souden
1792 2037 1980 2083 onsen
2016 2038 2204 2086 Tolcq
2241 2040 2354 2087 met
2391 2038 2728 2089 verhaelde
2765 2037 3028 2085 Request

904 2152 1097 2204 weder
1134 2154 1329 2203 naden
1368 2154 1599 2200 Capado
1636 2153 1985 2199 ongadingh
2022 2152 2179 2198 omme
2216 2153 2371 2199 door
2409 2153 2757 2203 denselven
2795 2159 2911 2208 den

908 2263 1181 2321 Coningh
1220 2261 1690 2308 overgelevert
1726 2263 1805 2310 te
1842 2262 2079 2311 werden
2117 2265 2313 2311 weder
2351 2259 2703 2309 omkomende
2740 2263 3018 2324 rappor„

887 2378 1137 2432 teerden
1172 2373 1278 2422 hem
1313 2371 1384 2417 in
1419 2370 1526 2417 syn
1560 2371 1774 2422 eijgen
1806 2372 1950 2424 huys
1985 2370 2268 2419 gevonden
2303 2373 2445 2420 ende
2480 2374 2765 2422 antwoort
2798 2378 3055 2430 bekomen

888 2492 1010 2541 had
1049 2487 1251 2536 heden
1291 2487 1452 2533 niet
1492 2486 1694 2535 conde
1732 2492 1854 2540 uyt
1893 2495 2054 2542 gaen
2093 2496 2215 2545 des
2252 2499 2375 2547 tot
2414 2500 2655 2547 morgen
2695 2502 2979 2558 wachten

887 2603 1183 2652 moesten
1225 2601 1395 2649 oocq
1435 2604 1562 2650 was
1604 2604 1730 2651 den
1772 2605 2067 2652 Coningh
2108 2606 2489 2659 verstoort
2527 2615 2866 2661 waeromme
2908 2615 3038 2667 hem

883 2722 1178 2769 vreesten
1214 2721 1399 2768 aente
1435 2720 1730 2768 Spreken,
1764 2722 1878 2769 dit
1910 2721 2061 2770 maer
2098 2721 2172 2768 't
2208 2724 2467 2776 lideken
2502 2731 2613 2778 van
2649 2732 2984 2794 verlangen

889 2847 1187 2896 wesende
1225 2840 1611 2892 soudenden
1653 2840 1866 2893 Tolcq
1908 2848 2292 2902 wederomme
2325 2857 2418 2904 't
2459 2858 2757 2911 Request
2798 2867 3011 2921 heen,

880 2971 1115 3018 nevens
1154 2969 1311 3016 last
1350 2967 1586 3014 seggen
1625 2967 1821 3014 soude
1859 2969 2019 3020 onse
2055 2977 2330 3026 Schepen
2369 2981 2607 3031 morgen
2641 2987 2800 3034 ofte
2839 2988 2957 3036 ten

883 3096 1170 3143 langhste
1199 3089 1562 3143 overmorgen
1598 3089 1778 3136 laten
1813 3092 2171 3146 affdrijven
2206 3101 2314 3149 tot
2349 3104 2601 3154 beneden
2635 3110 2743 3160 den
2779 3115 2993 3172 groten

840 3227 1107 3278 basaar
1149 3221 1328 3276 over
1371 3218 1461 3265 de
1504 3216 1861 3263 drooghte
1904 3220 2081 3269 vant
2125 3224 2524 3274 boonwjens
2568 3229 2880 3281 Eylandt
2922 3238 3014 3289 om

870 3361 984 3407 ons
1018 3351 1248 3405 aldaer
1284 3345 1740 3396 intewachten,
1775 3341 1890 3389 dat
1928 3343 2080 3389 sijn
2117 3345 2270 3394 maij
2303 3350 2344 3396 t
2381 3349 2684 3395 (hotgoed
2722 3349 2994 3407 dochte)

874 3482 1096 3531 mochte
1131 3472 1461 3527 aendienen
1498 3469 1681 3517 onder
1717 3470 2010 3524 tusschen
2045 3481 2155 3527 tot
2189 3476 2301 3526 den
2337 3475 2631 3522 Japander
2666 3479 2996 3530 Ricomond.
3031 3486 3070 3533 r

867 3606 1043 3658 omme
1085 3607 1389 3656 partije
1430 3608 1603 3658 syde
1645 3607 1733 3654 te
1774 3607 2035 3654 besien
2076 3609 2336 3662 gegaen
2378 3613 2594 3662 wesen
2635 3613 2810 3662 quam
2852 3615 2983 3663 ons

852 3742 971 3790 des
1009 3740 1210 3790 dolcq
1248 3733 1567 3783 daerbij,
1606 3733 1727 3780 met
1765 3736 2044 3787 rapport
2083 3740 2443 3798 ongadingh
2477 3753 2758 3801 geseijt
2798 3752 2998 3800 hadde

847 3869 1085 3919 voors.
1120 3871 1397 3921 Request
1436 3864 1907 3916 (onaengesien
1946 3871 2339 3926 behoorlijk
2370 3874 2534 3926 ende
2572 3874 2808 3927 nadese
2847 3880 3044 3929 lands

845 4003 1072 4055 wijse
1114 4000 1251 4049 wel
1296 4001 1702 4048 ingestelt
1747 4003 1929 4053 was)
1972 4011 2107 4058 tot
2152 4010 2243 4056 de
2287 4012 2469 4058 sake
2512 4013 2650 4061 met
2693 4019 2965 4078 helpen

2586 4143 2632 4188 2
2674 4141 2911 4189 conde

105 471 254 519 de

121 1537 209 1590 er

2850 309 3005 364 739
