3573 4958
2904 329 3070 384 735

454 352 659 433 Julio
693 345 737 393 a
774 340 855 387 o.
893 335 1053 385 1646

978 496 1215 548 'tschip
1249 496 1455 549 vanden
1485 508 1824 573 Commandeur
1856 529 2026 577 Baecq
2059 532 2196 582 hadd
2228 538 2298 588 en
2329 545 2703 609 affgeslagen
2734 566 2804 616 en
2835 573 3074 632 d'ander

974 621 1119 672 twee
1153 620 1512 677 verjaecht,
1545 634 1653 686 wij
1687 641 2046 703 antwoorden
2079 660 2295 715 d'onse
2328 672 2579 730 meenden
2613 686 2723 735 des
2756 692 3116 755 guinammers

963 739 1246 795 galeijen
1278 746 1384 793 die
1416 750 1486 799 op
1521 754 1627 803 hun
1660 760 1974 818 aenquamen
2006 776 2182 831 waren
2215 787 2460 843 geweest
2493 799 2564 848 's
2594 803 2842 865 maij=ts
2873 823 3088 882 gecom„

933 861 1275 909 „mitteerde
1308 863 1378 911 om
1410 867 1549 916 haer
1580 873 1650 922 by
1682 879 1820 933 sijn
1852 890 2057 944 hoogh.
2089 900 2127 948 t
2158 906 2499 968 intehalen,
2532 924 2703 975 alsoo
2735 931 2976 989 omtrent
3007 946 3077 992 de

944 981 1221 1029 keviere
1260 983 1498 1032 kousei
1537 988 1775 1043 waren,
1813 1000 1894 1049 en
1930 1007 2328 1080 dierhalven
2365 1037 2485 1087 met
2523 1043 3037 1106 slaghvaerdigh

964 1097 1129 1145 sulcx
1160 1101 1390 1152 hemoven
1420 1108 1618 1161 vielen
1648 1118 1748 1167 eer
1778 1124 1910 1174 eens
1941 1130 2009 1178 op
2039 1135 2204 1189 vyand
2234 1146 2465 1207 dachte,
2494 1164 2627 1215 daer
2656 1172 2757 1223 den
2786 1181 3019 1243 Coningh

961 1222 1033 1270 op
1068 1221 1421 1274 grimlachte
1454 1231 1598 1287 ende
1629 1244 2228 1320 wijdervragenlieth
2261 1277 2367 1328 off
2401 1284 2578 1342 onsen
2611 1298 2963 1371 hollandsen

903 1353 1142 1401 Prince
1181 1353 1302 1403 het
1337 1359 1538 1408 danni
1577 1363 1738 1415 daer
1775 1374 1895 1423 soo
1932 1379 2014 1429 by
2051 1386 2250 1440 laten
2289 1396 2490 1453 wilde
2526 1411 2687 1462 ofte
2724 1419 3084 1489 andermael

956 1483 1141 1532 macht
1178 1484 1474 1531 derwarts
1509 1487 1879 1545 voornemens
1914 1501 2138 1557 bleeff
2171 1512 2285 1561 uyt
2319 1518 2395 1565 te
2430 1522 2653 1578 letten
2688 1535 2764 1582 wy
2798 1540 3094 1600 antwoord

947 1617 1040 1664 syn
1071 1615 1195 1661 may.
1226 1615 1257 1661 t
1288 1616 1413 1662 daer
1443 1618 1537 1665 van
1567 1620 1662 1668 met
1691 1624 1879 1674 sekers
1908 1630 2095 1681 conden
2125 1637 2344 1692 seggen,
2373 1648 2563 1699 voeren
2590 1657 2716 1709 maer
2745 1665 2872 1720 over
2900 1677 3029 1733 ende

928 1753 1122 1802 weder
1160 1753 1239 1800 in
1277 1756 1471 1806 Japan
1507 1760 1820 1812 Taijonan
1854 1768 2011 1815 ende
2049 1768 2437 1826 hiersonder
2474 1782 2553 1827 op
2590 1783 2862 1843 Batavia
2899 1800 3055 1849 eens

939 1886 1011 1935 te
1045 1882 1253 1930 komen:
1287 1883 1425 1933 maer
1459 1887 1807 1945 vertronden
1838 1902 1978 1952 sijn
2011 1909 2221 1959 Hoogh.
2253 1917 2288 1963 t
2320 1918 2633 1974 misschijn
2666 1929 2806 1978 dier
2839 1934 3012 1987 wegen

950 2021 1079 2067 van
1120 2021 1249 2069 syn
1291 2020 1463 2070 Ed:t
1503 2022 1761 2073 perhel
1800 2031 2228 2097 verwachten
2268 2053 2523 2100 Schip,
2565 2053 2695 2100 dat
2735 2056 3034 2117 alleuyr

933 2152 1015 2202 te
1054 2152 1291 2198 gemoet
1330 2153 1528 2202 sien,
1567 2158 1687 2207 wel
1724 2164 2159 2221 eenighsints
2198 2177 2318 2225 per
2355 2182 2712 2231 desselffs
2749 2188 3028 2246 missive

933 2277 1000 2322 te
1033 2276 1301 2325 verstaen
1334 2280 1502 2327 soude
1534 2283 1735 2335 komen,
1768 2290 1870 2336 den
1901 2292 2137 2342 Coningh
2169 2298 2305 2348 liet
2336 2305 2470 2354 daer
2502 2308 2570 2355 op
2603 2310 2974 2375 wederseggen

926 2401 1022 2448 dat
1053 2403 1151 2451 ons
1181 2407 1278 2453 den
1309 2408 1503 2457 handel
1532 2412 1597 2458 in
1628 2412 1725 2460 syn
1756 2415 1885 2462 land
1917 2417 2143 2465 vergund
2172 2422 2206 2468 t
2236 2424 2461 2481 bleeff,
2491 2437 2684 2487 gelijk
2715 2443 2845 2494 oock
2875 2450 3004 2501 alle

924 2521 1351 2573 andrenatien,
1383 2528 1562 2576 onder
1596 2532 1879 2582 dewelcke
1912 2535 2057 2581 mede
2090 2538 2162 2584 de
2196 2539 2517 2594 Chinesen,
2549 2552 2656 2601 die
2690 2556 2799 2609 vry
2831 2567 3051 2624 groots

934 2638 1149 2686 waren,
1181 2642 1323 2689 ende
1358 2643 1464 2690 hem
1499 2645 1642 2691 (wel
1675 2648 2030 2702 verstaende
2064 2657 2170 2703 den
2205 2658 2559 2708 vertrocken
2592 2664 3055 2739 ambassademrl)

934 2770 1076 2818 niet
1111 2773 1290 2820 hadde
1324 2774 1467 2821 eens
1502 2776 1716 2823 willen
1750 2778 1929 2828 komen
1962 2783 2320 2836 Sombaijen,
2354 2793 2461 2839 dat
2496 2793 2710 2839 echter
2744 2795 3069 2861 ooghluij„

905 2898 1114 2952 „kende
1148 2896 1423 2944 oversigh
1456 2895 1595 2943 liet
1628 2898 1800 2949 gaen,
1833 2903 2178 2952 tenaensien
2211 2908 2486 2960 vanharen
2519 2914 2795 2966 Coningh,
2828 2921 3003 2974 sijne

874 3031 1153 3086 verhoogh
1186 3028 1256 3075 ty
1290 3023 1463 3072 dulen
1496 3024 1669 3073 moste
1703 3028 2083 3083 vercrijgen:
2116 3037 2255 3083 omde
2289 3037 2496 3086 welcke
2530 3042 3051 3113 solliciteerden:

916 3161 1063 3207 maer
1095 3161 1207 3208 soo
1242 3156 1425 3207 haest
1459 3151 1570 3199 die
1605 3150 1862 3203 bekomen
1896 3160 2041 3208 had,
2077 3162 2296 3208 sonder
2331 3163 2440 3208 soo
2476 3163 2623 3214 veel
2657 3171 2839 3220 vercx
2874 3176 3020 3226 niet

904 3290 1218 3340 affmaken
1256 3285 1414 3334 veel
1452 3281 1571 3329 min
1610 3280 1729 3326 toe
1766 3282 1963 3329 laten
2002 3285 2239 3334 eenige
2276 3291 2749 3344 Suberbeminne
2785 3301 3023 3359 (voor„

906 3420 1277 3466 namentlijk
1312 3414 1572 3465 omtrent
1609 3412 1868 3458 hemende
1904 3412 2053 3458 syne
2088 3413 2348 3464 grooten
2384 3420 2608 3472 gelijk
2642 3428 2720 3477 nu
2753 3435 2981 3492 gedaen

908 3542 1176 3593 hadden)
1212 3549 1550 3596 betoonden
1588 3549 1664 3595 wy
1699 3547 1890 3595 waren
1926 3550 2305 3598 oocqluyden
2340 3556 2453 3603 van
2490 3558 2718 3612 groots
2753 3569 3059 3633 gemoede,

893 3670 1007 3716 die
1045 3671 1236 3720 vande
1272 3676 1579 3728 Chinesen
1614 3685 1882 3735 weynigh
1917 3692 2260 3747 verdragen
2298 3701 2566 3752 konden,
2601 3710 2986 3768 dierhalven

899 3795 1155 3846 moeste
1196 3802 1367 3850 haer
1408 3806 1537 3854 wat
1579 3810 1878 3860 mijden:
1918 3817 2088 3865 omme
2130 3820 2428 3869 questie
2470 3823 2642 3872 voor
2682 3828 2769 3875 te
2810 3831 3023 3885 komen

888 3923 1036 3971 want
1073 3926 1146 3972 in
1183 3927 1294 3973 syn
1331 3928 1479 3973 land
1515 3928 1553 3975 t
1589 3931 1776 3981 saten
1810 3938 1959 3986 ende
1995 3942 2106 3989 hem
2142 3945 2587 4002 dienvolgende
2617 3956 2994 4011 tobedieren

2602 4131 2933 4187 hodden

22 1661 40 1706 bi
