3567 4883
1513 816 2120 867 Saterdagh
2186 812 2388 861 Den
2455 812 2591 859 24
2655 817 2927 866 febr
2992 817 3128 866 ao
3195 819 3397 870 146

1164 1049 1419 1113 Isacht
1455 1047 1584 1095 lis
1625 1048 1708 1094 op
1748 1048 1915 1094 19„e
1956 1049 2164 1096 deser
2203 1051 2330 1099 van
2369 1056 2660 1103 Carrall
2700 1058 2866 1104 ende
2907 1060 3198 1108 trimele
3237 1064 3404 1117 vans

1298 1184 1438 1231 met
1483 1183 1625 1229 78½
1670 1176 1950 1229 packen
1995 1171 2322 1219 cleeden
2367 1170 2555 1216 ende
2601 1170 2694 1215 81
2739 1170 2881 1217 stx
2925 1168 3206 1218 slaven
3252 1174 3395 1227 als

1283 1290 1720 1344 slavinnen
1768 1282 2060 1335 alhier
2106 1279 2254 1326 ter
2301 1279 2545 1325 reede
2593 1270 3274 1325 geretourneerdt

1264 1417 1596 1468 gemelte
1642 1408 1975 1460 cleeden
2021 1410 2306 1456 alhier
2350 1401 2920 1457 Besichticht,
2966 1393 3203 1447 weder

1260 1547 1715 1598 affgepackt
1760 1550 1941 1596 ende
1984 1543 2123 1595 soo
2166 1536 2304 1586 met
2348 1532 2531 1579 teen
2575 1528 2712 1576 als
2757 1526 2803 1572 t
2847 1524 3075 1571 ander
3120 1524 3396 1575 jegen„

1258 1683 1702 1734 „woordich
1745 1678 1948 1727 voor
1991 1670 2341 1723 Batavia
2389 1667 2539 1715 295
2585 1657 2883 1711 packen
2932 1655 3376 1703 diversche

1269 1810 1778 1867 sorteringhe
1823 1803 1962 1852 soo
2004 1793 2562 1846 geschilderde
2608 1792 2839 1839 witte
2884 1789 3023 1838 als
3069 1779 3349 1833 andere

1259 1946 1584 2007 doecken
1630 1940 1862 1990 13121
1907 1935 2047 1984 lb.
2090 1927 2464 1979 Bengaels
2508 1921 2832 1975 poeijer
2877 1907 3341 1964 suijckeren

1252 2081 1441 2135 5464
1487 2072 1581 2123 lb
1625 2064 1815 2115 was,
1861 2064 2049 2111 4200
2096 2065 2237 2112 stx
2283 2049 2846 2110 rochevellen,
2890 2048 3127 2096 15914
3169 2021 3310 2095 lbe

1226 2218 1749 2278 Boseruijdt
1800 2211 1905 2260 16
1956 2199 2271 2254 stucke
2320 2187 2846 2242 mantavanen
2897 2188 3003 2235 81
3051 2182 3370 2231 stucks

1243 2354 1540 2411 slaven
1588 2347 1786 2397 ende
1834 2335 2327 2391 slavinnen,
2375 2330 2867 2383 mitsgaders
2917 2329 3064 2375 12½
3113 2323 3361 2373 sware

1257 2478 1536 2533 lasten
1580 2472 1766 2521 grof
1812 2464 2044 2517 soudt
2089 2461 2182 2508 in
2227 2453 2644 2506 voorraedt
2690 2453 3061 2500 bevonden
3106 2452 3385 2501 sijnde

1225 2614 1573 2677 draecht
1620 2604 1770 2656 den
1818 2589 2312 2647 gouverneur
2361 2586 2510 2635 den
2558 2580 2806 2630 roedt
2855 2580 3053 2626 voor
3101 2578 3299 2627 ende

1218 2740 1510 2814 Geest
1563 2737 1799 2786 haer
1854 2736 1973 2784 E:
2026 2720 2147 2777 jn
2204 2701 2784 2759 bedencken,
2841 2706 3016 2756 oft
3073 2710 3251 2758 men

1255 2859 1673 2920 tgemelte
1724 2854 1986 2904 jacht
2037 2848 2194 2896 met
2246 2815 3342 2891 d'voorgespecificeerde

1230 2971 1965 3041 coopmanschappen
2011 2964 2160 3013 van
2206 2959 2404 3008 hier
2451 2946 3040 3003 directelijck
3089 2940 3287 2991 (:te

1232 3104 1442 3163 meer
1492 3098 1699 3147 haer
1748 3094 2007 3143 Ed„ts
2057 3090 2213 3140 tot
2263 3086 2625 3135 Batavia
2673 3077 2882 3131 daer
2930 3075 3036 3121 om
3088 3069 3297 3120 seer

1193 3249 1729 3304 Benoodicht,
1778 3247 1973 3294 ende
2020 3238 2312 3288 trader
2360 3222 2700 3282 lecours
2749 3220 2894 3267 van
2943 3214 3089 3265 deE
3136 3207 3187 3258 E

1213 3366 1517 3414 custe,
1567 3367 1719 3415 als
1769 3368 1971 3414 oock
2021 3367 2173 3413 wij
2222 3363 2325 3411 d'
2372 3350 2728 3406 verdere
2777 3324 3338 3396 vereijschte

1210 3509 1572 3569 scheeps
1621 3500 1881 3552 ruijm
1931 3500 2036 3546 te
2086 3494 2653 3549 namentlijck
2689 3492 2909 3543 twee
2959 3479 3381 3536 fluijten

1219 3659 1317 3707 d'
1355 3647 1652 3705 welff.
1697 3646 1747 3694 e
1794 3643 1939 3691 van
1986 3633 2369 3687 mallacca
2414 3633 2608 3680 ende
2655 3628 3039 3678 maesland
3086 3630 3135 3676 t
3182 3631 3377 3682 over

1219 3786 1463 3846 dien
1523 3778 1765 3829 wegh
1824 3775 2007 3822 van
2050 3771 2489 3821 Batavia
2545 3761 2669 3814 te
2729 3760 3333 3808 gemoetsien

1216 3926 1432 3976 ende
1484 3917 1703 3970 dien
1752 3906 2189 3961 volgende
2242 3895 2838 3949 masuljpatan
2891 3895 3054 3941 tot
3104 3889 3380 3941 trans

1187 4064 1415 4115 „port
1458 4056 1597 4107 van
1642 4054 1735 4100 d'
1771 4050 2053 4101 aldaer
2097 4045 2190 4094 in
2234 4032 2645 4089 voorraedt
2690 4026 2965 4077 sijnde
3010 4025 3375 4073 retouren

1180 4200 1344 4253 van
1398 4191 1779 4242 scheeps
1830 4182 2214 4235 ruijmte
2268 4177 2432 4228 Bij
2484 4164 2921 4222 behouden
2975 4153 3302 4211 vaeren

2890 4385 3186 4449 in
