3642 4883
942 580 1292 629 Decembr.
1328 585 1463 632 Ao.
1502 582 1685 640 1645

1395 747 1842 800 gefrequenteert,
1867 747 2048 794 sonder
2077 748 2166 794 dat
2195 749 2284 795 tot
2313 749 2639 797 contributie
2668 752 2757 797 van
2786 751 2964 798 eenige
2993 751 3265 799 penningen

1384 846 1762 901 gemollesteert
1791 844 1907 890 ofte
1937 843 2228 889 aengesoght
2256 844 2373 891 sijn
2402 846 2664 893 gewerden,
2692 846 2809 892 niet
2838 846 3042 892 wetende
3071 845 3159 891 Wat
3188 841 3333 889 recht

1382 949 1494 998 ofte
1519 945 1686 993 reden,
1713 943 1797 989 den
1824 940 2211 988 Jegenwoordigen
2238 942 2432 988 Coninck
2456 942 2569 988 omme
2596 942 2735 989 sulcx
2761 943 2845 988 van
2872 940 2955 987 ons
2982 938 3038 984 te
3065 934 3286 982 beheeren

1383 1047 1539 1098 soude
1568 1044 1722 1091 mogen
1751 1035 2121 1089 pretenderen,
2152 1035 2244 1080 wan
2274 1033 2368 1079 het
2397 1034 2551 1080 ijder
2582 1033 2674 1079 ben
2704 1033 2797 1078 wel
2826 1031 3042 1078 bekendt
3072 1031 3196 1077 EEs,
3224 1028 3319 1075 wij

1378 1145 1568 1197 nimmer
1598 1143 1723 1190 meer
1753 1139 1941 1188 Iegens
1972 1134 2097 1183 sijn
2126 1130 2316 1179 magst.
2345 1130 2719 1181 g'opposeert,
2750 1128 2875 1175 ofte
2905 1127 2999 1172 yes
3031 1127 3124 1172 wes
3155 1125 3373 1173 misdach

1370 1259 1426 1308 In
1450 1246 1690 1302 tegendeel
1716 1242 1823 1290 sijn
1849 1240 1982 1286 mags.
2006 1237 2035 1283 t
2061 1235 2167 1283 ende
2191 1233 2406 1280 desselfs
2430 1233 2643 1279 mandaten
2670 1233 2855 1279 altoost
2882 1233 2935 1278 in
2961 1232 3120 1278 groote
3145 1226 3307 1277 extime

1378 1364 1588 1423 gehouden,
1609 1359 1793 1408 desselfs
1816 1357 2000 1404 schaduwe
2022 1355 2091 1401 met
2114 1355 2183 1400 een
2205 1353 2298 1400 Vast
2320 1351 2549 1399 vertrouwen
2571 1346 2778 1395 omheesft,
2800 1345 2893 1391 ende
2915 1342 3030 1389 Inden
3052 1339 3122 1387 tyt
3144 1337 3213 1384 dat
3235 1336 3419 1382 d'mooren

1381 1475 1452 1524 met
1473 1472 1565 1519 haer
1587 1468 1702 1516 legen
1723 1465 1815 1512 voor
1838 1462 2088 1510 palliacatta
2111 1462 2202 1507 ende
2224 1459 2362 1506 sonder
2384 1458 2475 1504 onse
2497 1454 2748 1503 resistentie
2770 1452 3021 1498 genoughsaem
3042 1446 3203 1497 meester
3225 1445 3317 1490 daer
3340 1445 3408 1490 van

1403 1579 1561 1627 waeren,
1583 1580 1606 1625 t
1627 1576 1741 1624 selve
1762 1574 1831 1621 mes
1852 1570 2033 1618 eijgener
2054 1566 2235 1614 middelen
2256 1565 2347 1612 voor
2368 1564 2414 1610 d'
2437 1564 2572 1610 maijs.
2593 1561 2661 1608 soo
2683 1555 2976 1605 getrouwelijck
2997 1550 3290 1600 gedeffendeert

1374 1691 1535 1740 hebben,
1557 1688 1627 1735 dat
1650 1686 1720 1732 ons
1742 1682 2065 1731 daerovergroote
2086 1679 2180 1727 eere
2202 1677 2295 1723 ende
2318 1675 2388 1722 lof
2410 1669 2664 1719 toeschreef,
2686 1667 2756 1714 met
2778 1662 2940 1711 belofte
2963 1661 3010 1707 't
3032 1657 3148 1705 selve
3170 1651 3401 1701 naderhandt

1382 1795 1427 1841 te
1447 1792 1756 1841 recompenseren,
1778 1791 1975 1837 bovendien
1996 1789 2064 1836 soo
2084 1784 2217 1833 hebben
2238 1779 2393 1829 volgens
2415 1778 2503 1824 onse
2524 1776 2613 1822 voor
2633 1773 2745 1821 desen
2766 1769 2921 1817 gedaene
2942 1765 3185 1814 toesegginge
3205 1762 3294 1809 mede
3316 1761 3406 1807 niet

1365 1898 1659 1952 gemancqueert
1683 1898 1781 1944 sijn
1804 1896 1927 1943 mais.
1950 1895 1975 1940 t
2000 1893 2073 1940 met
2096 1891 2170 1937 een
2194 1888 2510 1936 aenkenelijcke
2534 1883 2802 1933 schenckagie
2826 1880 3021 1927 Weijnich
3044 1879 3142 1926 tijt
3164 1872 3336 1923 geleden

1372 2009 1418 2054 te
1439 2004 1555 2054 comen
1578 2001 1899 2049 congratuleren,
1921 1999 1991 2046 als
2014 1997 2197 2044 weanneer
2220 1996 2266 2042 op
2288 1995 2358 2041 ons
2380 1993 2564 2040 Versoecq
2586 1992 2655 2038 een
2677 1988 2816 2037 Couwel
2838 1986 2953 2033 wegen
2976 1985 3022 2030 de
3045 1982 3160 2030 pacht
3181 1978 3251 2026 der
3272 1972 3394 2022 stadt

1333 2109 1605 2171 Palliacatta
1628 2108 1848 2155 beloofde,
1871 2109 2017 2155 daerop
2041 2109 2138 2154 niet
2161 2107 2357 2154 gevolght
2380 2104 2454 2151 Is,
2476 2101 2599 2148 sulcx
2622 2098 2696 2145 den
2720 2093 2987 2142 Conincksich
3011 2087 3211 2138 hiermede

1354 2219 1628 2268 voorwaerwel
1652 2215 1978 2264 tevergenougen
2002 2211 2153 2259 heeft,
2176 2211 2352 2257 buijten
2376 2210 2476 2256 dien
2501 2210 2576 2255 dat
2600 2206 2676 2254 wij
2699 2201 2850 2249 Immers
2873 2198 2975 2246 niet
2999 2189 3351 2242 g'authoriseert

1368 2329 1463 2379 ofte
1484 2324 1743 2373 gemachticht
1767 2322 1884 2369 sijn,
1906 2320 2024 2366 onser
2047 2315 2329 2364 principaelen
2351 2312 2446 2359 ende
2467 2309 2703 2356 gebiedende
2726 2307 2867 2354 Heeren
2889 2301 3078 2352 middelen
3099 2297 3171 2345 aen
3193 2291 3359 2341 anderen

1364 2431 1527 2480 buijten
1549 2427 1667 2475 recht
1690 2425 1784 2471 ofte
1806 2423 1924 2469 reden
1945 2420 1994 2467 te
2016 2418 2157 2464 geven,
2179 2417 2273 2464 maer
2295 2412 2506 2461 eenlijckd
2529 2409 2693 2457 aermede
2715 2404 2856 2454 haeren
2878 2399 3019 2448 handel
3040 2395 3089 2442 te
3110 2387 3322 2439 dirigeren
3343 2385 3396 2434 en

1365 2535 1553 2586 retouren
1575 2534 1622 2580 te
1645 2530 1902 2578 vervamelen,
1923 2526 2018 2575 ende
2041 2525 2111 2570 den
2135 2525 2251 2571 genen
2273 2523 2344 2571 die
2367 2522 2437 2568 ons
2461 2518 2624 2567 buijten
2646 2514 2764 2562 recht
2787 2511 2880 2558 ende
2903 2507 3020 2555 reden
3042 2498 3206 2551 geweest
3228 2490 3324 2542 ende

1341 2642 1537 2704 overlast
1560 2638 1680 2686 doet,
1704 2638 1752 2683 en
1774 2634 1871 2682 ded'
1895 2629 2086 2679 middelen
2109 2627 2229 2674 onser
2253 2623 2539 2672 principaelen
2563 2622 2635 2668 ons
2658 2620 2754 2666 daer
2777 2618 2873 2664 door
2895 2614 3040 2663 soeckt
3063 2613 3112 2659 af
3135 2610 3184 2657 te
3206 2602 3375 2653 parsen,

1360 2748 1436 2794 met
1459 2742 1637 2791 geweldt
1661 2741 1712 2787 te
1736 2738 2013 2785 resisteren,
2038 2736 2164 2783 welcq
2189 2733 2466 2781 onaengesien
2491 2732 2567 2778 wat
2590 2729 2667 2776 tot
2692 2721 2968 2774 noodwendige
2993 2707 3296 2765 uijtvoeringe

1348 2857 1425 2905 van
1448 2852 1575 2900 dien,
1598 2850 1650 2897 en
1674 2847 1775 2894 omme
1799 2837 2276 2892 d'rechtweerdicheijt
2300 2836 2376 2882 van
2400 2834 2501 2881 onse
2526 2832 2677 2879 saecke
2702 2832 2752 2877 te
2776 2825 3078 2876 mainteneren,
3101 2817 3278 2869 mochten
3302 2812 3432 2861 comen

1360 2958 1408 3005 te
1429 2951 1666 3002 gaesteren,
1689 2948 1783 2995 ende
1807 2946 1948 2993 anders
1971 2944 2065 2990 niet
2087 2939 2253 2988 Voorons
2275 2938 2323 2984 te
2346 2932 2675 2982 Verandtwoorden
2698 2929 2816 2976 soude
2839 2927 2957 2974 sijn,
2980 2925 3051 2971 wat
3072 2919 3262 2970 belanght
3284 2917 3332 2963 nu

1354 3043 1558 3097 Maleijer
1583 3041 1862 3088 Valscheden,
1886 3038 1988 3086 ende
2012 3033 2215 3083 ontrouwe
2240 3030 2443 3077 diensten
2466 3027 2544 3075 die
2569 3027 2619 3072 in
2645 3022 2923 3072 Veelesaecke
2947 3011 3176 3066 bethooudt
3198 3003 3352 3053 heeft,

1344 3144 1399 3192 Is
1422 3140 1502 3187 den
1527 3133 1710 3184 Coninck
1734 3132 1892 3178 Immers
1915 3130 1996 3177 soo
2022 3129 2100 3175 Wel
2125 3126 2204 3173 als
2229 3124 2308 3170 ons
2333 3122 2516 3168 bewust,
2541 3117 2802 3167 beijckende
2827 3113 2958 3161 sulcx
2984 3109 3088 3158 uijt
3111 3097 3376 3154 diveersche

1355 3239 1447 3289 olen
1468 3234 1604 3282 aenden
1625 3229 1851 3279 gouverneur
1871 3225 1942 3274 der
1963 3220 2189 3270 hollanders
2211 3217 2437 3265 geschreven
2459 3215 2618 3262 waerbij
2639 3214 2686 3260 d'
2707 3214 2843 3261 maijs.
2865 3212 2888 3257 t
2909 3206 3068 3257 Maleije
3089 3201 3181 3250 uijt
3200 3187 3428 3244 druckelijk

1344 3338 1450 3388 voor
1473 3331 1553 3381 een
1576 3325 1707 3374 leger
1732 3320 1836 3369 ende
1861 3315 2120 3364 bedriehenr
2145 3312 2379 3359 (gelijckt
2403 3309 2507 3356 oocq
2532 3305 2765 3354 Inderdaet
2791 3304 2869 3350 Is)
2892 3295 3153 3347 taucxeren,
3174 3286 3282 3337 ende

1342 3432 1419 3481 ons
1442 3427 1544 3475 voor
1567 3422 1744 3471 vrunden
1768 3421 1844 3466 van
1868 3414 2019 3465 sijnen
2043 3410 2195 3459 huijse
2217 3403 2420 3453 achtende
2445 3402 2520 3448 Is,
2544 3398 2645 3446 maer
2670 3397 2721 3443 nu
2744 3392 2921 3441 maleije
2945 3390 2996 3436 d'
3019 3385 3147 3434 mais.
3168 3373 3371 3428 d'handen

1349 3518 1626 3574 wedervoldt,
1650 3514 1776 3563 werst
1800 3512 1901 3559 voor
1926 3509 2027 3556 Vrom
2051 3508 2102 3554 en
2126 3500 2327 3552 eerlijck
2352 3492 2653 3545 g'extimeert,
2678 3490 2729 3536 so
2753 3488 2829 3535 wat
2852 3485 2954 3533 meer
2979 3484 3030 3530 Is
3053 3472 3381 3528 gelicentieert

1353 3623 1455 3673 onse
1479 3613 1832 3667 Coopmanschappe
1855 3609 2033 3658 hoovers
2057 3606 2108 3653 t'
2134 3603 2259 3651 vijse
2284 3601 2360 3648 aen
2384 3600 2435 3645 te
2459 3598 2612 3645 slaen,
2636 3596 2712 3642 den
2737 3592 2939 3641 oorloogh
2962 3589 3014 3636 op
3038 3583 3316 3633 valliacatta

1351 3735 1403 3785 te
1425 3725 1570 3778 voeren
1592 3720 1690 3769 ende
1713 3718 1810 3764 alle
1833 3712 2050 3762 passagien
2073 3710 2123 3757 te
2145 3704 2363 3754 besetten,
2386 3702 2435 3748 op
2458 3700 2555 3747 dast
2578 3698 2651 3744 ons
2673 3695 2747 3743 des
2771 3694 2819 3740 te
2843 3691 2940 3739 meer
2963 3689 3012 3735 en
3035 3686 3156 3733 alles
3179 3680 3426 3730 huderlijck

1364 3837 1489 3893 soude
1511 3833 1608 3881 syn,
1629 3828 1728 3878 niet
1749 3822 1847 3871 eens
1870 3820 1919 3867 op
1942 3818 1991 3864 d'
2014 3810 2350 3862 Verduysteringe
2374 3810 2446 3855 van
2470 3809 2566 3856 sijn
2589 3807 2901 3855 Conincklijcke
2924 3804 3069 3852 Croone
3091 3796 3240 3850 nochte

1348 3943 1506 3998 ruijne
1531 3939 1687 3987 sijner
1711 3936 1867 3984 landen
1892 3933 1996 3981 maer
2020 3930 2227 3978 eerlijck
2252 3928 2382 3975 owso0
2406 3924 2614 3973 Weijnige
2639 3922 2846 3969 Contante
2870 3915 3129 3967 penningen,
3153 3910 3232 3958 die
3257 3908 3335 3955 Van

1344 4055 1525 4113 Maleije
1548 4048 1727 4099 genoten
1752 4044 1880 4092 soude
1904 4039 2082 4088 hebben,
2106 4036 2209 4083 acht
2234 4033 2361 4080 nemen
2386 4030 2590 4077 behalven
2615 4030 2692 4076 dat
2715 4030 2869 4076 nochd'
2894 4029 3097 4076 gestolen
3122 4026 3326 4073 goederen

1341 4163 1420 4211 van
1444 4157 1629 4208 Maleije
1654 4152 1889 4201 ontfangen
1913 4145 2097 4196 waervan
2121 4142 2200 4189 een
2226 4141 2409 4187 gedelte
2434 4142 2513 4188 aen
2539 4143 2591 4188 d'
2617 4142 2851 4189 Engelsche
2877 4143 2981 4189 doen
3007 4142 3216 4188 verwopen
3240 4141 3300 4186 en

3184 4240 3305 4286 de
