3410 4985
1099 422 1219 469 niet
1249 422 1519 469 beleeffde
1547 425 1907 476 ontmoetingen
1935 432 1997 480 en
2024 435 2324 485 antwoorden
2353 441 2563 487 bestaet
2592 442 2682 489 dat
2711 444 2862 492 boven
2890 449 2951 496 in
2980 452 3099 499 Iedo
3129 454 3252 511 geen

1099 491 1290 540 moeijten
1313 495 1457 541 altoos
1480 496 1599 541 heeft
1622 496 1719 543 ende
1741 499 1884 546 alhier
1908 501 1957 548 in
1979 504 2265 555 Nangasacquij
2289 510 2385 556 oock
2408 511 2479 556 wel
2503 511 2718 556 verdraegh
2741 512 2789 557 e.
2812 512 2838 558 k
2860 515 2932 561 is,
2955 516 3124 566 gelijck
3145 523 3264 581 desen

1101 567 1215 614 jare
1243 567 1555 617 genoegssaem
1582 573 1753 619 gesien
1778 571 1895 619 ende
1922 575 2233 627 ondervonden
2260 581 2409 639 hebt.

838 682 934 734 Tot
963 682 1056 730 een
1086 685 1300 733 noodigh
1331 688 1546 738 gevolgh
1575 694 1637 741 en
1666 696 1760 743 bij
1789 699 2035 752 hanghtel
2064 707 2157 754 dat
2187 710 2309 757 niet
2339 710 2523 759 gemist
2554 714 2616 759 en
2645 715 2768 765 magh
2798 720 2982 767 werden
3009 718 3075 766 is
3104 719 3166 766 de

1106 762 1374 814 voldoeninge
1397 770 1543 818 vanden
1567 773 1908 826 jaerlijckschen
1930 782 2077 833 eijsch
2100 789 2174 835 van
2197 791 2490 839 cleijniheden
2512 795 2586 841 als
2610 796 2901 845 rariteijten,
2923 798 3245 854 insonderheijt

1101 833 1198 879 voor
1222 833 1320 881 Jedo
1342 837 1441 885 daer
1462 842 1561 890 veel
1583 846 1825 897 onderloopt
1848 853 1921 901 dat
1944 857 2089 905 voorde
2112 860 2209 907 Maj.
2233 861 2258 906 t
2281 862 2402 910 helft
2425 866 2474 912 is
2498 867 2619 913 onder
2642 869 2715 914 den
2738 870 2835 915 naem
2859 870 3003 917 vanden
3027 872 3197 920 Commis.
3219 876 3246 922 s

1095 906 1317 957 Hickingod
1340 913 1390 959 e,
1413 914 1488 961 als
1511 917 1610 962 mede
1633 918 1733 966 voor
1755 922 2049 979 verscheijden
2073 933 2220 980 heeren
2244 934 2367 980 deser
2391 936 2489 983 lage
2513 938 2684 986 landen,
2708 941 2904 990 welckers
2928 944 3075 991 gunste
3100 944 3173 990 bij

1095 985 1240 1032 tijden
1264 987 1313 1033 en
1337 988 1483 1036 wijlen
1507 991 1556 1036 de
1580 992 1702 1039 Comp.
1725 995 1750 1041 e
1773 997 1847 1043 tot
1870 999 2089 1050 voordeel,
2112 1005 2284 1056 gerijft
2306 1012 2356 1057 en
2379 1013 2476 1058 eeke
2500 1013 2696 1063 strecken
2718 1018 2841 1066 zoude
2864 1022 3010 1069 mogen,
3033 1023 3082 1068 in
3105 1019 3215 1068 alle

1090 1054 1291 1108 manieren
1314 1064 1415 1111 moet
1439 1067 1538 1113 daer
1563 1068 1638 1116 ten
1662 1071 1889 1122 hooghsten
1911 1078 1961 1124 op
1986 1079 2112 1127 gelet
2134 1084 2309 1134 werden,
2334 1088 2409 1134 dat
2433 1089 2534 1137 niet
2557 1093 2708 1140 ijmand
2732 1096 2881 1145 eenige
2906 1100 3007 1147 ware
3030 1103 3230 1156 oorsaeck

1096 1130 1175 1178 tot
1198 1134 1428 1189 misnoegen
1453 1144 1505 1189 en
1529 1145 1658 1194 werde
1682 1150 1889 1201 gegeven,
1911 1157 1963 1203 de
1989 1157 2142 1206 Groten
2167 1161 2245 1209 wel
2267 1163 2372 1210 niet
2396 1165 2730 1220 insonderheijt
2754 1176 2857 1223 maer
2881 1179 2984 1226 oock
3009 1181 3115 1228 niet

1092 1209 1170 1256 den
1192 1213 1418 1268 minderen,
1443 1223 1544 1269 want
1568 1225 1644 1271 een
1668 1227 1895 1277 gestoorde
1919 1233 2220 1286 tegenpartije
2245 1241 2396 1289 altijt
2421 1244 2522 1292 veel
2546 1248 2772 1300 vuijriger
2797 1255 2897 1303 ende
2922 1258 3148 1310 wackerder
3173 1265 3223 1311 is

1091 1290 1146 1336 om
1171 1292 1278 1338 zijn
1304 1293 1412 1340 leet
1438 1296 1492 1343 te
1518 1299 1733 1350 wreecken
1757 1305 1839 1351 als
1863 1307 1946 1356 een
1971 1312 2134 1364 gemeen
2157 1321 2319 1373 vriend
2344 1329 2397 1376 om
2424 1331 2559 1378 hulpe
2584 1334 2638 1379 te
2664 1334 2828 1389 bieden

982 1371 1070 1422 Van
1096 1379 1155 1427 de
1182 1383 1469 1439 verdelinge
1495 1396 1553 1444 en
1580 1400 1668 1447 het
1694 1404 1810 1454 doen
1836 1411 1925 1460 der
1950 1417 2265 1471 schenckagie
2292 1427 2464 1478 maecke
2491 1434 2606 1483 hier
2633 1439 2750 1488 geen
2775 1445 2948 1495 gewach
2975 1451 3033 1497 om
3058 1451 3147 1499 dat

1075 1450 1206 1500 zulx,
1229 1456 1361 1507 naden
1384 1464 1540 1514 souden
1564 1470 1669 1520 voet
1692 1476 1772 1524 bij
1795 1480 1874 1528 ons
1898 1484 2081 1537 jonghst
2104 1494 2261 1546 gedaen
2285 1502 2337 1548 en
2362 1504 2415 1551 d'
2439 1507 2595 1554 andere
2620 1510 2724 1559 daer
2748 1515 2879 1565 naest
2903 1521 2956 1568 te
2980 1524 3138 1575 vooren

1082 1524 1160 1573 hoe
1185 1524 1313 1574 nader
1335 1531 1538 1585 gevolght
1561 1542 1638 1590 hoe
1661 1546 1815 1598 beter,
1836 1555 2014 1608 meerder
2037 1564 2115 1614 tot
2137 1570 2214 1618 een
2238 1573 2540 1626 erkentenisse
2564 1582 2616 1629 en
2639 1585 2767 1636 teken
2789 1592 2866 1640 van
2890 1596 2992 1643 onse
3015 1599 3266 1655 onderdanig

1090 1596 1139 1642 is
1163 1596 1234 1641 als
1258 1596 1331 1645 tot
1353 1601 1571 1656 voordeel,
1592 1612 1665 1658 ten
1688 1614 1857 1670 aensien
1878 1626 2119 1681 haerlieden
2141 1637 2381 1691 grootheijt
2404 1646 2523 1692 diese
2547 1647 2763 1699 ontfangen

958 1703 1037 1750 Het
1060 1706 1244 1759 protijt
1266 1716 1526 1770 deshandels
1549 1726 1604 1774 is
1625 1730 1808 1779 geweest
1832 1735 1886 1784 de
1909 1740 2066 1793 eerste
2090 1749 2401 1810 aenleijdende
2424 1767 2632 1821 oorsaeck
2655 1777 2734 1824 tot
2758 1779 2940 1830 Comp.:s
2964 1785 3250 1841 oprichtinge

1065 1783 1136 1832 die
1159 1787 1254 1836 oock
1276 1792 1347 1839 het
1370 1794 1558 1844 vervolge
1580 1799 1769 1848 bewroght
1790 1804 1933 1854 heeft,
1954 1810 2004 1859 en
2024 1816 2096 1864 den
2117 1820 2399 1877 losselijcken
2421 1833 2610 1886 toestant
2631 1842 2703 1889 tot
2725 1845 2890 1898 opheden
2912 1854 3008 1902 doet
3029 1859 3217 1910 geduren,

1092 1850 1170 1898 dit
1193 1854 1322 1903 heeft
1346 1859 1424 1907 wel
1448 1863 1627 1913 eeniger
1651 1869 1779 1917 jaren
1803 1872 2035 1928 stilstant
2058 1885 2110 1932 in
2134 1888 2213 1938 dit
2235 1895 2339 1942 land
2362 1897 2491 1945 gehat
2515 1901 2618 1949 maer
2642 1904 2695 1951 is
2719 1907 2771 1954 nu
2795 1910 3000 1961 wederom,
3024 1917 3126 1964 door

1091 1918 1216 1965 godes
1239 1921 1364 1969 regen
1388 1925 1441 1974 de
1462 1931 1613 1982 saecke
1636 1938 1712 1985 soo
1735 1941 1861 1990 verre
1884 1946 2084 1999 gecomen,
2106 1955 2183 2004 dat
2205 1960 2356 2009 zulcke
2379 1965 2554 2015 winsten
2577 1971 2653 2018 als
2677 1974 2777 2021 daer
2800 1977 2901 2025 zijn
2924 1981 3264 2038 1006405:2:9.

1087 1984 1259 2038 wederom
1281 1995 1355 2042 ten
1377 1998 1500 2047 mitte
1522 2003 1597 2052 van
1619 2008 1717 2057 onse
1740 2012 1959 2069 meesteren
1981 2025 2056 2073 dit
2078 2029 2176 2077 jaer
2199 2033 2248 2080 op
2271 2036 2321 2082 de
2344 2038 2707 2094 coopmanschappen
2730 2050 2876 2099 alhier
2900 2054 3100 2106 gesonden

1081 2061 1281 2111 gevordert
1301 2067 1347 2114 en
1367 2069 1545 2123 gewonnen
1565 2079 1677 2126 zijn,
1697 2082 1764 2130 zoo
1785 2085 1875 2133 veel
1895 2089 1941 2135 nu
1961 2092 2050 2141 dese
2071 2097 2272 2150 voordelen
2290 2107 2468 2157 grooter,
2488 2113 2600 2161 beter
2620 2117 2710 2164 ende
2730 2120 3060 2173 aensienelijcker
3082 2127 3192 2177 zijn.

1078 2137 1154 2185 soo
1177 2138 1275 2185 veel
1299 2140 1349 2188 te
1372 2144 1714 2202 sorghvuldiger,
1737 2158 1982 2212 omsuhtiger
2004 2168 2055 2215 en
2077 2171 2249 2224 meerder
2272 2180 2468 2232 dientmen
2491 2187 2566 2234 met
2588 2190 2687 2238 alle
2710 2194 2906 2246 verstant
2929 2202 2979 2249 en
3002 2205 3126 2254 mogel

1084 2212 1281 2264 kennisse
1305 2219 1355 2265 te
1378 2221 1551 2273 waecken
1574 2229 1624 2275 en
1647 2230 1698 2276 te
1721 2232 1893 2284 wercken
1916 2240 1992 2286 dat
2014 2243 2089 2291 den
2112 2247 2211 2294 loop
2234 2250 2482 2304 deshandels
2503 2262 2725 2313 zoodanich
2748 2269 2896 2316 allles
2919 2272 2969 2318 is
2992 2273 3164 2323 bewaert

1086 2291 1212 2340 offte
1236 2295 1339 2342 (hoo
1361 2299 1437 2346 God
1462 2302 1563 2351 sulx
1586 2306 1814 2356 vergunnen
1837 2312 1989 2363 wilde)
2012 2319 2115 2368 oock
2138 2324 2164 2370 /
2188 2325 2416 2380 verbetert
2438 2337 2490 2385 en
2513 2341 2790 2394 vermeerdert
2814 2350 2966 2398 moghte
2989 2354 3145 2406 werden

880 2389 934 2434 op
961 2389 1042 2434 wat
1068 2390 1203 2438 wijse
1229 2394 1337 2442 hulx
1363 2398 1444 2445 mij
1470 2401 1578 2451 best
1604 2406 1874 2464 geschieden
1899 2420 2034 2469 soude
2060 2425 2170 2473 daer
2193 2430 2276 2479 van
2299 2433 2465 2484 souden
2489 2441 2839 2494 ongetwijffelt
2864 2450 3197 2505 verscheijden

1084 2469 1276 2520 personen
1298 2477 1560 2530 verscheiden
1583 2485 1751 2536 oordeel
1773 2492 1823 2538 en
1844 2495 2037 2548 gevoelen
2058 2504 2273 2559 affgeven,
2296 2514 2345 2561 ja
2368 2517 2511 2565 helfts
2534 2520 2583 2567 de
2606 2523 2844 2572 ervarenste
2867 2528 3108 2585 Cooplieden

1084 2542 1435 2601 twijffelachtige
1457 2557 1692 2608 besluijten
1713 2564 1949 2618 overnemen,
1969 2574 2018 2621 om
2040 2577 2181 2626 welcke
2203 2581 2322 2631 reden
2343 2588 2437 2636 voor
2459 2592 2554 2638 ons,
2576 2594 2648 2639 die
2669 2595 2764 2644 noch
2786 2600 2951 2650 eerstde
2972 2606 3136 2654 winckel

1082 2622 1287 2675 opsegten,
1309 2631 1401 2676 niet
1423 2632 1493 2679 wel
1514 2635 1697 2685 mogelijk
1719 2641 1765 2686 is
1787 2641 1902 2690 recht
1923 2646 1971 2693 en
1992 2650 2290 2703 volcomentlijk
2310 2660 2402 2707 daer
2424 2663 2492 2709 aff
2515 2664 2608 2712 veel
2629 2668 2676 2715 te
2697 2671 2972 2722 beschrijven,
2993 2677 3084 2724 maer
3106 2677 3175 2724 dit

1076 2700 1122 2746 't
1144 2701 1259 2750 welck
1280 2706 1372 2755 nade
1394 2710 1486 2759 mate
1508 2715 1577 2762 van
1599 2717 1668 2764 ons
1690 2719 1873 2767 verstant
1895 2722 2032 2771 hebben
2054 2727 2124 2774 soo
2144 2730 2213 2777 ten
2235 2732 2374 2785 halven
2395 2741 2532 2790 cunnen
2554 2746 2782 2799 begrijpen,
2804 2755 2941 2801 willen
2963 2757 3055 2804 hier
3077 2757 3192 2804 onder

1079 2780 1212 2827 voegen
1233 2782 1321 2829 ende
1342 2784 1496 2834 bestaet
1517 2790 1671 2841 daerin,
1692 2796 1759 2842 dat
1780 2797 1846 2843 men
1867 2799 2043 2848 achtneme
2064 2804 2108 2849 op
2130 2804 2219 2852 alle
2239 2808 2306 2856 het
2326 2812 2415 2859 gene
2436 2814 2502 2860 dat
2523 2816 2699 2869 jaerlijx
2720 2825 2786 2871 soo
2807 2827 2874 2873 wel
2895 2828 3027 2875 doorde
3048 2830 3223 2879 Chinesen

1083 2857 1153 2904 als
1176 2857 1269 2904 door
1291 2859 1360 2905 ons
1383 2860 1430 2906 in
1451 2861 1522 2909 dit
1543 2864 1637 2913 cant
1659 2869 1775 2917 aende
1797 2873 1936 2922 merckt
1957 2878 2121 2929 gebragh
2141 2885 2258 2935 wert,
2279 2891 2349 2936 het
2371 2892 2511 2940 welcke
2532 2896 2603 2944 ten
2624 2900 2740 2948 deele
2762 2904 2900 2953 doorde
2923 2908 3084 2957 lijsten
3107 2912 3178 2959 der

1080 2928 1362 2980 aengebrachte
1384 2936 1573 2989 goederen
1594 2944 1713 2992 vande
1734 2948 1924 2999 Chinesen
1945 2956 2016 3003 als
2038 2958 2343 3017 insonderheijt
2366 2973 2461 3021 oock
2483 2977 2554 3022 die
2577 2978 2695 3028 vande
2717 2984 2835 3031 Comp.
2857 2987 2881 3033 e
2903 2985 3047 3033 zelver

1079 3002 1175 3054 daer
1196 3010 1268 3057 men
1290 3013 1337 3059 de
1360 3015 1572 3066 voordelen
1593 3021 1711 3069 recht
1733 3024 1805 3071 en=
1827 3027 1898 3076 ten
1920 3032 2085 3081 naisten
2107 3037 2248 3088 affcan
2270 3044 2411 3094 weten,
2434 3049 2505 3096 van
2527 3052 2621 3098 vele
2643 3053 2762 3102 jaren
2784 3058 2948 3104 deselve
2971 3059 3113 3107 bijden

1080 3077 1248 3132 anderen
1272 3087 1440 3134 nemende
1462 3090 1512 3137 en
1534 3093 1822 3147 overwegende,
1845 3102 2085 3152 redelijcke
2107 3108 2180 3155 wel
2202 3111 2275 3158 can
2298 3113 2492 3167 bespeurt
2513 3124 2563 3172 en
2585 3128 2777 3179 nagesien
2799 3134 2949 3184 werden

1073 3166 1146 3212 dat
1169 3167 1241 3213 soo
1265 3167 1337 3213 all
1360 3168 1504 3214 tamels
1526 3169 1790 3223 verachtinge
1812 3179 1957 3228 geeft,
1979 3184 2027 3230 en
2051 3185 2123 3231 ons
2145 3186 2195 3234 in
2217 3190 2266 3236 't
2288 3191 2385 3240 gene
2407 3196 2481 3244 dat
2503 3200 2647 3251 weten,
2669 3207 2743 3253 soo
2765 3209 2861 3256 ijts
2884 3211 3028 3260 weten,
3051 3216 3126 3266 dat

1061 3240 1201 3290 echter
1221 3244 1291 3293 soo
1311 3250 1358 3296 't
1379 3251 1449 3297 ijt
1469 3253 1516 3300 is
1537 3255 1764 3305 wweijnich,
1785 3260 1853 3306 all
1876 3261 1968 3308 vrij
1988 3264 2058 3312 wat
2079 3268 2262 3318 geholpen
2281 3274 2328 3322 en
2349 3277 2531 3327 gestijft
2553 3283 2691 3334 heeft.

840 3364 899 3413 Jn
924 3357 1036 3407 dese
1064 3355 1174 3402 twee
1201 3355 1561 3415 voorverhaelde
1588 3371 1783 3426 stucken
1809 3382 2032 3436 oordelen
2057 3393 2141 3440 dat
2167 3396 2307 3449 alles
2333 3405 2391 3453 in
2416 3408 2640 3459 bestaet,
2665 3417 2749 3463 wel
2775 3419 2831 3466 is
2858 3421 2970 3469 waer
2995 3425 3081 3475 dat
3106 3432 3217 3481 niet

1071 3432 1167 3478 alle
1189 3432 1427 3488 bijsondere
1450 3444 1805 3501 nootwendicheden
1827 3457 2041 3511 aenwijsen
2063 3467 2112 3514 en
2134 3470 2348 3522 verhalen,
2370 3478 2466 3527 maer
2488 3482 2607 3532 alsoo
2630 3487 2702 3536 den
2725 3491 2891 3539 presid.
2914 3495 2938 3540 t
2961 3496 3151 3547 Elserack

1075 3507 1121 3552 in
1144 3507 1236 3555 dien
1258 3511 1375 3558 deele
1396 3514 1489 3562 vrij
1511 3518 1742 3573 wijtlopich
1763 3529 1809 3574 is
1832 3529 1925 3577 inde
1946 3532 2200 3588 instructien
2222 3544 2292 3590 ons
2314 3546 2383 3594 tot
2405 3550 2498 3598 twee
2520 3554 2751 3605 bijsondere
2773 3561 2888 3607 malen
2910 3563 3163 3615 overhandige

1069 3580 1160 3626 zall
1181 3581 1251 3628 mij
1272 3584 1364 3633 daer
1384 3589 1453 3635 aen
1474 3590 1544 3637 ten
1564 3594 1702 3644 vollen
1722 3600 1904 3651 gedragen
1925 3607 1971 3653 om
1992 3608 2084 3657 niet
2105 3612 2242 3661 altoos
2262 3617 2332 3665 het
2352 3621 2466 3670 selve
2487 3625 2534 3670 te
2555 3626 2759 3679 gerhalen,
2780 3634 2893 3681 voort
2916 3636 3006 3681 sall
3028 3635 3097 3682 ons

1034 3659 1298 3708 Daghreguber
1321 3662 1441 3711 wegen
1464 3667 1631 3717 wijsers
1654 3672 1823 3725 genoegh
1844 3681 1940 3728 zijn
1963 3684 2011 3729 om
2034 3685 2155 3733 alles
2177 3689 2250 3735 wat
2272 3691 2346 3739 tot
2367 3696 2417 3744 de
2438 3700 2701 3753 bovenreijse
2723 3709 2867 3757 nodich
2890 3712 3057 3760 geweten
3080 3716 3180 3770 dien

1072 3738 1139 3783 aen
1160 3739 1205 3785 te
1226 3740 1359 3789 wijsen
1380 3745 1469 3792 daer
1490 3747 1580 3794 hijk
1600 3750 1646 3797 uE
1666 3753 1712 3800 na
1732 3755 1910 3805 gedragen
1930 3761 1976 3807 en
1996 3763 2130 3811 voegen
2150 3768 2238 3817 can,
2259 3771 2327 3818 als
2348 3774 2437 3822 mede
2458 3777 2547 3826 inde
2568 3782 2678 3831 saken
2700 3786 2767 3833 die
2788 3789 2899 3836 boven
2920 3792 3054 3843 souden
3074 3799 3184 3847 mogen

1068 3807 1336 3860 voorvallen,
1359 3816 1507 3864 actoos
1529 3821 1603 3869 wel
1626 3824 1895 3879 gedenckende
1918 3834 2016 3881 in't
2039 3836 2286 3890 antwoorden
2306 3847 2528 3897 omsuhtich
2549 3854 2648 3904 sijn
2671 3859 2721 3905 en
2744 3861 2867 3909 noijt
2890 3864 2940 3911 in
2963 3867 3138 3919 woorden

1068 3891 1384 3942 verschillende
1408 3897 1604 3947 bevonden
1627 3903 1677 3949 en
1699 3905 1823 3953 wert,
1845 3909 1968 3956 alsoo
1991 3912 2187 3964 dickmael
2210 3920 2309 3969 alle
2331 3926 2576 3981 antwoorden
2598 3937 2866 3991 (opgetekent
2890 3946 2939 3991 en
2963 3947 3037 3993 tot
3060 3949 3135 3998 een

1065 3968 1211 4016 proeve
1233 3970 1380 4017 eenige
1404 3973 1526 4021 dagen
1549 3977 1768 4026 naderhant
1791 3982 1961 4030 deselve
1984 3985 2204 4038 andermael
2226 3994 2519 4051 affgevraeght
2541 4008 2711 4060 werden,
2734 4015 2808 4063 wel
2831 4018 3002 4068 verdach
3025 4023 3174 4071 zijnde

1074 4048 1147 4094 met
1171 4049 1269 4095 lose
1293 4050 1439 4099 volsen
1463 4054 1512 4100 te
1536 4055 1635 4100 doen
1657 4056 1781 4103 hebt,
1803 4059 1852 4105 en
1876 4060 1950 4107 die
1974 4062 2096 4109 naden
2120 4065 2243 4115 staet
2265 4071 2389 4121 maght
2411 4077 2510 4126 ende
2533 4082 2873 4136 gelegdentheijt
2897 4091 3020 4141 onser
3042 4096 3166 4143 Natie

1068 4124 1114 4171 in
1136 4123 1226 4169 dese
1248 4124 1384 4175 landen
1405 4130 1496 4178 seer
1517 4134 1698 4183 dickmael
1719 4138 1765 4184 ei
1786 4139 1989 4186 begeruhl.
2011 4142 2034 4187 s
2055 4143 2282 4197 onderstaen
2302 4153 2348 4200 en
2369 4156 2527 4208 vragen,
2548 4164 2594 4209 en
2616 4164 2819 4213 veeltijts
2839 4168 2909 4215 all
2930 4170 3088 4217 gelijck
3109 4169 3200 4218 ijts

1057 4194 1205 4242 anders
1229 4197 1477 4250 meijnende,
1500 4206 1600 4254 daer
1623 4210 1845 4262 nochtans,
1869 4217 1968 4263 dat,
1992 4218 2068 4263 hun
2090 4219 2289 4270 voorname
2311 4226 2510 4281 oorsaeck
2533 4237 2609 4284 tot
2631 4240 2756 4289 reden
2779 4245 2829 4290 en
2853 4246 3052 4297 gespreck
3074 4252 3199 4298 geest

2592 4421 3126 4490 Belangende
