3642 4883
1319 1194 1574 1248 Binanna
1609 1183 1903 1237 verstaen
1939 1178 2158 1228 hebben
2191 1174 2267 1222 d'
2303 1168 2523 1218 Maijs.
2559 1164 2924 1215 voornemens
2960 1161 3070 1209 was
3107 1157 3365 1207 geweest

1363 1296 1441 1342 hem
1465 1290 1700 1341 ondegiere
1726 1289 1778 1335 t'
1802 1279 2089 1333 Intregeren,
2113 1275 2218 1324 doch
2243 1271 2374 1319 sulcx
2398 1268 2451 1315 by
2477 1268 2529 1313 d'
2555 1266 2685 1313 haden
2710 1266 2788 1312 was
2813 1258 3099 1311 omgestooten
3123 1251 3254 1301 heeft

1326 1394 1604 1449 Nareynepa
1633 1389 1818 1439 belast
1847 1384 1971 1433 5000
2001 1377 2247 1429 pardauws
2276 1371 2614 1421 particulier
2644 1369 2767 1416 stem
2798 1368 2890 1414 dat
2920 1365 3043 1412 noch
3074 1360 3354 1410 resteerde

1334 1513 1482 1566 vande
1510 1512 1598 1558 55O
1627 1504 1947 1557 midtsgaders
1975 1502 2034 1548 50
2063 1499 2151 1546 tot
2179 1493 2354 1543 verval
2382 1492 2470 1537 van
2497 1490 2616 1537 hofs
2644 1485 2878 1535 oncosten
2904 1476 3139 1529 beloofde
3166 1465 3401 1520 pardauws

1339 1632 1444 1681 ende
1470 1631 1523 1677 5O
1548 1626 1757 1676 gelijcke
1782 1623 1836 1670 d'
1861 1619 1992 1669 novo,
2016 1617 2096 1663 aen
2122 1615 2252 1662 mags.
2278 1615 2305 1660 t
2330 1614 2383 1659 te
2408 1612 2618 1660 voldoen,
2643 1610 2722 1657 soo
2748 1609 2826 1655 hem
2851 1605 2982 1654 Wilde
3008 1602 3165 1650 heepen
3190 1597 3270 1646 dat

1331 1747 1573 1796 oudegiere
1599 1744 1761 1792 mochte
1787 1742 1976 1789 Crygen,
2001 1734 2271 1787 Nareijnepa
2298 1735 2433 1781 heeft
2458 1735 2540 1782 dit
2566 1734 2647 1781 den
2673 1732 2861 1779 Coninck
2887 1725 3237 1777 voorgedraegen
3263 1721 3344 1769 die

1327 1867 1640 1922 andstwoorde
1668 1867 1753 1913 men
1781 1864 1951 1911 moeste
1978 1862 2176 1909 Chimmua
2205 1861 2318 1907 maer
2346 1860 2487 1906 goede
2514 1857 2713 1904 woorden
2741 1857 2910 1903 geven,
2937 1856 2995 1903 en
3021 1853 3136 1900 sien
3163 1850 3305 1897 geldt

1324 2000 1408 2050 van
1433 1997 1515 2044 hem
1541 1994 1595 2040 te
1619 1988 1809 2037 becomen
1836 1987 1997 2033 sonder
2022 1985 2104 2031 dat
2130 1984 2184 2030 d'
2211 1984 2425 2029 meeninge
2449 1981 2532 2029 Was
2559 1980 2639 2026 hem
2665 1979 2746 2024 tot
2773 1976 2907 2024 staet
2934 1976 2988 2021 te
3014 1974 3282 2023 verheffen,

1322 2121 1480 2169 voorte
1505 2114 1664 2165 waerdt
1690 2110 1875 2159 Chittij
1900 2109 2110 2156 geroupen
2136 2107 2295 2154 seggen
2320 2106 2373 2151 d'
2400 2102 2559 2151 maijs.
2583 2104 2611 2151 t
2635 2104 2715 2152 het
2741 2101 2873 2149 langh
2898 2099 3110 2145 beloofde
3135 2100 3269 2148 geldt

1320 2247 1377 2294 en
1402 2243 1516 2290 hebt
1541 2239 1655 2288 ghij
1681 2237 1793 2283 noch
1820 2234 1932 2281 niet
1960 2232 2071 2279 eens
2098 2229 2348 2276 betaeldt,
2375 2227 2460 2274 wat
2487 2224 2737 2272 Betrouwen
2765 2221 2932 2269 Cunnen
2959 2220 3043 2265 Wij
3071 2218 3127 2265 op
3152 2216 3182 2262 U
3209 2211 3381 2260 hebben

1320 2373 1374 2421 om
1400 2372 1427 2417 u
1452 2368 1532 2416 van
1556 2360 1715 2412 staedt
1740 2359 1793 2404 te
1819 2356 2055 2404 veressen,
2079 2348 2290 2400 betaeldt
2316 2347 2447 2393 eerst
2473 2346 2526 2392 't
2552 2346 2656 2392 oude
2681 2345 2735 2392 en
2760 2343 2840 2388 dan
2866 2340 3023 2388 sullen
3049 2339 3102 2385 op
3125 2337 3154 2384 u
3179 2334 3339 2382 letten

1313 2487 1510 2540 Maleije
1538 2484 1651 2531 andt
1679 2481 1849 2529 woorde
1876 2478 2046 2526 sulcke
2074 2474 2300 2522 tardance
2327 2472 2413 2519 van
2440 2468 2723 2517 Betaelinge
2750 2467 2808 2513 d'
2835 2465 3033 2513 schuldt
3061 2461 3147 2509 van

1278 2598 1590 2662 Babalaichan
1616 2595 1702 2642 was
1728 2591 2011 2639 versoghte,
2038 2590 2151 2636 dier
2178 2589 2460 2637 Rabelechan
2486 2589 2657 2637 wierde
2684 2579 3022 2633 g'ordonneert
3049 2578 3134 2624 hem
3160 2572 3399 2623 t'helpen

1316 2715 1407 2764 als
1434 2705 1646 2757 wanneer
1675 2702 1915 2750 tevreden
1945 2702 2035 2747 was
2065 2702 2156 2748 hem
2185 2701 2245 2747 te
2274 2700 2545 2747 betaelen,
2575 2700 2666 2746 dat
2693 2700 2785 2747 den
2814 2696 3055 2744 Conincko
3084 2689 3295 2741 aennam

1309 2826 1535 2889 seggende
1560 2820 1783 2869 Babelagh
1809 2820 1866 2865 in
1892 2819 1976 2864 sal
2003 2818 2031 2863 u
2058 2815 2224 2862 heepen
2251 2813 2473 2860 betaeldt
2499 2813 2582 2859 hem
2610 2813 2693 2859 het
2719 2811 2886 2858 geldt,
2912 2806 3134 2855 hiermaer
3161 2801 3299 2850 heeft

1301 2958 1366 3006 d'
1393 2946 1584 3000 Maijs.
1613 2944 1648 2991 s
1678 2933 1993 2987 Compagnies
2023 2928 2275 2978 resident
2307 2928 2402 2974 ter
2430 2928 2716 2975 presentie
2746 2919 3061 2972 Nareijmepa
3091 2916 3219 2962 ende

1300 3051 1680 3107 wengereputtij
1709 3047 1855 3096 laten
1884 3045 2060 3091 roupen
2089 3041 2264 3091 seggen
2293 3040 2381 3086 hoe
2409 3040 2526 3086 veel
2555 3040 2673 3086 mael
2701 3037 2789 3084 ick
2817 3031 2994 3082 aenden
3021 3017 3314 3075 Gouverneur

1273 3167 1506 3219 schrijve
1533 3163 1593 3211 en
1620 3160 1795 3207 slaedt
1824 3161 1882 3206 op
1910 3159 1969 3205 d'
1997 3157 2258 3204 saeckgeen
2287 3156 2403 3202 acht
2432 3156 2519 3201 sal
2546 3151 2751 3201 Maleija
2779 3148 2866 3195 met
2895 3147 2982 3193 den
3010 3140 3342 3191 Gouverneurs

1293 3280 1440 3331 goedt
1466 3275 1556 3324 mij
1584 3266 1817 3319 tevreden
1845 3262 2078 3311 stellen,
2107 3262 2281 3308 twaere
2310 3261 2456 3307 beter
2485 3260 2572 3306 hij
2601 3259 2688 3305 dat
2717 3257 2862 3304 selfs
2890 3253 3036 3301 dede,
3063 3248 3152 3298 soo
3180 3239 3327 3292 soude

1293 3391 1376 3440 ick
1401 3386 1589 3435 maecken
1614 3383 1697 3432 hij
1723 3382 1830 3427 sijn
1856 3381 1991 3427 leven
2018 3380 2125 3426 niet
2151 3378 2260 3425 meer
2286 3379 2340 3425 op
2366 3377 2662 3425 Palluccatta
2687 3375 2822 3423 soude
2848 3375 3009 3421 Comen,
3035 3370 3144 3419 ende
3170 3368 3224 3414 d'
3249 3365 3386 3413 stadt

1278 3503 1421 3557 soude
1448 3501 1476 3546 4
1502 3499 1669 3546 Jaeren
1695 3497 1834 3544 onder
1862 3497 1945 3543 den
1972 3498 2249 3545 gouverneur
2275 3499 2332 3545 In
2358 3499 2497 3546 vacht
2524 3496 2745 3543 blijven,
2772 3494 2856 3540 den
2882 3486 3159 3538 gouverneur
3184 3478 3353 3531 Moeste

1286 3622 1343 3671 't
1368 3615 1637 3666 resterende
1663 3612 1878 3660 beloofde
1905 3612 2119 3658 aennemen
2145 3612 2199 3658 te
2225 3611 2441 3657 betaelen
2466 3610 2548 3655 als
2574 3610 2762 3656 wanneer
2788 3608 2896 3654 alle
2922 3606 2976 3652 d'
3002 3596 3271 3651 aengeslaeh
3294 3588 3353 3638 en

1293 3727 1539 3777 goederen
1570 3725 1754 3771 sullen
1784 3724 1970 3770 werden
1998 3722 2431 3770 gerestitueert,
2461 3725 2523 3770 en
2553 3725 2615 3771 d'
2646 3726 2800 3772 macht
2830 3724 2892 3771 te
2922 3723 3077 3769 rugge
3107 3723 3356 3780 ontboden

1276 3847 1385 3899 dese
1411 3843 1703 3892 presentatie
1728 3840 1889 3888 hebben
1914 3839 1968 3884 d'
1993 3837 2154 3884 groote
2180 3839 2286 3885 mede
2312 3838 2393 3884 den
2419 3840 2684 3890 Gouverneur
2710 3845 3002 3890 geschreven,
3029 3843 3082 3890 en
3108 3836 3322 3888 geronden

1277 3954 1370 4001 die
1401 3953 1494 3999 aen
1525 3952 1587 3998 te
1618 3951 1805 3996 nemen,
1836 3951 2146 3996 versoecken
2177 3951 2270 3997 met
2301 3952 2426 4000 alle
2456 3956 2612 4002 haest
2642 3955 2953 4002 andtwoordt

1114 4110 1339 4160 Gesadre
1371 4107 1467 4155 was
1498 4105 1594 4151 uit
1625 4103 1978 4150 Madrespatam
2009 4102 2074 4148 In
2106 4102 2298 4148 velour
2330 4102 2553 4148 gecomen
2584 4098 2905 4147 allegerene
2934 4095 3129 4143 Jegens
3160 4087 3386 4139 Maleije

1273 4206 1358 4256 hoe
1383 4198 1634 4249 denselven
1661 4197 1772 4243 doer
1798 4195 1938 4242 hadet
1965 4195 2049 4240 van
2076 4196 2269 4244 wandapa
2297 4198 2407 4244 dese
2435 4198 2628 4245 oorloge
2656 4197 2822 4245 Jegens
2847 4194 2904 4241 dr
2931 4188 3209 4239 hollanders
3235 4183 3374 4232 hadde

1348 806 1484 854 dese
1517 800 1787 851 tydingen
1817 795 2021 847 hebben
2053 792 2156 839 den
2189 789 2424 837 Coninck
2457 785 2727 835 verbeydt
2760 783 2895 830 ende
2928 781 3097 828 beter
3130 780 3265 827 moet

1355 918 1458 964 doen
1482 913 1638 962 nemen,
1662 912 1791 958 sulcx
1817 909 1946 959 heeft
1971 903 2151 952 wederom
2175 902 2228 948 in
2253 901 2356 947 alle
2382 899 2767 947 minnelijckheyjt
2792 896 2921 943 desen
2947 895 3178 942 aftrecke'
3203 896 3436 949 Neijcken

1361 1020 1662 1069 g'adviseert
1687 1018 1798 1066 ende
1824 1016 1907 1063 tot
1933 1010 2207 1061 obedientie
2234 1007 2483 1056 vermaendt

3051 4288 3327 4341 begonnen
