3478 4985
1156 434 1436 483 Naderhant
1466 438 1747 489 meermalen
1777 444 1965 493 doorde
1994 450 2336 501 Gouverneurs
2366 454 2429 501 in
2459 449 2833 498 Nangasacqui,
2863 450 2957 496 wij
2988 451 3176 499 hebben
3205 455 3300 508 het

1182 509 1363 556 gesocht
1388 508 1492 554 goet
1517 508 1569 553 te
1594 508 1775 557 maecken
1800 512 1878 557 met
1903 512 2135 566 beleeffde
2160 522 2289 569 reden
2315 524 2366 569 en
2392 524 2495 569 daer
2520 523 2572 568 is
2597 522 2726 568 voort
2752 523 2856 569 niet
2880 525 2984 572 meer
3009 527 3294 577 affgeweest,

1185 581 1258 627 ick
1282 582 1354 627 ben
1377 583 1449 628 van
1473 583 1665 629 gevoelen
1688 584 1760 630 dat
1784 585 1857 630 men
1880 586 1977 634 daer
1999 590 2073 637 soo
2095 593 2192 641 veel
2215 597 2335 644 wercx
2358 599 2454 645 niet
2478 600 2526 645 en
2550 599 2742 645 behoorde
2765 598 2838 643 alf
2861 599 2910 644 te
2933 600 3101 647 maecken
3124 603 3197 648 off
3220 604 3309 651 die

1190 656 1561 705 mortierschieter
1585 659 1660 704 het
1684 659 1833 705 eerste
1857 660 1958 708 jaer
1980 664 2056 711 off
2079 667 2154 714 het
2178 670 2327 717 tweede
2351 672 2426 719 all
2450 674 2599 720 juijst
2623 674 2698 720 soo
2722 674 2920 720 terstont
2944 675 3044 722 niet
3068 675 3118 721 en
3142 675 3267 721 quame

1180 733 1254 779 het
1278 734 1376 784 sijn
1398 740 1519 785 grote
1544 740 1714 787 juwelen
1737 742 1786 787 de
1809 743 2052 794 mortieren,
2075 750 2124 796 en
2148 751 2270 798 heeft
2293 753 2390 799 sijn
2414 754 2680 799 bedenckinge
2704 754 2777 800 all
2800 755 2873 800 off
2898 754 2970 800 het
2994 753 3091 799 niet
3114 752 3243 799 beter

1180 814 1345 861 geweest
1367 817 1438 863 was
1461 819 1579 868 noijt
1600 823 1673 870 die
1694 825 1860 873 trotse,
1882 828 1930 874 en
1952 830 2257 881 hooghdragende
2280 836 2398 882 Natie
2421 837 2515 883 sulx
2538 836 2796 882 geopenbaert
2819 836 2866 881 en
2890 834 3054 881 geleert
3076 833 3124 879 te
3147 834 3312 886 hebben,

1184 897 1282 942 maer
1306 897 1381 944 dat
1404 899 1455 945 is
1477 901 1650 948 verbij,
1673 904 1723 950 nu
1746 905 1896 956 moeten
1917 913 1992 961 wij
2016 917 2091 963 ons
2113 919 2309 966 schicken
2334 921 2383 966 en
2407 921 2505 967 raet
2530 922 2799 969 verschaffen
2823 923 2922 969 nade
2946 922 3264 972 gelegentheijt

1181 975 1274 1020 daer
1296 975 1599 1026 tegenwoordich
1620 982 1668 1028 in
1690 984 1806 1034 sijn,
1828 990 1899 1036 men
1921 992 2014 1040 moet
2037 995 2131 1043 sich
2152 999 2223 1045 wat
2245 1000 2453 1047 costelijk
2476 1002 2615 1048 houden
2638 1003 2685 1048 en
2708 1003 2870 1049 betalen
2892 1003 2985 1049 haer
3009 1004 3078 1049 met
3101 1004 3314 1060 beleeffde

1186 1057 1401 1103 praetjens
1424 1059 1640 1106 gelijckse
1663 1062 1735 1108 ons
1758 1064 1855 1112 doen
1878 1068 1951 1116 als
1973 1072 2045 1119 men
2068 1075 2141 1121 wat
2164 1077 2403 1125 versoeckt,
2426 1081 2523 1127 sall
2545 1083 2617 1128 het
2641 1083 2713 1129 een
2737 1084 2856 1130 nieuw
2880 1084 3144 1131 opperhoofft
3165 1088 3266 1141 sijn

1185 1140 1255 1186 die
1278 1141 1348 1187 can
1371 1142 1580 1190 daermedse
1603 1145 1789 1194 volstaen
1812 1150 1882 1196 dat
1904 1152 1976 1201 van
1997 1157 2091 1204 geen
2113 1160 2486 1212 mortierschieters
2508 1167 2555 1213 en
2578 1169 2671 1215 weet
2694 1169 2764 1215 off
2787 1170 2903 1216 heeft
2926 1171 3066 1217 hooren
3089 1172 3280 1226 spreken,

1188 1216 1286 1263 valt
1309 1217 1382 1263 het
1405 1218 1478 1264 mij
1501 1219 1550 1266 te
1574 1221 1743 1272 beurte,
1766 1228 1840 1274 ick
1862 1230 1985 1279 hebbe
2007 1235 2057 1282 te
2079 1238 2225 1288 seggen
2248 1243 2321 1290 dat
2344 1245 2393 1290 in
2416 1246 2609 1293 Caijouan
2633 1247 2802 1292 geweest
2826 1248 2923 1295 ben,
2946 1250 3019 1296 dat
3042 1251 3286 1306 mondelingh

1178 1291 1276 1339 haer
1299 1294 1348 1339 Ed
1372 1295 1421 1341 en
1445 1296 1544 1344 niet
1565 1300 1614 1346 en
1638 1301 1761 1349 hebbe
1784 1305 1930 1354 cunnen
1954 1310 2149 1360 spreken,
2172 1316 2245 1362 dat
2269 1318 2318 1363 de
2342 1318 2416 1365 h.r
2439 1321 2633 1368 Generael
2657 1324 2755 1371 dood
2778 1326 2851 1371 is,
2875 1325 2948 1371 dat
2972 1325 3021 1370 de
3045 1325 3191 1370 heeren
3213 1318 3264 1369 de

1177 1372 1333 1419 handen
1357 1375 1435 1422 vol
1460 1378 1590 1427 wercx
1615 1383 1796 1431 hebben,
1821 1385 1900 1432 dat
1924 1387 1977 1434 de
2000 1389 2389 1446 mortierschieter
2414 1402 2517 1449 doot
2543 1404 2620 1449 is,
2646 1404 2723 1449 dat
2749 1404 2827 1451 hij
2851 1405 2929 1451 een
2955 1405 3110 1450 korsel
3135 1404 3290 1456 hoofft

1173 1452 1322 1500 hadde,
1345 1456 1396 1502 om
1419 1458 1545 1506 bijde
1567 1463 1789 1511 Japanders
1814 1466 1864 1513 om
1887 1469 1938 1515 te
1961 1471 2061 1519 gaen
2084 1474 2331 1528 onbequaem,
2356 1483 2405 1528 en
2430 1483 2578 1530 andere
2602 1485 2900 1533 uijtvluchten
2922 1489 3022 1535 meer
3046 1490 3121 1536 sij
3145 1491 3268 1538 mogen

1178 1531 1247 1577 dan
1268 1533 1451 1583 dencken,
1471 1540 1496 1586 d
1516 1542 1654 1589 gelijk
1675 1545 1721 1591 de
1742 1546 1948 1597 waerheijt
1968 1554 2037 1600 is,
2059 1556 2128 1602 dat
2149 1557 2219 1606 wij
2239 1562 2308 1608 soo
2330 1563 2399 1610 dra
2420 1566 2512 1612 niet
2533 1567 2580 1613 en
2601 1568 2714 1615 lopen
2737 1569 2851 1615 alste
2872 1571 3031 1617 spreken
3053 1572 3099 1617 en
3121 1571 3213 1617 (dat
3234 1573 3302 1621 het

1179 1612 1277 1659 lose
1300 1615 1348 1660 en
1371 1616 1564 1667 gelochte
1587 1623 1732 1674 vonden
1754 1631 1875 1679 sijn,
1898 1634 1994 1680 maer
2017 1636 2114 1684 daer
2137 1639 2186 1685 is
2209 1641 2305 1687 niet
2328 1643 2568 1693 aengelegen
2591 1648 2688 1696 noch
2711 1652 2760 1698 de
2783 1653 2903 1699 Comp.
2927 1654 2951 1699 e
2975 1653 3023 1699 en
3047 1653 3118 1698 can
3141 1652 3286 1700 daerom

1183 1684 1278 1734 niet
1299 1690 1441 1739 quaets
1462 1695 1698 1748 overcomen,
1718 1704 1743 1750 t
1765 1706 1837 1752 sij
1858 1709 1976 1758 mogen
1998 1714 2070 1760 soo
2091 1716 2164 1763 wat
2185 1719 2349 1767 cnorren
2371 1723 2419 1769 in
2441 1724 2535 1771 haer
2558 1727 2699 1776 selven
2720 1732 2769 1778 en
2791 1734 2815 1780 t
2837 1735 3024 1782 moffelen
3047 1736 3187 1782 binnen
3210 1736 3257 1781 's

1178 1765 1342 1815 mondjs,
1363 1771 1457 1820 maer
1479 1775 1551 1823 dat
1572 1779 1620 1825 is
1642 1780 1713 1827 soo
1735 1782 1829 1828 goet
1851 1783 1969 1832 als't
1990 1788 2109 1837 quaet
2130 1793 2202 1840 is,
2222 1797 2294 1843 met
2315 1799 2548 1849 uijterlijk
2571 1805 2873 1854 beleelftheden
2896 1809 3059 1857 moetmen
3082 1811 3252 1861 overven

1174 1841 1313 1889 gereet
1333 1845 1447 1897 sijn,
1469 1853 1515 1900 de
1536 1855 1876 1910 rechtmaticheijt
1897 1866 2055 1919 daerlet
2077 1874 2145 1920 hun
2167 1876 2236 1922 van
2257 1878 2461 1928 beroemen,
2483 1883 2528 1930 en
2550 1884 2641 1931 oock
2663 1886 2754 1932 niet
2776 1887 2844 1932 all
2866 1887 3002 1933 sonder
3024 1888 3159 1935 reden,
3182 1888 3273 1936 laet

1180 1915 1291 1967 niet
1314 1924 1395 1974 toe
1421 1930 1503 1978 ons
1528 1934 1637 1983 daer
1662 1939 1770 1988 over
1795 1943 1851 1991 te
1876 1947 2091 1999 misdoen,
2116 1955 2198 2002 wij
2223 1958 2358 2006 staen
2384 1961 2465 2008 wel
2491 1962 2679 2008 tehove,
2705 1960 2759 2007 de
2785 1958 2973 2005 bevelen
3000 1959 3133 2005 vande
3160 1956 3268 2005 Majt

1174 1997 1305 2049 offte
1328 2005 1535 2060 d'ordren
1560 2016 1637 2064 die
1662 2020 1739 2067 ons
1765 2022 1945 2071 gegeven
1971 2026 2074 2075 sijn
2099 2030 2151 2077 om
2176 2032 2228 2078 t'
2253 2034 2562 2080 achtervolgen
2587 2035 2767 2083 binnens
2792 2038 2921 2086 lands
2945 2040 3177 2087 nacomende
3203 2042 3260 2092 en

1180 2079 1398 2134 voldoende
1420 2090 1541 2142 staen
1564 2098 1660 2145 onse
1684 2100 1853 2151 haecken
1877 2107 1999 2154 vasst
2020 2111 2070 2157 en
2093 2112 2286 2162 seecker,
2309 2118 2358 2164 de
2381 2119 2742 2166 mortierschieter
2766 2121 2815 2167 't
2838 2122 2983 2169 naeste
3007 2124 3104 2170 jaer
3127 2125 3225 2175 niet

1176 2159 1355 2212 comende
1378 2168 1457 2218 ben
1479 2175 1556 2224 van
1580 2179 1783 2232 gevoelen
1807 2188 1960 2236 datter
1984 2192 2086 2240 daer
2110 2196 2162 2243 na
2186 2199 2288 2245 geen
2312 2201 2464 2251 vragen
2489 2206 2539 2251 na
2565 2206 2666 2252 sall
2690 2207 2818 2256 sijn,
2842 2211 2918 2256 men
2943 2211 3019 2257 can
3043 2210 3146 2256 daer
3170 2211 3248 2259 dan

1174 2241 1273 2290 eens
1296 2246 1371 2293 een
1394 2249 1567 2304 stieren
1590 2260 1665 2308 een
1688 2264 1787 2310 jaer
1810 2266 1885 2314 off
1908 2270 2007 2316 twee
2031 2271 2131 2320 drie
2153 2277 2252 2325 daer
2275 2280 2350 2329 na,
2374 2284 2448 2330 met
2472 2285 2570 2332 veel
2595 2287 2767 2334 excusen
2790 2289 2865 2336 pan
2888 2288 3011 2336 langh
3035 2286 3211 2335 wachten

1170 2323 1243 2372 dan
1266 2328 1363 2377 noch
1384 2333 1601 2387 aengenaem
1623 2343 1767 2392 Eijnde
1789 2348 1886 2396 sall
1908 2352 2029 2399 alles
2051 2355 2219 2406 voldaen
2242 2361 2362 2410 wesen
2385 2366 2480 2412 ofte
2504 2367 2552 2413 de
2575 2368 2671 2414 lust
2694 2369 2837 2416 verbij
2860 2370 3004 2416 sijnde
3028 2370 3148 2417 heeft
3171 2371 3247 2419 men

1171 2403 1264 2453 veel
1284 2410 1467 2463 moeijten
1487 2419 1534 2466 en
1555 2422 1692 2473 costen
1713 2429 1896 2480 gewonnen
1916 2437 1985 2483 die
2006 2439 2233 2492 sijluijden
2255 2448 2345 2494 niet
2368 2449 2526 2496 aensien
2548 2451 2616 2496 all
2639 2451 2707 2497 was
2728 2451 2797 2497 het
2819 2450 2910 2496 in't
2931 2449 3113 2495 druckste
3135 2449 3272 2495 vanden

1166 2493 1333 2541 handell
1353 2496 1403 2545 en
1423 2501 1611 2553 soudemen
1632 2509 1843 2561 dickwijls
1864 2518 1935 2564 als
1957 2520 2007 2568 't
2027 2525 2097 2571 hun
2120 2526 2191 2574 soo
2213 2530 2260 2576 te
2282 2531 2400 2579 passe
2422 2535 2515 2580 quam
2538 2535 2655 2582 omden
2678 2535 3027 2583 mortierschieter
3049 2534 3120 2579 wel
3142 2531 3284 2579 moeten

1174 2573 1264 2622 alle
1285 2577 1420 2628 dingen
1441 2583 1554 2632 laten
1575 2588 1777 2643 tilstaen,
1797 2599 1888 2647 voor
1908 2603 1999 2653 vier
2020 2609 2132 2659 jaren
2154 2615 2221 2660 itt
2242 2615 2288 2662 er
2310 2618 2377 2665 een
2399 2620 2443 2665 't
2466 2620 2622 2666 geweest
2644 2620 2756 2666 diese
2778 2620 2868 2666 niet
2889 2620 2979 2666 eens
3000 2621 3068 2666 aen
3087 2618 3134 2666 en
3156 2617 3270 2665 hagen

1160 2662 1234 2707 sij
1258 2663 1406 2712 moeten
1429 2668 1577 2716 almede
1599 2672 1723 2723 eeren
1746 2679 1870 2730 gapen
1892 2686 2041 2739 alsser
2063 2695 2137 2743 pap
2161 2698 2333 2747 geboden
2356 2703 2479 2751 wert,
2503 2706 2577 2752 wat
2601 2706 2723 2752 heeft
2748 2705 2822 2751 tot
2845 2706 2894 2751 dE
2918 2704 3041 2751 Comp.
3065 2704 3090 2749 e
3112 2699 3288 2749 gebatet

1168 2742 1270 2791 in't
1294 2747 1397 2794 jaer
1421 2750 1473 2795 40
1496 2751 1651 2802 datter
1674 2758 1727 2804 't
1749 2762 1850 2812 jaer
1875 2767 1929 2816 39
1951 2773 2029 2821 een
2052 2777 2433 2834 mortierschieter
2457 2789 2584 2835 boven
2608 2786 2787 2833 geweest
2811 2787 2917 2841 was.

948 2874 1070 2922 Jn't
1099 2873 1280 2923 eijnde
1309 2878 1401 2926 van
1429 2882 1520 2929 ons
1549 2884 1911 2937 Daghregister
1940 2893 2061 2942 doen
2090 2898 2301 2951 vermaen
2330 2907 2420 2953 hoe
2450 2908 2510 2954 de
2540 2909 2691 2956 Couv.
2720 2911 2752 2957 s
2780 2913 3201 2966 aengesproocken

1130 2953 1272 3002 hadden
1294 2955 1410 3006 wegen
1432 2961 1480 3008 't
1502 2964 1711 3014 verblijft
1732 2970 1895 3018 eeniger
1917 2974 2033 3023 onser
2055 2978 2241 3031 personen
2262 2987 2310 3034 op
2332 2989 2379 3035 't
2401 2990 2587 3040 eijlant,
2608 2996 2656 3043 't
2678 2999 2817 3046 vroegh
2839 2999 3025 3045 beginnen
3047 3000 3301 3046 deshandels,

1149 3035 1199 3084 en
1221 3034 1292 3082 het
1314 3037 1548 3091 uijtvoeren
1569 3047 1640 3093 des
1662 3048 1826 3098 copers.
1848 3054 1918 3101 bij
1941 3057 2081 3106 aldien
2103 3061 2313 3117 desedinge
2335 3073 2452 3120 alle,
2475 3075 2591 3122 offte
2614 3077 2916 3128 insonderheijt
2939 3083 3009 3129 het
3032 3084 3149 3131 leste
3171 3087 3244 3138 van

1162 3111 1305 3162 drijen
1327 3117 1589 3174 toestonden,
1611 3130 1801 3181 soudense
1823 3136 1919 3185 welt
1941 3141 2132 3192 waerdich
2153 3149 2248 3196 zijn
2272 3151 2344 3198 des
2366 3154 2533 3205 anderen
2555 3161 2674 3208 jaers
2697 3164 2745 3210 de
2767 3165 3145 3211 mortierschieters
3167 3157 3264 3210 eens

1165 3199 1361 3249 gesonden
1383 3205 1575 3257 wierden,
1598 3213 1766 3260 dewijle
1789 3215 1838 3261 nu
1861 3217 1958 3264 doch
1981 3219 2198 3270 desaecken
2219 3226 2293 3275 tot
2315 3231 2436 3280 hunne
2459 3236 2651 3286 kennisse
2674 3241 2843 3290 gecomen
2866 3246 2986 3292 zijn,
3009 3247 3105 3293 maer
3129 3242 3280 3294 anders

1157 3274 1304 3328 dunckt
1327 3283 1425 3333 mij,
1448 3289 1571 3337 onder
1593 3293 1885 3346 verpeteringh
1908 3301 1982 3348 van
2005 3304 2175 3353 wijser,
2198 3309 2345 3358 datmen
2368 3314 2418 3361 se
2440 3317 2538 3364 noch
2561 3319 2635 3367 wat
2658 3322 2852 3371 behoorde
2876 3326 2925 3372 te
2949 3327 3070 3373 laten
3094 3325 3290 3373 wachten,

1161 3353 1355 3404 terwijle
1378 3359 1476 3409 eens
1499 3365 1621 3414 onser
1643 3370 1886 3427 versoecken
1909 3383 2006 3429 mede
2029 3384 2272 3436 gedachten,
2295 3392 2417 3440 offte
2440 3396 2586 3444 immers
2610 3399 2682 3445 zoo
2706 3399 2804 3445 hier
2827 3400 2924 3447 niet
2948 3403 2998 3449 en
3020 3405 3166 3452 willen
3189 3407 3287 3453 doen

1161 3434 1232 3480 dat
1254 3436 1325 3483 men
1348 3439 1420 3486 soo
1441 3442 1560 3491 harde
1582 3447 1678 3495 niet
1698 3451 1747 3498 en
1769 3454 1863 3503 lope
1886 3459 1957 3505 als
1979 3460 2051 3507 wel
2073 3463 2216 3512 anders
2236 3469 2378 3519 sonder
2400 3475 2564 3526 evenwel
2588 3480 2681 3526 ijts
2705 3480 2798 3525 oock
2821 3480 2916 3528 in't
2938 3484 3196 3532 alderminste
3219 3486 3273 3533 te

1164 3514 1289 3562 laten
1311 3519 1532 3571 blijcken,
1555 3527 1653 3575 want
1676 3530 1847 3582 anderst
1871 3537 1946 3585 soo
1969 3540 2189 3591 jaeghden.
2213 3547 2263 3593 en
2286 3548 2556 3606 verbandense
2578 3561 2652 3607 ons
2675 3561 2773 3612 uijt
2798 3567 2920 3615 Japan
2943 3569 3017 3615 all
3042 3568 3191 3615 sondet

1169 3595 1383 3648 onderste
1407 3604 1541 3655 boven
1566 3611 1726 3664 comen,
1752 3620 1832 3666 het
1858 3622 2071 3672 toestaen
2096 3628 2177 3673 van
2202 3629 2283 3675 het
2308 3631 2469 3680 eerste
2494 3636 2654 3688 poinct
2679 3643 2732 3690 en
2759 3645 2919 3693 dehope
2944 3648 3024 3694 tot
3050 3639 3237 3692 verloff

1172 3677 1305 3726 vande
1328 3682 1436 3734 twee
1459 3691 1618 3745 andere
1641 3701 1800 3750 hebben
1824 3706 1878 3753 de
1902 3709 2033 3757 Heren
2059 3713 2112 3760 in
2137 3716 2216 3762 ons
2241 3717 2580 3773 daghregister,
2606 3728 2685 3774 het
2710 3730 2815 3776 sall
2841 3731 3102 3778 dierhalven
3128 3731 3236 3778 seer

1162 3761 1375 3814 dienstich
1395 3771 1491 3822 sijn
1512 3778 1560 3825 de
1582 3781 1747 3832 ruijmte
1769 3788 1887 3837 goede
1909 3793 2074 3842 luijden
2096 3798 2309 3851 derwaerts
2330 3807 2517 3857 gesonden
2540 3812 2681 3860 werden
2704 3816 2821 3864 opdat
2844 3819 2938 3866 door
2961 3821 3031 3866 het
3054 3811 3291 3866 opperhooft

1162 3843 1214 3890 de
1236 3847 1364 3899 beste
1387 3856 1539 3909 aldaer
1562 3865 1764 3919 gehouden
1787 3875 1839 3922 en
1862 3878 2165 3931 aengequeeckt
2188 3887 2316 3936 mogen
2338 3893 2514 3942 werden,
2539 3897 2715 3947 snedige
2739 3903 2791 3950 en
2814 3906 2940 3955 gauwe
2964 3909 3215 3955 oppassers

1159 3934 1273 3982 bijde
1294 3938 1542 3995 packhuijsz,
1562 3951 1610 3999 en
1630 3955 1789 4006 schoone
1808 3962 1989 4012 cloecke/
2010 3968 2056 4014 en
2077 3969 2280 4018 naerstige
2301 3974 2549 4027 schrijvers,
2570 3983 2639 4031 dit
2659 3987 2750 4035 jaer
2771 3990 2861 4038 sijn
2883 3993 2951 4039 wat
2972 3994 3018 4041 de
3040 3992 3264 4041 schrijvers

1158 4019 1386 4073 belanght
1412 4029 1582 4082 slecht
1609 4038 1809 4091 versien
1835 4047 2062 4097 geweest,
2090 4052 2175 4099 met
2203 4054 2317 4103 dese
2344 4059 2515 4107 fluijt
2542 4063 2657 4112 gaet
2683 4068 2740 4114 na
2768 4069 2967 4116 batavia
2994 4072 3081 4119 den

1156 4100 1489 4164 ondercoopman
1515 4119 1683 4170 wilhem
1709 4126 1931 4177 Bijlvelt
1958 4133 2042 4180 die
2068 4136 2180 4185 niet
2206 4141 2456 4190 ongenegen
2482 4145 2539 4191 is
2565 4147 2705 4196 weder
2731 4151 2787 4197 na
2814 4152 2953 4199 Japan
2978 4152 3036 4199 te
3061 4149 3205 4200 keren

1162 4182 1272 4233 will
1296 4190 1566 4252 vertrouwen
1589 4209 1698 4258 nade
1723 4214 2072 4266 gelegentheijt
2096 4223 2205 4273 daer
2230 4229 2283 4274 in
2310 4229 2445 4275 comen
2470 4231 2579 4278 magh
2603 4235 2711 4281 sall
2737 4237 2899 4287 cunnen
2924 4243 2951 4288 t
2977 4243 3193 4293 volstaen

1166 4271 1220 4319 is
1243 4276 1475 4335 michteren
1498 4292 1551 4339 en
1575 4295 1706 4346 vroet
1728 4303 1833 4352 oock
1856 4308 2036 4357 willich
2060 4313 2240 4361 genoegh
2265 4317 2317 4363 en
2342 4319 2470 4366 reeht
2495 4322 2573 4368 ons
2597 4324 2784 4375 voldaen
