3560 4937
818 415 1038 464 Julio
1081 414 1213 460 ao.
1251 414 1431 462 1646

1222 593 1323 640 bij
1352 593 1489 640 loff
1520 596 1654 643 over
1686 598 1753 645 de
1785 600 2084 652 drooghste
2115 602 2282 648 bancq
2315 601 2547 648 genaect
2580 601 2713 648 ende
2745 603 3078 660 dienvolgen
3109 616 3310 671 buyten

1212 713 1290 762 't
1327 712 1552 759 meeste
1589 713 1854 761 prijkel
1887 716 2116 766 bennen
2152 722 2303 771 waer
2340 726 2490 771 over
2528 725 2678 772 goed
2715 728 2940 777 vonden
2978 732 3166 782 heden
3203 736 3353 782 drie

1190 838 1470 885 Barcquen
1504 838 1785 886 volbyden
1819 841 1960 887 aff,
1995 842 2065 887 te
2099 843 2275 889 laden
2309 841 2451 888 omme
2484 842 2764 888 opmongen
2799 843 2869 888 na
2904 843 3152 891 beneden
3183 849 3324 896 ende

1191 958 1342 1006 Heer
1379 958 1455 1004 te
1492 953 1758 1002 senden,
1794 955 2134 1001 teneijnde
2170 956 2434 1004 deselve
2472 957 2623 1004 nogh
2659 954 2887 1002 binnen
2924 953 3000 1000 de
3037 953 3269 1003 Revier

1221 1072 1335 1118 int
1370 1073 1556 1120 Schip
1593 1072 1667 1118 te
1703 1071 1927 1117 bergen
1964 1071 2112 1117 ende
2149 1070 2484 1119 ingevolge
2520 1072 2743 1119 voorte
2779 1067 2966 1116 komen
3002 1058 3337 1111 'tprijkel

1080 1184 1209 1234 dat
1251 1186 1422 1234 daer
1464 1185 1636 1231 mede
1678 1187 1849 1234 intw
1891 1190 2148 1240 buyten
2188 1195 2361 1242 over
2402 1193 2744 1243 heevaren
2786 1190 3172 1237 onderworp
3212 1193 3299 1241 en

1123 1311 1631 1365 souden
1703 1314 2051 1368 welt

994 1430 1126 1478 adyj
1157 1430 1323 1478 res:s
1355 1428 1454 1475 d:o
1487 1428 1520 1473 s
1553 1428 1783 1476 morgens
1815 1431 2111 1480 voordaegh
2144 1435 2342 1485 sonden
2373 1440 2441 1486 op
2472 1440 2671 1487 gister
2703 1441 2999 1487 namiddagh
3031 1442 3364 1490 affgeladen

1107 1555 1147 1602 3
1184 1552 1493 1601 barcques
1531 1552 1879 1598 nabeneden
1917 1553 2033 1598 met
2071 1552 2225 1599 337:
2264 1554 2495 1600 packen
2533 1555 2726 1603 byden
2764 1557 2804 1603 &
2842 1554 3150 1601 Stoffen,
3182 1550 3346 1599 mits

1139 1677 1393 1730 „gaders
1429 1675 1574 1722 twee
1609 1674 1827 1721 Cassen
1862 1670 2190 1719 Geelinght
2225 1670 2372 1718 ende
2407 1673 2552 1719 Chis
2589 1668 2770 1719 onder
2806 1665 3096 1712 opsighte
3132 1659 3352 1711 vanden

1186 1797 1379 1851 onder
1415 1793 1684 1841 Coopman
1722 1789 2066 1838 alexander
2104 1788 2219 1834 van
2257 1788 2524 1834 harten,
2562 1786 2792 1834 nevens
2829 1781 3021 1830 ordre
3058 1778 3326 1827 deselve

1218 1922 1463 1971 aendih
1504 1921 1708 1967 aende
1747 1916 1911 1966 heer
1952 1914 2115 1961 over
2151 1913 2237 1961 te
2277 1910 2563 1958 Schepen
2600 1910 2726 1959 soo
2765 1908 2888 1954 hem
2928 1899 3174 1952 binnen
3212 1889 3296 1941 de

1156 2045 1362 2095 kemer
1402 2039 1566 2089 nogh
1607 2035 1853 2084 vondto
1893 2033 2017 2080 des
2057 2030 2344 2076 neenaen
2382 2026 2753 2077 hillegers
2793 2022 3040 2071 bergh,
3080 2014 3326 2067 welcke

1195 2172 1348 2225 nogh
1386 2170 1538 2217 niet
1574 2167 1994 2215 buytenwesen
2031 2170 2146 2216 can
2182 2170 2335 2218 ende
2372 2167 2792 2217 dienvolgend
2829 2157 3172 2211 naderhand
3209 2151 3368 2201 twed

1159 2306 1408 2352 buijten
1444 2304 1693 2351 comende
1729 2303 1836 2349 d:o
1870 2299 2156 2348 goederen
2191 2299 2334 2346 ende
2369 2301 2512 2346 beer
2547 2300 2619 2346 te
2654 2295 2832 2344 laten
2865 2280 3367 2339 transbarcqune.

1185 2432 1337 2480 „ren
1375 2431 1527 2478 ende
1562 2428 1717 2475 omme
1753 2427 1868 2474 van
1906 2427 2096 2474 allen
2133 2428 2438 2474 'twelcke
2475 2427 2855 2476 behoorlijk
2892 2420 3312 2471 verwittinge

1140 2569 1224 2618 te
1263 2564 1469 2613 mogen
1508 2560 1836 2610 bekomen,
1875 2557 2409 2605 bleeffwijders
2450 2556 2942 2603 g'ordonneert
2982 2557 3065 2603 op
3105 2559 3228 2606 den

1227 2699 1395 2746 hoeck
1428 2701 1629 2747 vanden
1663 2700 1864 2747 eerste
1896 2698 1998 2745 tol
2031 2696 2132 2743 een
2164 2692 2535 2740 Joncquinder
2567 2694 2634 2739 op
2668 2691 2768 2739 ons
2801 2690 2835 2736 (
2869 2686 2969 2735 met
3002 2684 3070 2730 de
3103 2683 3371 2732 bancquen

1220 2830 1436 2882 ultimo
1471 2827 1651 2875 deser
1686 2828 1794 2874 ten
1830 2828 2117 2878 langhste
2150 2827 2224 2875 te
2258 2822 2510 2870 volgen)
2546 2822 2618 2868 te
2651 2816 2941 2866 passeren
2976 2816 3084 2862 als
3119 2810 3370 2860 wanneer

1209 2954 1586 3008 vernemende
1624 2951 1888 2999 deselve
1926 2951 2153 2997 buyten
2191 2950 2417 2997 bennes
2455 2950 2758 2999 dienwegh
2791 2950 3021 3000 souden
3059 2949 3324 2996 inslaen

1213 3080 1383 3132 omme
1424 3076 1635 3124 onder
1677 3073 1805 3120 den
1846 3075 2057 3122 hoorn
2097 3077 2352 3125 achter
2393 3079 2521 3128 den
2562 3084 2815 3130 tygers
2857 3083 3068 3129 hoeck
3110 3084 3326 3131 uytte

1231 3215 1406 3262 lopen
1439 3207 1615 3260 daert
1649 3205 1860 3251 anders
1894 3204 2069 3252 recht
2103 3206 2243 3252 door
2278 3207 2453 3254 laten
2486 3210 2661 3261 staen
2696 3214 2906 3261 sullen
2940 3215 3011 3261 om
3045 3216 3116 3263 de
3149 3218 3363 3270 goede„

1190 3349 1336 3403 „ren
1368 3340 1480 3392 die
1514 3332 1661 3384 nogh
1696 3330 1843 3378 mede
1877 3334 2059 3381 staen
2095 3336 2204 3383 aff
2239 3338 2313 3384 te
2348 3337 2601 3386 brengen
2637 3335 2855 3382 binnen
2891 3338 2963 3385 de
2999 3340 3217 3389 Revier
3252 3344 3325 3390 te

1218 3481 1591 3537 Schepen

955 3613 1304 3667 Weijnigh
1345 3614 1521 3662 voor
1564 3617 1868 3669 middagh
1911 3620 2171 3666 werden
2214 3621 2389 3669 door
2425 3614 2561 3669 den
2605 3611 2865 3659 Capado
2908 3609 3301 3660 ongadingh

1153 3750 1235 3796 op
1274 3747 1397 3795 ons
1436 3745 1763 3793 versoecq
1803 3744 1885 3790 te
1925 3738 2088 3789 hove
2128 3734 2495 3782 ontboden:
2534 3732 2698 3781 omme
2735 3728 2861 3776 den
2899 3715 3349 3770 Coningswoor

1159 3873 1248 3922 de
1291 3867 1598 3915 laetste
1639 3864 1817 3912 mael
1860 3862 1948 3908 te
1991 3852 2431 3906 Sombaeijen
2473 3855 2649 3903 ende
2692 3851 3130 3902 affscheijt
3172 3846 3307 3896 te—

1208 3991 1462 4039 nemen,
1505 3991 1717 4039 edogh
1757 3977 2268 4036 tevergeeffs,
2309 3972 2480 4021 want
2522 3970 2692 4017 inde
2732 3964 3159 4015 Cancelerie
3201 3964 3329 4011 ge„

1182 4113 1443 4164 „komnen
1481 4111 1742 4158 wesende
1780 4110 1892 4156 ons
1928 4102 2154 4154 aldaer
2190 4097 2415 4146 eenige
2452 4094 2602 4142 tyjt
2639 4086 3050 4138 vruchteloos
3086 4077 3350 4130 wachten

2991 4214 3248 4265 liet

611 281 869 352 Julio
917 271 1074 321 ao.
1123 266 1333 316 1646

2490 430 2540 476 1
