3703 4828
1104 582 1285 640 July
1324 567 1505 623 1646

1399 667 1554 715 daerby
1579 670 1707 715 onder
1733 669 1913 715 anderen
1938 667 2143 715 vernemen
2169 667 2246 713 hoe
2269 667 2348 713 dat
2374 666 2476 712 door
2502 666 2553 711 d'
2579 665 2912 712 trouwloosheyt
2937 667 3040 713 ende
3064 667 3374 717 flauhertich.
3398 670 3425 718 t

1392 756 1474 803 van
1501 758 1830 807 s'Compagnies
1857 760 2103 807 dienaeren
2130 760 2241 806 noch
2266 760 2623 807 verderschaede
2650 762 2705 807 en
2732 762 2924 811 schande
2951 766 3252 812 overgecomen
3278 765 3365 812 was

1389 854 1578 901 waerbij
1603 858 1656 903 't
1683 856 1791 903 goet
1814 858 1975 904 betert
2002 859 2109 904 noch
2134 857 2242 903 niet
2268 858 2322 904 en
2348 859 2428 904 was
2455 858 2668 905 gebleven
2694 858 2801 903 maer
2827 858 2988 904 hebben
3013 859 3200 905 eenigen
3226 856 3333 904 tijt

1387 956 1602 1002 daernaer
1627 956 1682 1002 d'
1708 957 1816 1003 onse
1842 958 2057 1003 seeckere
2084 957 2244 1004 andere
2271 959 2539 1008 besettingh
2566 963 2619 1008 in
2646 960 2807 1008 Chisoa
2834 957 3048 1005 weijnich
3075 958 3235 1004 mijlen
3259 956 3397 1004 Boven

1386 1060 1597 1106 Negombo
1626 1061 1806 1106 ttercq
1836 1061 1896 1106 60
1926 1061 2106 1109 Coppen
2136 1062 2257 1108 haer
2287 1062 2407 1107 mede
2437 1062 2768 1109 sonderslagh
2797 1064 2917 1110 ofte
2947 1064 3157 1110 stoodt,
3186 1059 3308 1108 ende

1376 1171 1545 1218 buyten
1572 1173 1768 1219 gebreek
1795 1174 1880 1221 van
1907 1175 2075 1222 eenige
2102 1174 2493 1223 noodlijckheden
2521 1177 2689 1223 aenden
2717 1176 2914 1223 Coninck
2940 1175 3248 1224 overgegeven

1388 1285 1445 1332 op
1472 1285 1556 1330 wat
1584 1285 1806 1331 Conditie
1834 1285 1973 1330 hadde
2000 1285 2112 1331 sijn
2139 1287 2196 1333 E.
2222 1289 2306 1336 tot
2333 1290 2446 1337 noch
2473 1292 2585 1339 niet
2611 1293 2863 1340 verstaen,
2889 1292 3001 1340 maer
3029 1291 3168 1337 wierd
3195 1291 3224 1337 t
3251 1292 3456 1345 geseght

1380 1398 1435 1446 al
1462 1397 1650 1443 t'samen
1676 1397 1784 1443 naer
1810 1398 1944 1443 boven
1971 1398 2078 1443 in't
2105 1398 2347 1448 geberchte
2373 1404 2615 1451 vervoerst
2640 1406 2775 1453 sijn,
2801 1406 2882 1451 met
2909 1406 3070 1452 welcke
3096 1407 3339 1454 voordelen

1379 1517 1435 1564 op
1461 1514 1545 1561 ons
1572 1512 1738 1558 gehadt
1765 1510 1849 1556 den
1875 1509 2068 1556 Coninck
2096 1510 2372 1560 haijasinga
2398 1515 2482 1561 dan
2509 1517 2592 1563 soo
2619 1519 2839 1565 glorieux
2867 1520 2978 1567 ende
3004 1521 3337 1569 hoochmoedich

1373 1626 1589 1679 geworden
1616 1626 1696 1672 Is,
1722 1624 1802 1670 dat
1829 1624 1882 1670 na
1909 1625 2016 1671 geen
2042 1626 2602 1679 Vredeluijsterendebil,
2628 1634 2682 1679 of
2708 1635 2948 1681 begeere't
2975 1636 3161 1683 alvoren
3188 1636 3428 1683 restitute

1374 1738 1512 1784 vande
1539 1738 1786 1785 fortretse
1814 1739 2006 1785 negombo
2034 1739 2198 1786 daerd'
2226 1741 2336 1787 onse
2363 1742 2475 1790 niet
2501 1746 2583 1792 toe
2611 1747 2776 1794 cunnen
2803 1750 3050 1797 verstaen,
3078 1738 3408 1796 vertrouwende

1365 1849 1447 1897 dan
1474 1849 1582 1894 noch
1608 1850 1662 1896 al
1688 1851 1795 1897 even
1822 1852 1902 1898 nae
1929 1853 2009 1899 met
2036 1854 2117 1900 hem
2142 1855 2277 1901 soude
2303 1856 2465 1905 wesen,
2489 1860 2598 1906 sijn
2624 1861 2892 1907 veldtleger
2919 1860 3053 1906 Bleef
3079 1861 3187 1907 niet
3213 1861 3389 1908 alleen

1371 1959 1621 2006 omtrendt
1650 1958 1869 2004 Negombo
1899 1958 2087 2006 leggen
2117 1962 2180 2009 en
2210 1965 2460 2015 d'landen
2490 1970 2615 2017 daer
2645 1972 2895 2022 houdtsom
2924 1973 3267 2023 verwoesten,
3296 1968 3422 2017 omme

1360 2068 1528 2115 d'onse
1555 2069 1639 2114 met
1667 2069 1751 2115 dat
1778 2070 1946 2117 middel
1974 2072 2086 2119 alle
2113 2075 2337 2125 Vruchten
2363 2081 2420 2129 t'
2447 2085 2726 2135 ontsetten,
2753 2088 2866 2134 maer
2894 2088 3200 2136 onderstondt
3228 2087 3425 2136 'tselve

1365 2171 1477 2218 mede
1506 2171 1618 2218 Jnde
1646 2173 1928 2222 quartieren
1956 2178 2040 2225 van
2068 2179 2210 2229 Caele
2236 2184 2295 2232 Im
2321 2188 2463 2236 wercq
2489 2192 2547 2239 te
2574 2194 2800 2242 stellen,
2827 2195 3053 2243 hebbende
3081 2198 3165 2243 tot
3193 2198 3306 2243 dien

1369 2274 1501 2322 eynde
1527 2274 1712 2320 seecker
1737 2275 2053 2328 landtoverste
2078 2283 2158 2331 met
2183 2286 2499 2342 crijgstvolcq
2524 2297 2787 2348 afgesonden
2813 2302 2866 2348 om
2891 2303 2971 2349 hem
2997 2304 3207 2351 d'landen
3233 2304 3339 2351 daer

1361 2384 1584 2432 omtrendt
1611 2383 1805 2429 gelegen
1833 2383 1945 2429 mede
1971 2384 2277 2437 onderhorigh
2304 2393 2361 2440 t'
2387 2396 2609 2447 maecken,
2636 2402 2831 2450 gelijck
2858 2406 2941 2452 dan
2968 2406 3079 2453 mede
3107 2406 3276 2454 eenige

1366 2490 1588 2539 afgelegen
1612 2487 1810 2534 plaetsen
1834 2487 1983 2534 gedaen
2007 2490 2132 2538 hadde
2155 2494 2254 2542 uijt
2278 2497 2427 2546 vreese
2451 2502 2600 2550 d'onse
2623 2506 2722 2553 haer
2747 2508 2847 2554 niet
2870 2510 2994 2557 soude
3018 2511 3167 2557 Cunnen
3190 2505 3438 2557 beschermen

1359 2595 1598 2649 aengesien
1624 2595 1703 2640 den
1729 2594 1889 2640 groten
1914 2595 2125 2644 afbreucq
2151 2599 2231 2645 van
2257 2601 2390 2649 volcq
2415 2605 2522 2652 door
2546 2608 2627 2656 hem
2652 2612 2705 2658 t'
2731 2613 2890 2661 sedert
2915 2616 3102 2665 Cleynen
3126 2622 3206 2668 tyt
3227 2620 3259 2668 s

1349 2706 1599 2763 herwaerdts
1624 2703 1821 2751 geleden,
1846 2702 1920 2748 die
1944 2703 2068 2749 snder
2092 2704 2216 2751 daedt
2240 2707 2339 2755 niet
2363 2710 2513 2760 cleyjn
2535 2716 2709 2768 sijnde,
2733 2724 2832 2771 door
2856 2726 2906 2772 d'
2930 2728 3177 2777 portugesen
3201 2731 3301 2779 noch

1355 2813 1523 2864 groter
1549 2810 1771 2857 gemaeckt
1798 2812 1991 2858 wierdt,
2019 2813 2074 2859 om
2102 2814 2157 2859 d'
2184 2814 2295 2862 onse
2322 2817 2571 2870 teenemael
2598 2826 2653 2871 in
2680 2826 3041 2880 versmadenisse
3067 2836 3123 2883 te
3149 2839 3373 2892 brengen,

1342 2920 1420 2970 het
1443 2916 1570 2963 welcq
1594 2915 1670 2960 soo
1694 2914 1820 2960 verre
1845 2915 2021 2962 gecomen
2045 2918 2121 2965 was
2145 2921 2220 2968 dat
2245 2923 2296 2969 d'
2320 2925 2571 2975 ngesetenen
2595 2931 2697 2979 over
2720 2935 2970 2984 albegonnen
2995 2939 3047 2985 te
3070 2941 3298 2996 verloopen

1349 3021 1445 3069 ende
1469 3021 1658 3066 haerinde
1682 3021 1824 3067 bossen
1847 3023 1896 3070 te
1918 3026 2155 3077 verbergen,
2178 3032 2250 3078 soo
2272 3033 2344 3081 dat
2367 3036 2604 3085 geschorpen
2627 3039 2770 3086 stondt
2793 3042 2864 3087 uyt
2887 3043 2958 3088 dit
2982 3043 3195 3090 districkt
3218 3044 3290 3091 dit
3312 3045 3412 3091 haer

1350 3119 1481 3169 alsoo
1507 3118 1716 3164 weijnich
1740 3120 1898 3168 Caneel
1923 3124 2131 3174 gewonnen
2156 3129 2287 3177 soude
2312 3132 2417 3180 sijn
2442 3136 2650 3183 geworden
2676 3138 2755 3184 als
2780 3140 2988 3187 omtrendt
3014 3141 3196 3188 Negombo
3221 3140 3300 3186 ten

1321 3227 1441 3275 waere
1463 3222 1513 3271 d'
1536 3218 1680 3264 Caneel
1704 3218 1920 3268 schelders
1943 3223 1992 3269 in
2015 3225 2136 3272 tijts
2159 3228 2231 3274 met
2255 3230 2375 3277 haere
2398 3233 2590 3281 famielie
2614 3235 2710 3281 ende
2733 3235 2925 3282 kinderen
2949 3237 3093 3283 binnen
3117 3236 3391 3285 d'fortresse

1338 3327 1461 3374 gaele
1485 3323 1607 3371 hadde
1631 3321 1876 3367 getrocken,
1899 3322 1998 3367 ende
2021 3323 2070 3368 d'
2094 3323 2265 3370 schepen
2290 3325 2533 3374 Amsterdam,
2557 3329 2729 3376 schedam
2753 3329 2801 3374 en
2826 3329 2972 3375 Bergen
2996 3329 3045 3375 op
3069 3329 3143 3374 den
3166 3328 3290 3374 soom

1338 3429 1411 3476 10.
1436 3428 1486 3476 en
1507 3423 1583 3472 11.
1607 3422 1632 3467 e
1654 3419 1780 3467 Iunij
1803 3419 1877 3465 ter
1901 3419 2048 3464 goeder
2073 3419 2172 3465 uijt
2195 3420 2269 3466 uyt
2293 3420 2440 3466 parsia
2465 3421 2613 3467 binnen
2636 3421 2759 3468 gales
2784 3421 2906 3467 Badij
2930 3420 3176 3466 Verschenen
3199 3419 3349 3466 Waeren

1330 3555 1394 3606 P.
1423 3552 1455 3598 r
1484 3551 1545 3596 't
1574 3549 1726 3595 sacht
1756 3548 1937 3594 Bergen
1967 3548 2208 3593 voornomt
2238 3548 2419 3594 hadden
2448 3548 2510 3594 d'
2540 3548 2661 3595 onse
2690 3547 2781 3593 100
2811 3546 2992 3592 lasten
3022 3543 3325 3591 suratschen

1336 3645 1445 3694 rijs
1471 3640 1662 3691 becomen
1688 3639 1905 3684 costende
1932 3639 2013 3684 met
2040 3638 2311 3684 d'ongelden
2338 3639 2419 3685 tot
2445 3639 2608 3686 parsia
2635 3641 2798 3688 alwaer
2824 3642 2907 3687 met
2933 3643 3014 3688 een
3041 3642 3204 3688 moorst
3231 3643 3367 3689 racht

1326 3734 1609 3785 scheepken
1639 3733 1734 3779 was
1764 3732 2110 3780 aengelanght
2203 3738 2398 3787 9617,

1284 3850 1312 3896 7
1337 3847 1393 3895 en
1415 3843 1445 3890 8
1470 3839 1552 3887 d:o
1578 3833 1686 3883 niet
1711 3825 2060 3877 remarcquoeels
2086 3825 2407 3871 voorgevallen

1209 3981 1269 4030 An
1289 3973 1324 4021 9
1348 3967 1408 4016 d.
1433 3964 1464 4011 o
1489 3953 1716 4007 smergens
1744 3947 1969 3998 omtrenet
1997 3946 2025 3992 9
2052 3943 2222 3990 uijren
2250 3943 2306 3988 Ho
2334 3942 2391 3988 d'
2418 3940 2476 3986 E.
2503 3942 2588 3988 H:r
2616 3942 2897 3989 Gouverneur
2925 3944 3094 3989 Arnold
3122 3943 3332 3991 Beutsen

1332 4048 1414 4096 met
1439 4040 1763 4092 Communicatie
1789 4038 1897 4085 ende
1923 4035 2031 4082 mede
2055 4032 2166 4080 goet
2192 4029 2354 4076 vinden
2380 4030 2541 4076 vanden
2568 4030 2703 4075 raedt
2729 4031 2891 4076 naer't
2916 4028 3051 4076 schip
3078 4023 3294 4073 Schiedam

1332 4128 1585 4184 gevaeren,
1611 4125 1724 4172 omme
1751 4124 1835 4170 met
1863 4124 1919 4169 't
1947 4124 2086 4170 selve
2114 4124 2226 4169 naer
2251 4122 2561 4169 masulipatam
2588 4123 2644 4168 te
2671 4122 2978 4169 vertrecken,
3003 4115 3118 4167 ende
3144 4106 3314 4159 aldaer

1320 4223 1424 4270 ende
1449 4220 1605 4267 visite
1629 4219 1759 4267 wegen
1784 4219 1836 4264 s'
1861 4216 2119 4263 Compagnies
2145 4215 2377 4261 ommeslagh
2402 4216 2454 4261 en
2479 4215 2686 4261 Nlegotie
2711 4213 2763 4260 te
2788 4210 2918 4258 doen,
2943 4202 3149 4254 werdende
3174 4193 3304 4246 vande

3000 4300 3237 4355 vrunden
