<?xml version="1.0" encoding="UTF-8"?>
<PcGts xmlns="http://schema.primaresearch.org/PAGE/gts/pagecontent/2013-07-15">
  <Metadata externalRef="8b749e37-5cb4-4e7c-b814-cb1a95c45c53">
    <Creator>Laypa</Creator>
    <Created>2023-09-08T02:20:12</Created>
    <LastChange>2023-09-08T03:38:20</LastChange>
    <Comment>license: CC0</Comment>
    <MetadataItem type="processingStep" name="layout-analysis" value="laypa">
      <Labels>
        <Label value="228a7d24385cff0e51687c00d0e65a2c2a9703d5" type="githash"/>
        <Label value="61334eb4-edff-4af5-b036-b5927f35bbcf" type="uuid"/>
        <Label value="https://hdl.handle.net/10622/VMSCBR" type="laypamodelremote"/>
      </Labels>
    </MetadataItem>
    <MetadataItem type="processingStep" name="region-analysis" value="laypa">
      <Labels>
        <Label value="0a3442b4-835c-44bc-9115-3fd08263a5dc" type="uuid"/>
        <Label value="https://hdl.handle.net/10622/DMAS2T" type="laypamodelremote"/>
      </Labels>
    </MetadataItem>
    <MetadataItem type="processingStep" name="htr" value="loghi-htr">
      <Labels>
        <Label value="9efb3e0ff4338dc6e07d110ac4d435f27f5b0e16&#10;" type="githash"/>
        <Label value="3a9bdaa3-493c-483e-bbb2-f51961b8e5a0" type="uuid"/>
        <Label value="64" type="batch_size"/>
        <Label value="https://hdl.handle.net/10622/X2JZYY" type="loghihtrmodelremote"/>
      </Labels>
    </MetadataItem>
    <MetadataItem type="processingStep" name="word-splitting" value="loghi-htr-tooling"/>
    <MetadataItem type="other" name="dataset" value="https://hdl.handle.net/10622/LVXSBW">
      <Labels>
        <Label value="VOC transcriptions v2 - GLOBALISE" type="name"/>
        <Label value="Dataset in pagexml and txt format, including data card." type="description"/>
        <Label value="https://globalise.huygens.knaw.nl/" type="creator"/>
        <Label value="https://hdl.handle.net/10622/LVXSBW" type="url"/>
      </Labels>
    </MetadataItem>
  </Metadata>
  <Page imageFilename="NL-HaNA_1.04.02_1161_0956.jpg" imageWidth="3724" imageHeight="4773">
    <ReadingOrder>
      <OrderedGroup id="orderedgroup_1a80ffee-612f-4b22-9f61-cf1353c2e9a9">
        <RegionRefIndexed index="0" regionRef="region_fe4f1c3f-5a9c-4513-92de-b54826e78848_8"/>
        <RegionRefIndexed index="1" regionRef="region_7c24fe46-843c-4a68-a389-daaa94a3022f_7"/>
        <RegionRefIndexed index="2" regionRef="region_52a8c85d-ad77-4d13-b142-44a6c5cb8d26_5"/>
        <RegionRefIndexed index="3" regionRef="region_c63192f4-511e-4cad-be02-da7bcd2de62b_4"/>
        <RegionRefIndexed index="4" regionRef="region_7305148c-9c70-4e12-8271-55104f3c7e1c_1"/>
        <RegionRefIndexed index="5" regionRef="region_8e456997-0b74-42ff-9cfc-703d32eca6cc_2"/>
        <RegionRefIndexed index="6" regionRef="region_348d0c21-43cd-449d-b44f-7ea7e7900fa5_3"/>
        <RegionRefIndexed index="7" regionRef="region_aa2efb0b-1d80-452a-957e-a5165ecfc9d9_6"/>
        <RegionRefIndexed index="8" regionRef="c9960a2e-0369-46f1-af9d-f35c0ce7bbda"/>
      </OrderedGroup>
    </ReadingOrder>
    <TextRegion id="region_fe4f1c3f-5a9c-4513-92de-b54826e78848_8" custom="structure {type:header;}">
      <Coords points="1364,717 1367,720 1367,728 1371,731 1371,735 1375,735 1378,739 1400,739 1404,735 1411,735 1415,731 1418,731 1422,735 1429,735 1433,739 1462,739 1466,735 1469,735 1480,724 1484,724 1491,717 1502,717 1506,720 1509,720 1513,724 1542,724 1538,724 1535,720 1524,720 1520,717 1458,717 1455,713 1378,713 1375,717"/>
    </TextRegion>
    <TextRegion id="region_7c24fe46-843c-4a68-a389-daaa94a3022f_7" custom="structure {type:paragraph;}">
      <Coords points="1160,731 1164,735 1167,735 1171,739 1186,739 1193,746 1211,746 1215,749 1247,749 1251,746 1295,746 1298,742 1338,742 1342,739 1375,739 1371,739 1367,735 1367,731 1364,728 1364,720 1262,720 1258,717 1215,717 1211,720 1196,720 1193,724 1186,724 1182,728 1167,728 1164,731"/>
    </TextRegion>
    <TextRegion id="region_52a8c85d-ad77-4d13-b142-44a6c5cb8d26_5" custom="structure {type:paragraph;}">
      <Coords points="3440,986 3429,964 3411,946 3382,935 3208,935 3204,931 3149,931 3146,935 2953,935 2942,931 2938,935 2866,935 2862,939 2786,942 2782,946 2480,946 2477,950 2084,953 2080,957 1873,957 1869,953 1829,953 1826,950 1764,950 1742,957 1618,957 1615,960 1575,960 1571,964 1517,964 1513,968 1455,971 1426,979 1404,979 1400,975 1389,979 1313,957 1258,957 1247,964 1240,979 1244,1040 1236,1062 1236,1113 1244,1131 1244,1182 1258,1237 1247,1281 1247,1299 1251,1302 1247,1346 1255,1375 1284,1422 1306,1444 1331,1448 1342,1441 1375,1433 1418,1412 1447,1412 1451,1408 1473,1408 1477,1404 1546,1397 1549,1393 1582,1393 1593,1397 1597,1393 1629,1393 1633,1390 1797,1390 1800,1386 1967,1386 1971,1390 1975,1386 1989,1386 1993,1390 2015,1390 2018,1386 2066,1386 2069,1382 2102,1382 2106,1379 2146,1375 2164,1368 2182,1368 2197,1361 2218,1361 2233,1353 2247,1353 2284,1342 2295,1331 2295,1313 2273,1299 2277,1284 2262,1273 2273,1262 2328,1266 2342,1273 2357,1273 2360,1270 2408,1266 2426,1259 2502,1251 2506,1248 2713,1251 2717,1248 2760,1248 2764,1244 2793,1244 2797,1241 2906,1237 2909,1233 3015,1226 3018,1222 3411,1226 3437,1215 3448,1197 3448,1179 3437,1146"/>
      <TextLine id="d7195251-e0a1-4866-b35c-9bb7ce5e1d5b">
        <Coords points="2301,880 2347,885 2371,869 2395,868 2463,877 2496,869 2603,881 2723,876 2743,885 2867,884 2879,896 2895,893 2918,916 2951,925 2991,925 3003,913 3147,904 3171,916 3215,920 3335,920 3358,940 3395,931 3460,934 3460,1000 3439,994 3416,1010 3395,1014 3363,1014 3352,1006 3315,1014 3215,1002 3192,1021 3131,1022 3123,1030 3071,1026 3055,1034 3003,1038 2919,1038 2912,1045 2871,1033 2835,1033 2791,1034 2751,1046 2727,1029 2701,1041 2683,1025 2647,1038 2615,1037 2599,1026 2567,1044 2547,1038 2507,1045 2499,1037 2395,1042 2343,1069 2301,1069"/>
        <Baseline points="2333,1038 2383,1032 2433,1027 2483,1022 2533,1018 2583,1017 2633,1016 2683,1015 2733,1013 2783,1010 2833,1007 2883,1005 2933,1002 2983,999 3033,995 3083,990 3133,988 3183,987 3233,985 3283,984 3333,985 3383,986 3429,984"/>
        <Word id="word_bb323583-eaaa-482c-aef4-08d1786208b4">
          <Coords points="2329,1003 2379,997 2430,992 2472,988 2476,1033 2434,1037 2384,1042 2334,1048"/>
          <TextEquiv>
            <Unicode>Mot</Unicode>
          </TextEquiv>
        </Word>
        <Word id="word_c461dd7b-37d2-464b-894c-3291034fdc96">
          <Coords points="2523,983 2533,983 2582,982 2632,981 2665,980 2666,1025 2633,1026 2583,1027 2533,1028 2523,1028"/>
          <TextEquiv>
            <Unicode>wat</Unicode>
          </TextEquiv>
        </Word>
        <Word id="word_d731e2c4-8929-406c-b3f8-697d08b1ca6a">
          <Coords points="2711,979 2730,978 2781,975 2831,972 2882,970 2931,967 2950,966 2953,1011 2934,1012 2883,1015 2834,1017 2784,1020 2734,1023 2715,1024"/>
          <TextEquiv>
            <Unicode>weder</Unicode>
          </TextEquiv>
        </Word>
        <Word id="word_55dd4d84-831f-4649-b502-6b28390dd632">
          <Coords points="2997,963 3030,960 3080,955 3132,953 3182,952 3189,952 3191,997 3183,997 3133,998 3084,1000 3034,1005 3001,1008"/>
          <TextEquiv>
            <Unicode>ende</Unicode>
          </TextEquiv>
        </Word>
        <Word id="word_307d6e01-b9e6-4517-8407-da73384eb1eb">
          <Coords points="3237,950 3282,949 3334,950 3384,951 3427,949 3429,994 3383,996 3333,995 3283,994 3238,995"/>
          <TextEquiv>
            <Unicode>wint</Unicode>
          </TextEquiv>
        </Word>
        <TextEquiv conf="0.8379778102175987">
          <Unicode>Mot wat weder ende wint</Unicode>
        </TextEquiv>
        <TextStyle xHeight="47"/>
      </TextLine>
      <TextLine id="line_456eea58-768a-4fbe-a48d-ae2249b819ad">
        <Coords points="1218,906 1268,905 1288,914 1331,909 1371,938 1492,942 1548,933 1580,941 1612,970 1632,962 1775,962 1795,942 1847,937 1868,938 1895,961 2011,961 2019,969 2075,969 2095,982 2196,964 2196,1030 2185,1027 2130,1063 2083,1050 2044,1024 2027,1028 1985,1059 1941,1059 1906,1042 1780,1036 1723,1088 1703,1091 1681,1083 1659,1062 1632,1062 1612,1043 1597,1051 1540,1047 1492,1055 1468,1075 1419,1074 1394,1051 1379,1054 1357,1040 1316,1047 1308,1055 1292,1050 1276,1059 1218,1058"/>
        <Baseline points="1250,1029 1300,1030 1350,1030 1400,1031 1450,1030 1500,1030 1550,1030 1600,1031 1650,1031 1700,1029 1750,1026 1800,1027 1850,1026 1900,1025 1950,1022 2000,1019 2050,1017 2100,1016 2150,1018 2165,1014"/>
        <Word id="word_6a3c4715-6e5f-4079-9325-d9c173d1779f">
          <Coords points="1251,994 1301,995 1350,995 1401,996 1449,995 1500,995 1550,995 1601,996 1650,996 1687,995 1688,1039 1650,1041 1600,1041 1550,1040 1500,1040 1450,1040 1400,1041 1350,1040 1300,1040 1250,1039"/>
          <TextEquiv>
            <Unicode>responderen</Unicode>
          </TextEquiv>
        </Word>
        <Word id="word_e8e236bb-5a3b-4e4d-83b5-a10d476bfb65">
          <Coords points="1725,993 1747,991 1801,992 1846,991 1847,1036 1800,1037 1751,1036 1729,1038"/>
          <TextEquiv>
            <Unicode>gel</Unicode>
          </TextEquiv>
        </Word>
        <Word id="word_953e0c27-1dbf-4460-98bc-b15ad7fac39b">
          <Coords points="1886,990 1899,990 1948,987 1998,984 2049,982 2099,981 2151,983 2156,980 2168,1024 2150,1028 2100,1026 2050,1027 2001,1029 1951,1032 1900,1035 1887,1035"/>
          <TextEquiv>
            <Unicode>dencker</Unicode>
          </TextEquiv>
        </Word>
        <TextEquiv conf="0.926965580206725">
          <Unicode>responderen gel dencker</Unicode>
        </TextEquiv>
        <TextStyle xHeight="37"/>
      </TextLine>
      <TextLine id="line_8e348ae8-f1fb-482a-ab59-aa3615f5ae58">
        <Coords points="2304,1059 2316,1050 2375,1054 2398,1039 2426,1038 2505,1038 2514,1046 2530,1042 2542,1054 2558,1038 2571,1042 2593,1027 2641,1042 2702,1042 2728,1027 2753,1043 2793,1035 2874,1035 2909,1043 3005,1039 3013,1032 3112,1032 3133,1020 3225,1016 3240,1007 3324,1015 3360,1050 3384,1050 3396,1058 3428,1059 3453,1046 3453,1113 3415,1118 3404,1111 3389,1126 3364,1131 3196,1118 3160,1139 3128,1122 3013,1111 2981,1143 2865,1139 2857,1147 2805,1147 2797,1155 2717,1150 2681,1159 2669,1171 2653,1166 2621,1134 2589,1146 2538,1134 2521,1143 2438,1139 2382,1183 2346,1182 2334,1170 2304,1171"/>
        <Baseline points="2336,1128 2386,1128 2436,1127 2486,1127 2536,1124 2586,1123 2636,1121 2686,1119 2736,1117 2786,1116 2836,1114 2886,1108 2936,1104 2986,1103 3036,1101 3086,1099 3136,1096 3186,1094 3236,1094 3286,1093 3336,1094 3386,1095 3422,1097"/>
        <Word id="word_21396eb9-41fd-4926-b9eb-b7b37e338ae6">
          <Coords points="2336,1093 2386,1093 2435,1092 2486,1092 2509,1091 2512,1135 2486,1137 2436,1137 2386,1138 2336,1138"/>
          <TextEquiv>
            <Unicode>Jacht</Unicode>
          </TextEquiv>
        </Word>
        <Word id="word_fcde6450-a7f3-494c-81dc-24f2b46655c1">
          <Coords points="2546,1088 2586,1088 2635,1086 2685,1084 2735,1082 2756,1082 2757,1127 2736,1127 2686,1129 2636,1131 2586,1133 2546,1133"/>
          <TextEquiv>
            <Unicode>hebben</Unicode>
          </TextEquiv>
        </Word>
        <Word id="word_0aae11b5-40b0-4f1c-abef-c43173757636">
          <Coords points="2790,1081 2835,1079 2882,1073 2933,1069 2985,1068 3035,1066 3085,1064 3104,1063 3107,1108 3086,1109 3036,1111 2986,1113 2937,1114 2887,1118 2836,1124 2792,1126"/>
          <TextEquiv>
            <Unicode>verseylt,</Unicode>
          </TextEquiv>
        </Word>
        <Word id="word_7721da2b-19ca-4f10-97f6-9be650139425">
          <Coords points="3140,1061 3185,1059 3212,1059 3212,1104 3186,1104 3142,1106"/>
          <TextEquiv>
            <Unicode>te</Unicode>
          </TextEquiv>
        </Word>
        <Word id="word_65d01fda-f04e-46d3-810a-bbbe1013dbc0">
          <Coords points="3246,1059 3285,1058 3337,1059 3387,1060 3424,1062 3421,1107 3386,1105 3336,1104 3286,1103 3247,1104"/>
          <TextEquiv>
            <Unicode>weten</Unicode>
          </TextEquiv>
        </Word>
        <TextEquiv conf="0.895503401677057">
          <Unicode>Jacht hebben verseylt, te weten</Unicode>
        </TextEquiv>
        <TextStyle xHeight="39"/>
      </TextLine>
      <TextLine id="line_409d41ad-08a0-4ec5-a081-70876353351e">
        <Coords points="1220,1055 1253,1036 1302,1056 1345,1043 1363,1059 1387,1048 1415,1071 1473,1076 1509,1040 1597,1052 1613,1043 1653,1079 1711,1091 1779,1036 1865,1039 1901,1071 1917,1072 1937,1056 1984,1060 2028,1028 2045,1024 2084,1051 2124,1057 2136,1067 2152,1055 2176,1055 2192,1071 2213,1063 2213,1128 2172,1128 2166,1122 2076,1127 2068,1134 2001,1137 1988,1150 1954,1138 1913,1154 1893,1145 1833,1150 1793,1123 1773,1127 1729,1162 1681,1161 1642,1130 1631,1139 1604,1130 1588,1146 1497,1141 1483,1150 1426,1154 1409,1145 1382,1162 1322,1153 1293,1153 1284,1162 1220,1158"/>
        <Baseline points="1252,1125 1302,1121 1352,1119 1402,1119 1452,1119 1502,1119 1552,1119 1602,1119 1652,1118 1702,1119 1752,1117 1802,1114 1852,1113 1902,1112 1952,1111 2002,1110 2052,1110 2102,1109 2152,1110 2182,1112"/>
        <Word id="word_31472a18-67ff-4536-994f-509e0620d9e0">
          <Coords points="1249,1090 1299,1086 1351,1084 1402,1084 1452,1084 1502,1084 1512,1084 1512,1129 1502,1129 1452,1129 1402,1129 1352,1129 1303,1131 1253,1135"/>
          <TextEquiv>
            <Unicode>achtich</Unicode>
          </TextEquiv>
        </Word>
        <Word id="word_c13adc6c-8a7c-4c85-a7ce-aa9161af0c56">
          <Coords points="1550,1084 1552,1084 1602,1084 1651,1083 1703,1084 1751,1082 1800,1079 1851,1078 1901,1077 1951,1076 1995,1075 1996,1120 1952,1121 1902,1122 1852,1123 1803,1124 1752,1127 1702,1129 1652,1128 1602,1129 1552,1129 1550,1129"/>
          <TextEquiv>
            <Unicode>schoonweder,</Unicode>
          </TextEquiv>
        </Word>
        <Word id="word_b9626b7b-b0db-47fb-94b6-9dfb9bf4827f">
          <Coords points="2034,1074 2053,1075 2101,1074 2153,1075 2184,1077 2181,1122 2152,1120 2102,1119 2052,1120 2033,1119"/>
          <TextEquiv>
            <Unicode>ende</Unicode>
          </TextEquiv>
        </Word>
        <TextEquiv conf="0.855137197450788">
          <Unicode>achtich schoonweder, ende</Unicode>
        </TextEquiv>
        <TextStyle xHeight="34"/>
      </TextLine>
      <TextLine id="line_09310211-2d3c-4b6a-a6cd-65a99314ffa9">
        <Coords points="1225,1161 1283,1162 1295,1153 1323,1153 1343,1169 1374,1177 1410,1145 1439,1154 1485,1150 1506,1138 1528,1146 1623,1141 1644,1162 1667,1162 1743,1154 1794,1125 1827,1149 1895,1145 1907,1154 1931,1150 1943,1138 1986,1137 1993,1144 2000,1137 2075,1129 2099,1137 2188,1137 2188,1203 2099,1197 2083,1209 2039,1197 2002,1232 1982,1222 1955,1240 1931,1219 1895,1215 1878,1204 1791,1205 1763,1223 1750,1212 1739,1213 1683,1257 1625,1205 1604,1216 1495,1208 1451,1232 1435,1231 1413,1212 1402,1220 1395,1214 1225,1213"/>
        <Baseline points="1257,1203 1307,1204 1357,1203 1407,1201 1457,1199 1507,1198 1557,1198 1607,1197 1657,1199 1707,1198 1757,1196 1807,1195 1857,1193 1907,1190 1957,1189 2007,1189 2057,1188 2107,1188 2157,1187"/>
        <Word id="word_ebf52490-0069-4936-a224-bccaa3f86abe">
          <Coords points="1258,1168 1308,1169 1356,1168 1406,1166 1430,1165 1432,1210 1407,1211 1357,1213 1307,1214 1257,1213"/>
          <TextEquiv>
            <Unicode>slecht</Unicode>
          </TextEquiv>
        </Word>
        <Word id="word_07e61460-cadf-46c2-9369-d63b6bcf2446">
          <Coords points="1460,1164 1506,1163 1547,1163 1547,1208 1507,1208 1460,1209"/>
          <TextEquiv>
            <Unicode>wat</Unicode>
          </TextEquiv>
        </Word>
        <Word id="word_f98fe400-cda1-436b-a455-2c16df6b5ccb">
          <Coords points="1575,1163 1606,1162 1658,1164 1663,1164 1664,1209 1657,1209 1607,1207 1577,1208"/>
          <TextEquiv>
            <Unicode>end</Unicode>
          </TextEquiv>
        </Word>
        <Word id="word_88e7ae67-306b-4d29-8342-a888ced1f7ea">
          <Coords points="1692,1163 1706,1163 1756,1161 1806,1160 1856,1158 1865,1157 1867,1202 1857,1203 1807,1205 1757,1206 1707,1208 1693,1208"/>
          <TextEquiv>
            <Unicode>gehadt</Unicode>
          </TextEquiv>
        </Word>
        <Word id="word_9a489e32-6171-4f8c-ac64-5612c8900c92">
          <Coords points="1894,1156 1905,1155 1953,1154 1954,1199 1908,1200 1896,1201"/>
          <TextEquiv>
            <Unicode>te</Unicode>
          </TextEquiv>
        </Word>
        <Word id="word_98518ead-78d1-4b7d-aab4-f16608ea7780">
          <Coords points="1983,1153 2008,1154 2056,1153 2107,1153 2156,1152 2157,1197 2107,1198 2057,1198 2007,1199 1983,1198"/>
          <TextEquiv>
            <Unicode>hebben</Unicode>
          </TextEquiv>
        </Word>
        <TextEquiv conf="0.8675692365174245">
          <Unicode>slecht wat end gehadt te hebben</Unicode>
        </TextEquiv>
        <TextStyle xHeight="28"/>
      </TextLine>
      <TextLine id="b4aa6ca5-b511-419e-8f7d-b7b4faf200b6">
        <Coords points="1228,1213 1351,1216 1397,1209 1404,1216 1414,1212 1434,1231 1450,1232 1490,1208 1518,1208 1527,1216 1542,1208 1603,1216 1624,1205 1685,1256 1726,1224 1753,1232 1794,1205 1878,1204 1886,1212 1966,1206 2001,1232 2026,1209 2062,1216 2098,1197 2158,1197 2214,1149 2230,1144 2261,1153 2281,1148 2304,1165 2381,1165 2398,1152 2413,1159 2450,1138 2522,1143 2537,1134 2575,1130 2613,1139 2634,1133 2690,1161 2698,1153 2858,1149 2866,1141 2981,1142 3014,1109 3042,1113 3050,1121 3090,1122 3125,1122 3144,1109 3202,1161 3226,1161 3242,1148 3298,1148 3347,1153 3361,1165 3390,1172 3410,1157 3471,1158 3471,1224 3274,1233 3258,1249 3226,1249 3214,1261 3146,1256 3130,1248 2969,1240 2894,1312 2782,1315 2685,1308 2484,1332 2402,1311 2370,1328 2342,1328 2306,1300 2287,1304 2267,1288 2259,1296 2182,1293 2150,1296 2142,1304 2002,1296 1990,1308 1963,1308 1939,1328 1920,1332 1866,1299 1822,1288 1770,1320 1738,1319 1707,1296 1686,1296 1642,1299 1615,1311 1542,1308 1478,1328 1430,1328 1394,1308 1377,1324 1362,1320 1329,1340 1286,1339 1250,1327 1228,1332"/>
        <Baseline points="1260,1288 1310,1289 1360,1288 1410,1285 1460,1283 1510,1283 1560,1282 1610,1281 1660,1278 1710,1276 1760,1275 1810,1273 1860,1271 1910,1269 1960,1269 2010,1268 2060,1267 2110,1265 2160,1263 2210,1262 2260,1259 2310,1256 2360,1248 2410,1244 2460,1241 2510,1237 2560,1238 2610,1238 2660,1235 2710,1232 2760,1229 2810,1227 2860,1225 2910,1223 2960,1221 3010,1218 3060,1216 3110,1214 3160,1211 3210,1208 3260,1207 3310,1208 3360,1208 3410,1207 3440,1208"/>
        <Word id="word_227d2757-3048-47af-b291-62fa6b81b458">
          <Coords points="1261,1253 1311,1254 1359,1253 1408,1250 1459,1248 1510,1248 1523,1248 1523,1293 1510,1293 1460,1293 1411,1295 1360,1298 1310,1299 1260,1298"/>
          <TextEquiv>
            <Unicode>motdigh</Unicode>
          </TextEquiv>
        </Word>
        <Word id="word_d1dd125f-9531-4b52-8ee2-f0c4f168e4a4">
          <Coords points="1560,1247 1609,1246 1658,1243 1672,1242 1674,1287 1661,1288 1610,1291 1561,1292"/>
          <TextEquiv>
            <Unicode>uyt</Unicode>
          </TextEquiv>
        </Word>
        <Word id="word_6e825a50-f633-4e3f-b4c2-b013d41e3735">
          <Coords points="1711,1241 1759,1240 1809,1238 1859,1236 1909,1234 1960,1234 1974,1234 1975,1279 1960,1279 1910,1279 1860,1281 1810,1283 1760,1285 1711,1286"/>
          <TextEquiv>
            <Unicode>oostten</Unicode>
          </TextEquiv>
        </Word>
        <Word id="word_cfd085cd-c905-4d75-b436-ddb6421ba6ae">
          <Coords points="2011,1233 2059,1232 2109,1230 2159,1228 2162,1228 2163,1273 2160,1273 2110,1275 2060,1277 2012,1278"/>
          <TextEquiv>
            <Unicode>wint</Unicode>
          </TextEquiv>
        </Word>
        <Word id="word_193ee1bb-ea1d-4258-a584-71e26ad7847b">
          <Coords points="2200,1227 2209,1227 2258,1224 2308,1221 2354,1213 2407,1209 2423,1208 2426,1253 2411,1254 2362,1258 2311,1266 2261,1269 2210,1272 2200,1272"/>
          <TextEquiv>
            <Unicode>winner</Unicode>
          </TextEquiv>
        </Word>
        <Word id="word_58c94500-e4ae-45d3-8ece-2e2e676527f1">
          <Coords points="2460,1206 2507,1202 2561,1203 2575,1203 2575,1248 2560,1248 2511,1247 2463,1251"/>
          <TextEquiv>
            <Unicode>net</Unicode>
          </TextEquiv>
        </Word>
        <Word id="word_247f45ba-dd8c-4d9a-b323-31aba1f5014b">
          <Coords points="2611,1203 2658,1200 2708,1197 2758,1194 2809,1192 2859,1190 2909,1188 2950,1186 2952,1231 2910,1233 2860,1235 2810,1237 2761,1239 2711,1242 2661,1245 2614,1248"/>
          <TextEquiv>
            <Unicode>maenlicht</Unicode>
          </TextEquiv>
        </Word>
        <Word id="word_7e4f760b-1c7e-453a-a260-3843deb560d9">
          <Coords points="2986,1185 3007,1183 3059,1181 3109,1179 3137,1177 3140,1222 3110,1224 3060,1226 3011,1228 2990,1230"/>
          <TextEquiv>
            <Unicode>ofte</Unicode>
          </TextEquiv>
        </Word>
        <Word id="word_6969ef2b-0cf4-4288-98a2-0cd0a4f6eaae">
          <Coords points="3175,1175 3208,1173 3259,1172 3311,1173 3360,1173 3409,1172 3441,1173 3440,1218 3410,1217 3360,1218 3310,1218 3260,1217 3211,1218 3177,1220"/>
          <TextEquiv>
            <Unicode>duyster</Unicode>
          </TextEquiv>
        </Word>
        <TextEquiv conf="0.7962750880334105">
          <Unicode>motdigh uyt oostten wint winner net maenlicht ofte duyster</Unicode>
        </TextEquiv>
        <TextStyle xHeight="43"/>
      </TextLine>
      <TextLine id="line_4245ed26-ff9d-41d0-b608-3141db1ad79f">
        <Coords points="1222,1336 1245,1340 1292,1321 1339,1321 1386,1301 1428,1328 1476,1329 1543,1305 1635,1305 1651,1292 1719,1304 1739,1320 1772,1320 1831,1288 1926,1333 1947,1325 1975,1300 2011,1304 2023,1313 2055,1308 2106,1316 2114,1324 2182,1329 2222,1313 2258,1312 2274,1321 2294,1301 2322,1309 2330,1301 2359,1297 2359,1363 2314,1357 2306,1365 2290,1365 2257,1397 2226,1397 2165,1445 2082,1441 2059,1453 2007,1453 1999,1461 1984,1461 1975,1452 1931,1457 1855,1448 1827,1465 1815,1456 1795,1456 1731,1465 1655,1461 1590,1473 1547,1440 1505,1432 1475,1450 1456,1439 1347,1456 1324,1473 1264,1473 1246,1465 1222,1471"/>
        <Baseline points="1254,1375 1304,1378 1354,1378 1404,1378 1454,1376 1504,1376 1554,1375 1604,1373 1654,1372 1704,1370 1754,1368 1804,1367 1854,1365 1904,1364 1954,1360 2004,1359 2054,1359 2104,1359 2154,1357 2204,1355 2254,1352 2304,1350 2328,1347"/>
        <Word id="word_58ca469e-33ae-405c-af5a-8e69656db0e3">
          <Coords points="1256,1340 1306,1343 1333,1343 1333,1388 1303,1388 1253,1385"/>
          <TextEquiv>
            <Unicode>het</Unicode>
          </TextEquiv>
        </Word>
        <Word id="word_ad3e341c-2338-4dd2-8e10-76a85653c04c">
          <Coords points="1359,1343 1404,1343 1453,1341 1490,1341 1490,1386 1454,1386 1404,1388 1359,1388"/>
          <TextEquiv>
            <Unicode>sucht</Unicode>
          </TextEquiv>
        </Word>
        <Word id="word_368e3bcf-8522-4121-b268-6bc281b86631">
          <Coords points="1515,1341 1553,1340 1603,1338 1653,1337 1703,1335 1753,1333 1803,1332 1803,1332 1805,1377 1804,1377 1754,1378 1704,1380 1654,1382 1604,1383 1554,1385 1516,1386"/>
          <TextEquiv>
            <Unicode>versceylden</Unicode>
          </TextEquiv>
        </Word>
        <Word id="word_f17c59ed-0967-4676-bb2b-366ae1ae17cd">
          <Coords points="1829,1331 1853,1330 1903,1329 1932,1327 1936,1371 1904,1374 1854,1375 1831,1376"/>
          <TextEquiv>
            <Unicode>ende</Unicode>
          </TextEquiv>
        </Word>
        <Word id="word_72807a39-a524-4686-9f8b-8fae78e8f7d6">
          <Coords points="1961,1324 2004,1324 2054,1324 2104,1324 2153,1322 2203,1320 2252,1317 2303,1315 2324,1312 2329,1357 2304,1360 2255,1362 2204,1365 2154,1367 2104,1369 2054,1369 2004,1369 1961,1369"/>
          <TextEquiv>
            <Unicode>verongeluckten</Unicode>
          </TextEquiv>
        </Word>
        <TextEquiv conf="0.8852329442076391">
          <Unicode>het sucht versceylden ende verongeluckten</Unicode>
        </TextEquiv>
        <TextStyle xHeight="41"/>
      </TextLine>
    </TextRegion>
    <TextRegion id="region_c63192f4-511e-4cad-be02-da7bcd2de62b_4" custom="structure {type:paragraph;}">
      <Coords points="3342,1644 3320,1623 3288,1612 3077,1601 2913,1608 2691,1601 2346,1608 2266,1648 1506,1655 1335,1641 1255,1644 1240,1663 1236,1739 1240,1884 1251,1914 1240,1979 1240,2066 1251,2106 1244,2125 1247,2208 1236,2336 1244,2376 1236,2434 1236,2732 1244,2772 1236,2878 1204,2958 1200,3081 1215,3125 1251,3154 1298,3154 1422,3136 1658,3140 1695,3132 1778,3143 2037,3143 2455,3129 2742,3132 2815,3121 2920,3121 3044,3103 3066,3092 3091,3049 3149,3016 3233,3001 3284,2979 3357,2878 3364,2830 3379,2801 3379,2761 3357,2688 3291,2674 3135,2663 2749,2685 2506,2659 2437,2659 2353,2645 2207,2590 2164,2539 2164,2445 2178,2365 2197,2321 2193,2266 2204,2241 2204,2212 2189,2179 2200,2103 2182,2074 2197,1921 2171,1881 2171,1866 2197,1815 2240,1783 2273,1790 2291,1819 2306,1870 2309,2030 2331,2103 2331,2157 2349,2194 2346,2292 2320,2361 2317,2419 2331,2459 2368,2481 3051,2481 3182,2470 3320,2470 3353,2459 3379,2423 3371,2201 3393,2132 3393,2001 3382,1972 3386,1910 3375,1881 3375,1823 3360,1768 3364,1706"/>
      <TextLine id="d5c04366-6d80-4e98-9d18-6391fd0b0199">
        <Coords points="2285,1559 2317,1558 2323,1564 2351,1554 2375,1562 2439,1563 2475,1550 2519,1551 2535,1543 2602,1538 2626,1547 2670,1542 2686,1558 2714,1558 2742,1582 2842,1585 2862,1589 2882,1605 2918,1610 2971,1609 2982,1602 3098,1602 3106,1594 3197,1589 3386,1594 3386,1660 3309,1653 3289,1672 3269,1672 3252,1688 3225,1692 3201,1714 3181,1710 3157,1690 3117,1690 3099,1699 3070,1699 3042,1722 3026,1719 3012,1731 3002,1723 2958,1718 2834,1718 2782,1679 2754,1680 2714,1711 2626,1715 2594,1691 2562,1691 2546,1675 2535,1682 2519,1671 2285,1672"/>
        <Baseline points="2317,1663 2367,1659 2417,1655 2467,1651 2517,1650 2567,1648 2617,1650 2667,1649 2717,1651 2767,1652 2817,1652 2867,1650 2917,1647 2967,1645 3017,1645 3067,1643 3117,1641 3167,1639 3217,1640 3267,1642 3317,1643 3355,1644"/>
        <Word id="word_9d1a79df-5635-4892-8adb-f0cb1f63f4e6">
          <Coords points="2314,1628 2364,1624 2414,1620 2414,1620 2418,1665 2418,1665 2368,1669 2318,1673"/>
          <TextEquiv>
            <Unicode>Off</Unicode>
          </TextEquiv>
        </Word>
        <Word id="word_3b4e00d5-5ba1-4093-87d3-f5191ebd29c8">
          <Coords points="2448,1617 2464,1616 2516,1615 2566,1613 2618,1615 2666,1614 2718,1616 2753,1617 2752,1662 2717,1661 2667,1659 2617,1660 2567,1658 2517,1660 2468,1661 2451,1662"/>
          <TextEquiv>
            <Unicode>henluyden</Unicode>
          </TextEquiv>
        </Word>
        <Word id="word_ee077a1d-8961-4d7c-8334-8fb719bbdf42">
          <Coords points="2785,1617 2817,1617 2866,1615 2884,1614 2887,1659 2867,1660 2817,1662 2786,1662"/>
          <TextEquiv>
            <Unicode>met</Unicode>
          </TextEquiv>
        </Word>
        <Word id="word_737eafbc-1aa9-4818-8dc9-e9cafc637cca">
          <Coords points="2918,1612 2966,1610 3017,1610 3019,1610 3020,1655 3017,1655 2967,1655 2920,1657"/>
          <TextEquiv>
            <Unicode>het</Unicode>
          </TextEquiv>
        </Word>
        <Word id="word_37f8789b-788b-493c-a148-ce439bb2370a">
          <Coords points="3052,1609 3066,1608 3116,1606 3166,1604 3218,1605 3268,1607 3318,1608 3356,1609 3355,1654 3317,1653 3267,1652 3217,1650 3167,1649 3117,1651 3067,1653 3054,1654"/>
          <TextEquiv>
            <Unicode>opsetten.</Unicode>
          </TextEquiv>
        </Word>
        <TextEquiv conf="0.8887942181673156">
          <Unicode>Off henluyden met het opsetten.</Unicode>
        </TextEquiv>
        <TextStyle xHeight="43"/>
      </TextLine>
      <TextLine id="line_5cfb56e2-321e-4c29-b651-1baa9d92979f">
        <Coords points="1198,1617 1251,1622 1304,1614 1328,1622 1404,1621 1438,1638 1450,1626 1508,1622 1516,1615 1589,1618 1680,1610 1700,1625 1740,1625 1768,1645 1799,1645 1811,1656 1820,1649 1840,1658 1872,1658 1888,1649 1968,1658 1980,1649 2040,1646 2060,1633 2074,1633 2100,1649 2136,1649 2144,1641 2192,1649 2265,1644 2265,1710 2236,1707 2196,1728 2140,1728 2117,1739 2079,1727 1980,1731 1948,1719 1916,1724 1904,1715 1840,1724 1816,1720 1744,1744 1682,1794 1640,1794 1615,1790 1592,1774 1568,1779 1559,1770 1528,1770 1500,1743 1468,1728 1456,1735 1396,1736 1367,1755 1300,1707 1198,1707"/>
        <Baseline points="1230,1695 1280,1696 1330,1697 1380,1696 1430,1698 1480,1701 1530,1703 1580,1704 1630,1703 1680,1701 1730,1700 1780,1700 1830,1700 1880,1701 1930,1701 1980,1700 2030,1701 2080,1700 2130,1698 2180,1696 2230,1694 2234,1694"/>
        <Word id="word_09675b40-a1ad-4f21-99d7-76d05342ee86">
          <Coords points="1231,1660 1281,1661 1331,1662 1373,1661 1374,1706 1330,1707 1280,1706 1230,1705"/>
          <TextEquiv>
            <Unicode>Sege</Unicode>
          </TextEquiv>
        </Word>
        <Word id="word_c6121c3e-ff1e-433f-b8ca-f73c3ea99726">
          <Coords points="1414,1661 1434,1663 1482,1666 1531,1668 1581,1669 1588,1669 1589,1714 1580,1714 1530,1713 1479,1711 1429,1708 1408,1705"/>
          <TextEquiv>
            <Unicode>Jacob</Unicode>
          </TextEquiv>
        </Word>
        <Word id="word_1e34b97f-a9ff-4a7d-9f5d-ae175ad09311">
          <Coords points="1624,1668 1629,1668 1679,1666 1729,1665 1780,1665 1830,1665 1876,1666 1875,1711 1830,1710 1780,1710 1730,1710 1680,1711 1630,1713 1624,1713"/>
          <TextEquiv>
            <Unicode>pauluss</Unicode>
          </TextEquiv>
        </Word>
        <Word id="word_36930201-86bb-468b-a8ad-03fdaa43275f">
          <Coords points="1910,1667 1929,1666 1979,1665 2031,1666 2079,1665 2129,1663 2179,1661 2229,1659 2234,1659 2234,1704 2230,1704 2180,1706 2130,1708 2080,1710 2030,1711 1980,1710 1930,1711 1911,1712"/>
          <TextEquiv>
            <Unicode>constabel</Unicode>
          </TextEquiv>
        </Word>
        <TextEquiv conf="0.8441599861207796">
          <Unicode>Sege Jacob pauluss constabel</Unicode>
        </TextEquiv>
        <TextStyle xHeight="37"/>
      </TextLine>
      <TextLine id="line_02565ada-87bd-4274-b143-a454e34a2650">
        <Coords points="2282,1672 2520,1671 2536,1682 2548,1676 2572,1700 2579,1693 2602,1696 2624,1716 2700,1713 2736,1681 2784,1680 2828,1716 2928,1717 2952,1708 3009,1729 3042,1720 3072,1697 3105,1696 3116,1688 3153,1692 3180,1712 3385,1701 3385,1767 3344,1767 3320,1775 3260,1823 3200,1798 3044,1799 3028,1786 2916,1778 2808,1782 2796,1770 2731,1819 2699,1802 2680,1809 2652,1786 2632,1782 2608,1783 2592,1795 2471,1790 2460,1799 2435,1799 2408,1794 2392,1782 2332,1782 2282,1763"/>
        <Baseline points="2314,1757 2364,1759 2414,1758 2464,1757 2514,1755 2564,1753 2614,1752 2664,1751 2714,1751 2764,1751 2814,1749 2864,1749 2914,1748 2964,1748 3014,1748 3064,1747 3114,1745 3164,1743 3214,1742 3264,1742 3314,1746 3354,1751"/>
        <Word id="word_7c85fb32-45e1-44a5-a9ac-ff42b9603543">
          <Coords points="2315,1722 2365,1724 2413,1723 2463,1722 2513,1720 2513,1720 2514,1765 2514,1765 2464,1767 2414,1768 2364,1769 2314,1767"/>
          <TextEquiv>
            <Unicode>vande</Unicode>
          </TextEquiv>
        </Word>
        <Word id="word_1c7e3089-450a-4108-897c-3b68baecdbb3">
          <Coords points="2553,1718 2563,1718 2613,1717 2663,1716 2714,1716 2754,1716 2754,1761 2714,1761 2664,1761 2614,1762 2564,1763 2554,1763"/>
          <TextEquiv>
            <Unicode>wacht</Unicode>
          </TextEquiv>
        </Word>
        <Word id="word_9c74eb36-75c1-447e-92ff-2d2e09e4357b">
          <Coords points="2791,1716 2810,1714 2864,1714 2913,1713 2964,1713 3014,1713 3063,1712 3113,1710 3113,1710 3115,1755 3114,1755 3064,1757 3014,1758 2964,1758 2914,1758 2864,1759 2815,1759 2795,1761"/>
          <TextEquiv>
            <Unicode>daerinne</Unicode>
          </TextEquiv>
        </Word>
        <Word id="word_ed1721a2-a1be-40a1-956c-4c462dcd378f">
          <Coords points="3153,1708 3163,1708 3213,1707 3264,1707 3317,1711 3358,1716 3353,1761 3313,1756 3264,1752 3214,1752 3164,1753 3155,1753"/>
          <TextEquiv>
            <Unicode>Schip</Unicode>
          </TextEquiv>
        </Word>
        <TextEquiv conf="0.8324459933356584">
          <Unicode>vande wacht daerinne Schip</Unicode>
        </TextEquiv>
        <TextStyle xHeight="36"/>
      </TextLine>
      <TextLine id="cd883e80-7148-4aff-8a95-ce6b3fc6d871">
        <Coords points="1209,1723 1310,1724 1320,1717 1368,1756 1395,1736 1442,1727 1451,1735 1463,1731 1500,1743 1530,1770 1554,1770 1566,1779 1590,1774 1614,1790 1640,1794 1681,1794 1742,1744 1782,1724 1818,1719 1889,1719 1900,1728 1953,1732 1970,1723 1981,1731 2080,1727 2101,1739 2162,1744 2162,1810 2145,1804 2129,1819 2122,1815 2089,1832 2033,1828 2009,1844 1965,1843 1922,1807 1818,1812 1774,1837 1748,1819 1682,1815 1673,1808 1653,1828 1622,1824 1590,1849 1565,1835 1490,1836 1448,1871 1435,1859 1425,1863 1404,1843 1295,1847 1271,1831 1209,1828"/>
        <Baseline points="1241,1812 1291,1811 1341,1810 1391,1808 1441,1807 1491,1807 1541,1806 1591,1804 1641,1802 1691,1801 1741,1800 1791,1799 1841,1798 1891,1797 1941,1797 1991,1798 2041,1797 2091,1794 2131,1794"/>
        <Word id="word_a6eb6bd2-592e-4466-b98d-a0694d064cd9">
          <Coords points="1240,1777 1290,1776 1340,1775 1390,1773 1395,1773 1396,1818 1391,1818 1341,1820 1291,1821 1241,1822"/>
          <TextEquiv>
            <Unicode>ende</Unicode>
          </TextEquiv>
        </Word>
        <Word id="word_6f02a621-1a69-449c-baa8-515f15a40037">
          <Coords points="1434,1772 1440,1772 1491,1772 1540,1771 1590,1769 1640,1767 1690,1766 1740,1765 1743,1765 1744,1810 1741,1810 1691,1811 1641,1812 1591,1814 1541,1816 1491,1817 1441,1817 1435,1817"/>
          <TextEquiv>
            <Unicode>hendrick</Unicode>
          </TextEquiv>
        </Word>
        <Word id="word_604dd6ec-c1c5-496c-9be2-85c7b1a5be9e">
          <Coords points="1782,1764 1790,1764 1840,1763 1890,1762 1941,1762 1992,1763 2040,1762 2089,1759 2131,1759 2131,1804 2092,1804 2041,1807 1991,1808 1941,1807 1891,1807 1841,1808 1791,1809 1783,1809"/>
          <TextEquiv>
            <Unicode>hendrixsz</Unicode>
          </TextEquiv>
        </Word>
        <TextEquiv conf="0.8737672472485041">
          <Unicode>ende hendrick hendrixsz</Unicode>
        </TextEquiv>
        <TextStyle xHeight="33"/>
      </TextLine>
      <TextLine id="line_867dc818-9028-410d-8595-e4f56f10d644">
        <Coords points="2294,1784 2308,1789 2320,1780 2444,1780 2488,1793 2596,1793 2610,1784 2639,1784 2655,1788 2699,1824 2717,1812 2727,1820 2787,1813 2811,1797 2983,1792 3170,1805 3202,1800 3262,1824 3322,1776 3342,1776 3374,1806 3419,1806 3419,1872 3170,1876 3135,1861 3055,1861 3016,1900 2991,1908 2951,1907 2931,1888 2886,1888 2856,1900 2835,1892 2723,1900 2707,1884 2468,1885 2440,1897 2294,1900"/>
        <Baseline points="2326,1859 2376,1861 2426,1859 2476,1858 2526,1856 2576,1854 2626,1852 2676,1851 2726,1850 2776,1850 2826,1848 2876,1847 2926,1846 2976,1846 3026,1846 3076,1845 3126,1844 3176,1843 3226,1844 3276,1847 3326,1848 3376,1853 3388,1856"/>
        <Word id="word_50134eee-9719-43fe-a335-3890c88bd119">
          <Coords points="2327,1824 2377,1826 2425,1824 2475,1823 2507,1822 2509,1867 2476,1868 2426,1869 2376,1871 2326,1869"/>
          <TextEquiv>
            <Unicode>brenck</Unicode>
          </TextEquiv>
        </Word>
        <Word id="word_ee45e179-323b-478e-9c2c-7f8619fcd323">
          <Coords points="2537,1821 2575,1819 2625,1817 2675,1816 2690,1816 2690,1861 2676,1861 2626,1862 2576,1864 2539,1865"/>
          <TextEquiv>
            <Unicode>leden</Unicode>
          </TextEquiv>
        </Word>
        <Word id="word_9e24d195-3cfc-49eb-b4a2-4b2c9dbfb489">
          <Coords points="2720,1815 2725,1815 2776,1815 2810,1814 2812,1859 2776,1860 2726,1860 2721,1860"/>
          <TextEquiv>
            <Unicode>met</Unicode>
          </TextEquiv>
        </Word>
        <Word id="word_4b2b29a4-3efa-463c-be96-d2ce76055ae8">
          <Coords points="2842,1812 2876,1812 2925,1811 2933,1811 2933,1856 2926,1856 2876,1857 2842,1857"/>
          <TextEquiv>
            <Unicode>een</Unicode>
          </TextEquiv>
        </Word>
        <Word id="word_7c86bc0e-2a0e-449d-a4a5-15e4ba71dea4">
          <Coords points="2964,1811 2976,1811 3026,1811 3075,1810 3125,1809 3175,1808 3227,1809 3239,1810 3236,1855 3226,1854 3176,1853 3126,1854 3076,1855 3026,1856 2976,1856 2964,1856"/>
          <TextEquiv>
            <Unicode>seeckeren</Unicode>
          </TextEquiv>
        </Word>
        <Word id="word_2a6b20c3-b45a-497c-b52d-0eba3d7d2394">
          <Coords points="3269,1812 3278,1812 3327,1813 3379,1818 3396,1822 3386,1866 3375,1863 3326,1858 3275,1857 3267,1856"/>
          <TextEquiv>
            <Unicode>ende</Unicode>
          </TextEquiv>
        </Word>
        <TextEquiv conf="0.8324816235463504">
          <Unicode>brenck leden met een seeckeren ende</Unicode>
        </TextEquiv>
        <TextStyle xHeight="36"/>
      </TextLine>
      <TextLine id="ec935217-0e0d-4831-9db3-b2799a20e21e">
        <Coords points="1212,1829 1226,1822 1311,1818 1386,1825 1416,1842 1438,1826 1473,1850 1490,1838 1566,1833 1594,1853 1650,1854 1694,1826 1730,1817 1747,1817 1770,1837 1786,1826 1806,1826 1818,1814 1854,1811 1927,1810 1954,1822 2023,1810 2039,1818 2094,1813 2102,1821 2123,1822 2123,1888 2094,1885 2010,1898 1982,1922 1962,1922 1936,1945 1922,1933 1907,1937 1894,1929 1886,1935 1842,1901 1810,1926 1750,1926 1729,1942 1702,1921 1677,1913 1655,1917 1634,1938 1623,1938 1601,1917 1569,1914 1554,1929 1486,1926 1455,1953 1432,1943 1297,1934 1289,1942 1212,1954"/>
        <Baseline points="1244,1899 1294,1898 1344,1895 1394,1894 1444,1896 1494,1892 1544,1890 1594,1888 1644,1888 1694,1887 1744,1887 1794,1886 1844,1884 1894,1882 1944,1881 1994,1878 2044,1876 2092,1872"/>
        <Word id="word_d9f83d7a-b02a-4a7a-bd7b-3c09405ea21a">
          <Coords points="1243,1864 1293,1863 1342,1860 1393,1859 1445,1861 1453,1860 1457,1905 1444,1906 1394,1904 1345,1905 1294,1908 1244,1909"/>
          <TextEquiv>
            <Unicode>bossr.</Unicode>
          </TextEquiv>
        </Word>
        <Word id="word_b692c418-1715-43d8-9491-3284d6979c5b">
          <Coords points="1488,1857 1491,1857 1543,1855 1593,1853 1597,1853 1597,1898 1594,1898 1544,1900 1495,1902 1492,1902"/>
          <TextEquiv>
            <Unicode>dat</Unicode>
          </TextEquiv>
        </Word>
        <Word id="word_5e260d0f-5dd4-4637-be1b-749e87e89ffc">
          <Coords points="1633,1853 1644,1853 1693,1852 1744,1852 1773,1851 1774,1896 1744,1897 1694,1897 1644,1898 1633,1898"/>
          <TextEquiv>
            <Unicode>haer</Unicode>
          </TextEquiv>
        </Word>
        <Word id="word_2cb8e476-08d7-4e37-b5b4-50010f907251">
          <Coords points="1808,1851 1842,1849 1893,1847 1943,1846 1992,1843 2043,1841 2089,1837 2093,1882 2044,1886 1995,1888 1944,1891 1894,1892 1844,1894 1810,1896"/>
          <TextEquiv>
            <Unicode>schipper</Unicode>
          </TextEquiv>
        </Word>
        <TextEquiv conf="0.8849965880373951">
          <Unicode>bossr. dat haer schipper</Unicode>
        </TextEquiv>
        <TextStyle xHeight="35"/>
      </TextLine>
      <TextLine id="d5efdf10-6586-4a19-a2e9-2d05e57d5dc0">
        <Coords points="2277,1898 2359,1903 2455,1890 2711,1886 2731,1903 2807,1898 2837,1905 2882,1895 2890,1887 2930,1886 2950,1906 2993,1907 3019,1898 3070,1852 3119,1859 3130,1870 3150,1874 3330,1874 3338,1882 3438,1882 3451,1889 3449,1959 3326,1963 3318,1971 3258,1983 3198,1987 3162,1971 2926,1991 2906,1974 2827,1962 2779,1987 2703,1982 2555,1986 2520,1994 2277,1994"/>
        <Baseline points="2309,1955 2359,1952 2409,1951 2459,1951 2509,1952 2559,1950 2609,1949 2659,1948 2709,1947 2759,1946 2809,1945 2859,1945 2909,1943 2959,1941 3009,1940 3059,1941 3109,1939 3159,1938 3209,1937 3259,1937 3309,1937 3359,1937 3409,1937 3420,1940"/>
        <Word id="word_450cda26-0132-423c-b00c-8b12bd31023e">
          <Coords points="2307,1920 2357,1917 2408,1916 2459,1916 2510,1917 2546,1916 2547,1960 2509,1962 2459,1961 2409,1961 2360,1962 2310,1965"/>
          <TextEquiv>
            <Unicode>vasten</Unicode>
          </TextEquiv>
        </Word>
        <Word id="word_6fde06ab-3863-48cc-9442-d1e87f462689">
          <Coords points="2587,1914 2609,1914 2658,1913 2708,1912 2758,1911 2785,1910 2785,1955 2759,1956 2709,1957 2659,1958 2609,1959 2587,1959"/>
          <TextEquiv>
            <Unicode>cours</Unicode>
          </TextEquiv>
        </Word>
        <Word id="word_e5b162ab-561e-4bef-a7fe-4fbd58f4eea5">
          <Coords points="2825,1910 2859,1910 2908,1908 2958,1906 3008,1905 3060,1906 3101,1904 3103,1949 3059,1951 3009,1950 2959,1951 2909,1953 2859,1955 2825,1955"/>
          <TextEquiv>
            <Unicode>gestelt</Unicode>
          </TextEquiv>
        </Word>
        <Word id="word_586ecc65-d3fd-4e92-85bc-226e02f8d852">
          <Coords points="3143,1903 3160,1903 3208,1902 3222,1902 3222,1947 3209,1947 3159,1948 3142,1948"/>
          <TextEquiv>
            <Unicode>zy</Unicode>
          </TextEquiv>
        </Word>
        <Word id="word_42a00169-1847-4982-9b8d-6b19300bcbfc">
          <Coords points="3262,1902 3309,1902 3359,1902 3409,1902 3429,1906 3417,1950 3409,1947 3359,1947 3309,1947 3262,1947"/>
          <TextEquiv>
            <Unicode>waer</Unicode>
          </TextEquiv>
        </Word>
        <TextEquiv conf="0.8682380317193872">
          <Unicode>vasten cours gestelt zy waer</Unicode>
        </TextEquiv>
        <TextStyle xHeight="36"/>
      </TextLine>
      <TextLine id="b9eae5ca-b42d-4df8-937b-f24762f6c619">
        <Coords points="1203,1951 1233,1951 1249,1938 1313,1934 1404,1942 1437,1954 1469,1946 1492,1926 1556,1927 1576,1920 1600,1920 1620,1938 1632,1939 1653,1918 1680,1914 1708,1942 1727,1943 1755,1926 1821,1926 1852,1956 1875,1936 1899,1929 1908,1938 1923,1934 1938,1943 1959,1923 1982,1923 2007,1899 2138,1902 2170,1915 2184,1907 2223,1905 2223,1972 2209,1961 2184,1982 2106,1974 2086,1986 2046,1973 1715,1989 1692,1993 1630,2051 1576,2024 1483,2016 1428,2020 1416,2008 1348,2004 1293,2009 1269,2033 1203,2033"/>
        <Baseline points="1235,1985 1285,1980 1335,1979 1385,1977 1435,1977 1485,1975 1535,1975 1585,1975 1635,1973 1685,1973 1735,1972 1785,1971 1835,1970 1885,1969 1935,1968 1985,1965 2035,1962 2085,1961 2135,1960 2185,1956 2192,1956"/>
        <Word id="word_36ba02d5-162c-4b34-a517-15bcb9566adc">
          <Coords points="1232,1950 1282,1945 1334,1944 1384,1942 1435,1942 1484,1940 1514,1940 1514,1985 1485,1985 1435,1987 1385,1987 1335,1989 1286,1990 1236,1995"/>
          <TextEquiv>
            <Unicode>genaemt</Unicode>
          </TextEquiv>
        </Word>
        <Word id="word_9ab221aa-dc06-4617-b4d6-33d47c2372ba">
          <Coords points="1554,1940 1585,1940 1634,1938 1685,1938 1734,1937 1784,1936 1834,1935 1872,1934 1873,1979 1835,1980 1785,1981 1735,1982 1685,1983 1635,1983 1585,1985 1554,1985"/>
          <TextEquiv>
            <Unicode>hendrick</Unicode>
          </TextEquiv>
        </Word>
        <Word id="word_b017cad7-1b93-48ed-820e-ff2adbebfaae">
          <Coords points="1912,1933 1934,1933 1983,1930 2033,1927 2084,1926 2134,1925 2182,1921 2192,1921 2192,1966 2186,1966 2135,1970 2085,1971 2036,1972 1986,1975 1935,1978 1913,1978"/>
          <TextEquiv>
            <Unicode>arentsz</Unicode>
          </TextEquiv>
        </Word>
        <TextEquiv conf="0.8391557175234293">
          <Unicode>genaemt hendrick arentsz</Unicode>
        </TextEquiv>
        <TextStyle xHeight="28"/>
      </TextLine>
      <TextLine id="line_21b5931c-b325-4dd0-bee6-b25a8286a182">
        <Coords points="2281,1996 2559,2009 2591,2005 2599,1997 2715,1997 2723,1989 2782,1985 2799,1969 2831,1977 2839,1970 2895,1970 2955,1957 3023,1957 3035,1965 3063,1965 3071,1973 3175,1972 3197,1985 3428,1981 3425,2049 3371,2048 3335,2061 3251,2060 3239,2069 3147,2069 3090,2125 3071,2124 3055,2112 2987,2112 2948,2121 2935,2108 2815,2105 2771,2080 2663,2068 2647,2069 2635,2081 2585,2084 2575,2092 2543,2071 2432,2072 2371,2121 2355,2112 2339,2117 2330,2108 2281,2105"/>
        <Baseline points="2313,2061 2363,2062 2413,2060 2463,2060 2513,2059 2563,2058 2613,2058 2663,2056 2713,2054 2763,2054 2813,2054 2863,2051 2913,2049 2963,2048 3013,2047 3063,2045 3113,2044 3163,2043 3213,2041 3263,2038 3313,2034 3363,2032 3397,2031"/>
        <Word id="word_a90f0b21-d02d-4c11-a0d3-c768a2558e85">
          <Coords points="2314,2026 2364,2027 2412,2025 2463,2025 2463,2070 2413,2070 2363,2072 2313,2071"/>
          <TextEquiv>
            <Unicode>naer</Unicode>
          </TextEquiv>
        </Word>
        <Word id="word_d649aa16-62c8-4888-b2e6-5ae07e805b69">
          <Coords points="2497,2025 2510,2024 2562,2023 2612,2023 2612,2068 2563,2068 2514,2069 2501,2070"/>
          <TextEquiv>
            <Unicode>hen</Unicode>
          </TextEquiv>
        </Word>
        <Word id="word_6f9a0412-6c6e-448e-a79a-bcc299afd6e1">
          <Coords points="2644,2023 2658,2021 2712,2019 2762,2019 2762,2064 2713,2064 2664,2066 2651,2068"/>
          <TextEquiv>
            <Unicode>int</Unicode>
          </TextEquiv>
        </Word>
        <Word id="word_53724b38-0f88-41c1-84a7-c1a941eba753">
          <Coords points="2799,2019 2813,2019 2861,2016 2912,2014 2962,2013 3012,2012 3022,2012 3024,2057 3013,2057 2963,2058 2913,2059 2864,2061 2813,2064 2799,2064"/>
          <TextEquiv>
            <Unicode>Eeylen</Unicode>
          </TextEquiv>
        </Word>
        <Word id="word_74766c81-ada1-4ab2-b4ee-f1f75adbcf9b">
          <Coords points="3059,2010 3062,2010 3112,2009 3162,2008 3212,2006 3261,2003 3282,2001 3286,2046 3264,2048 3213,2051 3163,2053 3113,2054 3063,2055 3061,2055"/>
          <TextEquiv>
            <Unicode>hadden</Unicode>
          </TextEquiv>
        </Word>
        <Word id="word_1174d222-8ae5-44f4-af3d-e321a555fdfb">
          <Coords points="3321,1998 3362,1997 3396,1996 3397,2041 3363,2042 3322,2043"/>
          <TextEquiv>
            <Unicode>te</Unicode>
          </TextEquiv>
        </Word>
        <TextEquiv conf="0.867332545638993">
          <Unicode>naer hen int Eeylen hadden te</Unicode>
        </TextEquiv>
        <TextStyle xHeight="35"/>
      </TextLine>
      <TextLine id="line_21ee2ba5-7744-4044-995f-e0b2ffa54219">
        <Coords points="1188,2033 1270,2033 1294,2009 1349,2004 1414,2012 1426,2020 1481,2016 1577,2024 1626,2052 1693,1993 1769,1984 1861,1980 1869,1988 1921,1993 2046,1984 2068,2001 2124,2001 2148,1988 2164,1988 2172,1996 2213,1996 2213,2062 2171,2056 2056,2060 2024,2091 1921,2086 1777,2099 1693,2090 1661,2078 1457,2083 1418,2075 1290,2076 1278,2087 1242,2091 1230,2103 1188,2099"/>
        <Baseline points="1220,2071 1270,2068 1320,2067 1370,2067 1420,2065 1470,2063 1520,2062 1570,2061 1620,2060 1670,2060 1720,2059 1770,2058 1820,2058 1870,2057 1920,2056 1970,2055 2020,2053 2070,2050 2120,2049 2170,2049 2182,2046"/>
        <Word id="word_bd1de6e9-02d4-4af9-8b09-a9d6cd24a981">
          <Coords points="1218,2036 1268,2033 1319,2032 1370,2032 1411,2030 1413,2075 1370,2077 1320,2077 1271,2078 1221,2081"/>
          <TextEquiv>
            <Unicode>Slas</Unicode>
          </TextEquiv>
        </Word>
        <Word id="word_cce7f889-dad8-4708-8cbe-e8aab5bc7f3e">
          <Coords points="1459,2028 1469,2028 1519,2027 1569,2026 1619,2025 1670,2025 1719,2024 1749,2023 1749,2068 1720,2069 1670,2070 1620,2070 1570,2071 1520,2072 1470,2073 1461,2073"/>
          <TextEquiv>
            <Unicode>vander</Unicode>
          </TextEquiv>
        </Word>
        <Word id="word_226a9f90-38fc-40b9-bf65-5f70b6bb120c">
          <Coords points="1798,2022 1821,2023 1869,2022 1919,2021 1969,2020 1989,2019 1990,2064 1970,2065 1920,2066 1870,2067 1820,2068 1797,2067"/>
          <TextEquiv>
            <Unicode>Souw</Unicode>
          </TextEquiv>
        </Word>
        <Word id="word_e5f08c47-4fda-4832-9bc8-2888916b7080">
          <Coords points="2036,2017 2068,2015 2119,2014 2170,2014 2173,2012 2184,2056 2170,2059 2120,2059 2071,2060 2039,2062"/>
          <TextEquiv>
            <Unicode>ner</Unicode>
          </TextEquiv>
        </Word>
        <TextEquiv conf="0.7853661738395662">
          <Unicode>Slas vander Souw ner</Unicode>
        </TextEquiv>
        <TextStyle xHeight="29"/>
      </TextLine>
      <TextLine id="e9a2ff76-5c02-4f9b-a2cd-aa1d330a6083">
        <Coords points="1205,2084 1614,2084 1638,2071 1737,2071 1749,2083 1797,2088 1949,2087 2004,2100 2027,2092 2041,2103 2065,2104 2087,2100 2112,2079 2204,2088 2220,2088 2228,2080 2273,2080 2272,2148 2120,2152 2080,2192 2032,2200 1921,2183 1753,2184 1699,2236 1614,2231 1598,2243 1569,2219 1522,2227 1511,2216 1490,2216 1479,2224 1450,2203 1422,2203 1394,2183 1343,2188 1334,2196 1263,2187 1244,2195 1205,2191"/>
        <Baseline points="1237,2161 1287,2161 1337,2160 1387,2159 1437,2159 1487,2159 1537,2156 1587,2153 1637,2151 1687,2149 1737,2148 1787,2146 1837,2142 1887,2141 1937,2140 1987,2139 2037,2138 2087,2136 2137,2135 2187,2134 2237,2130 2242,2130"/>
        <Word id="word_53936e6f-fe2a-4064-8aa2-43549caeb88b">
          <Coords points="1237,2126 1287,2126 1336,2125 1386,2124 1437,2124 1487,2124 1496,2123 1498,2168 1487,2169 1437,2169 1387,2169 1337,2170 1287,2171 1237,2171"/>
          <TextEquiv>
            <Unicode>dewacht</Unicode>
          </TextEquiv>
        </Word>
        <Word id="word_cba96515-17e2-46a7-a51c-d6f7fd4da6a4">
          <Coords points="1533,2121 1535,2121 1585,2118 1636,2116 1686,2114 1736,2113 1786,2111 1793,2110 1796,2155 1787,2156 1737,2158 1687,2159 1637,2161 1588,2163 1538,2166 1535,2166"/>
          <TextEquiv>
            <Unicode>opgehet</Unicode>
          </TextEquiv>
        </Word>
        <Word id="word_a7031b35-fa36-471c-b4b5-3c129aa4133d">
          <Coords points="1830,2107 1834,2107 1886,2106 1936,2105 1944,2105 1944,2150 1937,2150 1887,2151 1838,2152 1833,2152"/>
          <TextEquiv>
            <Unicode>was</Unicode>
          </TextEquiv>
        </Word>
        <Word id="word_2edbf958-6f47-41ca-964a-c127878719ce">
          <Coords points="1981,2104 1986,2104 2036,2103 2086,2101 2136,2100 2186,2099 2234,2095 2242,2095 2242,2140 2238,2140 2187,2144 2137,2145 2087,2146 2037,2148 1987,2149 1982,2149"/>
          <TextEquiv>
            <Unicode>seyens.</Unicode>
          </TextEquiv>
        </Word>
        <TextEquiv conf="0.7932038098222477">
          <Unicode>dewacht opgehet was seyens.</Unicode>
        </TextEquiv>
        <TextStyle xHeight="38"/>
      </TextLine>
      <TextLine id="line_518fab2d-18f3-459a-87db-1bd461180a68">
        <Coords points="2284,2111 2330,2110 2342,2119 2354,2110 2370,2119 2386,2110 2542,2107 2562,2091 2606,2083 2638,2067 2726,2070 2742,2082 2770,2082 2810,2106 2982,2103 3001,2114 3053,2114 3085,2125 3131,2086 3430,2096 3430,2162 3325,2171 3270,2216 3201,2198 3085,2199 3073,2190 3013,2182 2718,2186 2618,2174 2474,2187 2430,2222 2346,2221 2330,2230 2284,2230"/>
        <Baseline points="2316,2160 2366,2163 2416,2162 2466,2161 2516,2160 2566,2161 2616,2161 2666,2159 2716,2155 2766,2154 2816,2153 2866,2151 2916,2149 2966,2149 3016,2149 3066,2149 3116,2149 3166,2149 3216,2148 3266,2147 3316,2146 3366,2145 3399,2146"/>
        <Word id="word_10c2255d-9c3c-430c-9d43-4c3fa3db4b4c">
          <Coords points="2318,2125 2368,2128 2415,2127 2465,2126 2515,2125 2567,2126 2616,2126 2665,2124 2674,2123 2678,2168 2666,2169 2616,2171 2566,2171 2516,2170 2466,2171 2416,2172 2365,2173 2315,2170"/>
          <TextEquiv>
            <Unicode>regulren,</Unicode>
          </TextEquiv>
        </Word>
        <Word id="word_bbaaaf5b-22aa-4f7a-833e-f819df950e6c">
          <Coords points="2716,2120 2765,2119 2815,2118 2865,2116 2876,2116 2878,2161 2866,2161 2816,2163 2766,2164 2717,2165"/>
          <TextEquiv>
            <Unicode>inde</Unicode>
          </TextEquiv>
        </Word>
        <Word id="word_8725c32e-d4b7-4492-b2eb-584b0b59499a">
          <Coords points="2918,2114 2966,2114 3016,2114 3038,2114 3038,2159 3016,2159 2966,2159 2917,2159"/>
          <TextEquiv>
            <Unicode>wat</Unicode>
          </TextEquiv>
        </Word>
        <Word id="word_f227938b-5799-4578-ac31-9280019d473b">
          <Coords points="3078,2114 3116,2114 3166,2114 3215,2113 3238,2113 3239,2158 3216,2158 3166,2159 3116,2159 3078,2159"/>
          <TextEquiv>
            <Unicode>cans</Unicode>
          </TextEquiv>
        </Word>
        <Word id="word_61153c27-3dda-42df-bfd6-d0e38571e3c0">
          <Coords points="3278,2112 3315,2111 3365,2110 3400,2111 3399,2156 3366,2155 3316,2156 3279,2157"/>
          <TextEquiv>
            <Unicode>het</Unicode>
          </TextEquiv>
        </Word>
        <TextEquiv conf="0.7302212795125951">
          <Unicode>regulren, inde wat cans het</Unicode>
        </TextEquiv>
        <TextStyle xHeight="34"/>
      </TextLine>
      <TextLine id="f675980a-0d18-4beb-8f15-5c5a40979c14">
        <Coords points="2293,2229 2411,2225 2459,2205 2479,2185 2583,2177 2716,2181 2754,2197 3074,2192 3086,2201 3254,2208 3272,2221 3302,2196 3342,2196 3352,2205 3403,2202 3403,2268 3334,2269 3308,2293 3286,2292 3273,2283 3266,2289 3206,2288 3087,2313 2998,2308 2990,2300 2907,2301 2879,2288 2774,2281 2739,2301 2599,2301 2519,2313 2503,2300 2379,2300 2351,2321 2293,2317"/>
        <Baseline points="2325,2270 2375,2266 2425,2264 2475,2262 2525,2262 2575,2259 2625,2258 2675,2258 2725,2256 2775,2252 2825,2251 2875,2250 2925,2248 2975,2247 3025,2247 3075,2246 3125,2245 3175,2243 3225,2244 3275,2248 3325,2253 3372,2252"/>
        <Word id="word_a5f36e9b-99e2-4d8d-b318-14aff3d1b967">
          <Coords points="2322,2235 2372,2231 2424,2229 2474,2227 2525,2227 2573,2224 2624,2223 2630,2223 2630,2268 2625,2268 2576,2269 2525,2272 2475,2272 2425,2274 2376,2276 2326,2280"/>
          <TextEquiv>
            <Unicode>geweest</Unicode>
          </TextEquiv>
        </Word>
        <Word id="word_d3ad1b7d-532a-4917-aec4-de7ed4d9bc77">
          <Coords points="2674,2223 2675,2223 2724,2221 2758,2218 2762,2263 2725,2266 2675,2268 2674,2268"/>
          <TextEquiv>
            <Unicode>hy</Unicode>
          </TextEquiv>
        </Word>
        <Word id="word_26d53f39-3986-40b5-b228-f3b69eef5d99">
          <Coords points="2807,2215 2827,2216 2874,2215 2924,2213 2974,2212 2979,2212 2979,2257 2975,2257 2925,2258 2875,2260 2824,2261 2804,2260"/>
          <TextEquiv>
            <Unicode>waer</Unicode>
          </TextEquiv>
        </Word>
        <Word id="word_6a79c469-4581-461b-9d8f-27960afc852d">
          <Coords points="3023,2212 3025,2212 3074,2211 3124,2210 3174,2208 3198,2208 3197,2253 3175,2253 3125,2255 3075,2256 3025,2257 3023,2257"/>
          <TextEquiv>
            <Unicode>naer</Unicode>
          </TextEquiv>
        </Word>
        <Word id="word_e44be96b-d1ee-4bc7-aa09-bcfcf5f0128f">
          <Coords points="3245,2210 3279,2213 3328,2218 3371,2217 3372,2262 3324,2263 3274,2258 3240,2254"/>
          <TextEquiv>
            <Unicode>het</Unicode>
          </TextEquiv>
        </Word>
        <TextEquiv conf="0.8595314756049927">
          <Unicode>geweest hy waer naer het</Unicode>
        </TextEquiv>
        <TextStyle xHeight="39"/>
      </TextLine>
      <TextLine id="line_0b66c467-0d43-48d8-99ee-a42f65c7be8b">
        <Coords points="1204,2193 1246,2194 1258,2185 1366,2185 1374,2193 1409,2194 1422,2205 1450,2205 1482,2237 1514,2217 1522,2225 1574,2225 1604,2249 1638,2229 1701,2234 1765,2185 1921,2185 2001,2198 2250,2198 2250,2264 2238,2270 2204,2274 2192,2262 2141,2262 2093,2270 2069,2282 2033,2282 2025,2290 1885,2289 1846,2325 1828,2313 1789,2314 1762,2341 1738,2322 1710,2329 1658,2285 1630,2309 1614,2309 1606,2301 1566,2306 1506,2273 1366,2270 1358,2278 1282,2282 1266,2294 1204,2294"/>
        <Baseline points="1236,2262 1286,2261 1336,2262 1386,2263 1436,2262 1486,2260 1536,2260 1586,2259 1636,2259 1686,2259 1736,2258 1786,2258 1836,2258 1886,2256 1936,2254 1986,2254 2036,2255 2086,2254 2136,2251 2186,2250 2219,2248"/>
        <Word id="word_b4496d96-886f-4272-8ae4-941054ab83f6">
          <Coords points="1235,2227 1285,2226 1337,2227 1355,2227 1354,2272 1336,2272 1286,2271 1236,2272"/>
          <TextEquiv>
            <Unicode>den</Unicode>
          </TextEquiv>
        </Word>
        <Word id="word_18e64948-2a42-4786-bbb2-36ffd6097a57">
          <Coords points="1392,2228 1435,2227 1485,2225 1536,2225 1585,2224 1636,2224 1669,2224 1669,2269 1636,2269 1586,2269 1536,2270 1486,2270 1436,2272 1394,2273"/>
          <TextEquiv>
            <Unicode>Stirman</Unicode>
          </TextEquiv>
        </Word>
        <Word id="word_67fa03c0-6a59-4d89-974f-9d475057154c">
          <Coords points="1707,2224 1735,2223 1786,2223 1826,2223 1826,2268 1786,2268 1736,2268 1708,2269"/>
          <TextEquiv>
            <Unicode>Jan</Unicode>
          </TextEquiv>
        </Word>
        <Word id="word_441e5995-d150-4463-8c14-57b4b6bad2c1">
          <Coords points="1862,2223 1883,2221 1935,2219 1986,2219 2037,2220 2061,2219 2062,2264 2036,2265 1986,2264 1936,2264 1887,2266 1866,2268"/>
          <TextEquiv>
            <Unicode>Jansz</Unicode>
          </TextEquiv>
        </Word>
        <Word id="word_18acdf4f-bffc-44ac-aef9-ae8cddfd1d0b">
          <Coords points="2098,2219 2133,2216 2185,2215 2217,2213 2220,2258 2186,2260 2137,2261 2102,2264"/>
          <TextEquiv>
            <Unicode>Bol</Unicode>
          </TextEquiv>
        </Word>
        <TextEquiv conf="0.8071094501863042">
          <Unicode>den Stirman Jan Jansz Bol</Unicode>
        </TextEquiv>
        <TextStyle xHeight="32"/>
      </TextLine>
      <TextLine id="line_5df1d7de-72bc-43d2-bf14-86837718c288">
        <Coords points="1205,2294 1287,2290 1305,2307 1331,2311 1442,2302 1466,2319 1482,2303 1542,2298 1578,2307 1619,2301 1629,2310 1658,2286 1705,2326 1722,2331 1737,2322 1762,2342 1853,2267 1877,2283 1965,2278 1973,2286 2065,2290 2077,2299 2180,2287 2261,2287 2261,2353 2160,2353 2150,2359 2100,2354 2053,2359 2029,2371 1977,2362 1948,2387 1925,2395 1905,2386 1873,2387 1865,2395 1817,2390 1801,2374 1778,2367 1765,2367 1745,2387 1646,2391 1622,2382 1578,2391 1530,2370 1503,2394 1481,2374 1448,2379 1430,2362 1386,2371 1302,2366 1205,2375"/>
        <Baseline points="1237,2351 1287,2352 1337,2351 1387,2351 1437,2350 1487,2350 1537,2351 1587,2349 1637,2349 1687,2350 1737,2350 1787,2349 1837,2347 1887,2347 1937,2346 1987,2345 2037,2344 2087,2343 2137,2341 2187,2340 2230,2337"/>
        <Word id="word_e68dd540-381a-4d55-985a-ef850161dc90">
          <Coords points="1238,2316 1288,2317 1336,2316 1387,2316 1436,2315 1466,2315 1466,2360 1437,2360 1387,2361 1337,2361 1287,2362 1237,2361"/>
          <TextEquiv>
            <Unicode>belast</Unicode>
          </TextEquiv>
        </Word>
        <Word id="word_674d1a66-fcbd-420f-9996-db5478bd9cc6">
          <Coords points="1505,2315 1538,2316 1586,2314 1637,2314 1688,2315 1695,2315 1695,2360 1687,2360 1637,2359 1587,2359 1537,2361 1504,2360"/>
          <TextEquiv>
            <Unicode>heeft</Unicode>
          </TextEquiv>
        </Word>
        <Word id="word_b5e9bb04-caa2-412f-b7e5-78c1667863a1">
          <Coords points="1734,2315 1737,2315 1786,2314 1836,2312 1848,2312 1848,2357 1837,2357 1787,2359 1737,2360 1734,2360"/>
          <TextEquiv>
            <Unicode>dat</Unicode>
          </TextEquiv>
        </Word>
        <Word id="word_2b73a17f-384d-4bf9-b240-ea39b61eef0b">
          <Coords points="1886,2312 1887,2312 1936,2311 1986,2310 2036,2309 2086,2308 2136,2306 2186,2305 2228,2302 2231,2347 2187,2350 2137,2351 2087,2353 2037,2354 1987,2355 1937,2356 1887,2357 1886,2357"/>
          <TextEquiv>
            <Unicode>noortwest</Unicode>
          </TextEquiv>
        </Word>
        <TextEquiv conf="0.9379324979224906">
          <Unicode>belast heeft dat noortwest</Unicode>
        </TextEquiv>
        <TextStyle xHeight="29"/>
      </TextLine>
      <TextLine id="cb29b36f-7096-4137-8bdb-b9f1bb92b8fe">
        <Coords points="2285,2318 2355,2319 2399,2280 2555,2276 2563,2268 2770,2275 2782,2283 2886,2282 2926,2302 2990,2302 3002,2314 3066,2314 3078,2323 3090,2323 3102,2311 3141,2311 3173,2280 3217,2276 3225,2268 3273,2270 3297,2290 3318,2283 3337,2302 3398,2303 3395,2371 3345,2371 3337,2379 3317,2379 3273,2395 3261,2407 3237,2407 3201,2430 3159,2430 3142,2414 3010,2417 2962,2406 2914,2406 2846,2411 2818,2436 2786,2433 2771,2444 2638,2433 2606,2445 2585,2425 2539,2438 2503,2417 2427,2417 2371,2398 2285,2403"/>
        <Baseline points="2317,2379 2367,2377 2417,2377 2467,2377 2517,2375 2567,2374 2617,2375 2667,2374 2717,2372 2767,2370 2817,2367 2867,2366 2917,2365 2967,2361 3017,2358 3067,2356 3117,2355 3167,2355 3217,2354 3267,2354 3317,2355 3367,2353"/>
        <Word id="word_a2a09a28-c894-4cb3-b022-fbcb50f24c93">
          <Coords points="2316,2344 2366,2342 2417,2342 2422,2342 2422,2387 2417,2387 2367,2387 2317,2389"/>
          <TextEquiv>
            <Unicode>int</Unicode>
          </TextEquiv>
        </Word>
        <Word id="word_8c1b7b9f-9722-4c14-ac2c-ecc2fe8e15a3">
          <Coords points="2457,2342 2467,2342 2516,2340 2566,2339 2618,2340 2666,2339 2666,2339 2668,2384 2667,2384 2617,2385 2567,2384 2517,2385 2467,2387 2457,2387"/>
          <TextEquiv>
            <Unicode>Eeylen</Unicode>
          </TextEquiv>
        </Word>
        <Word id="word_20410312-d090-42f3-bc73-17ae144ab699">
          <Coords points="2701,2338 2716,2337 2766,2335 2815,2332 2866,2331 2911,2330 2912,2375 2867,2376 2818,2377 2767,2380 2717,2382 2703,2383"/>
          <TextEquiv>
            <Unicode>hadden</Unicode>
          </TextEquiv>
        </Word>
        <Word id="word_258bfeb9-038c-4922-9f10-c2a5b3d16421">
          <Coords points="2941,2330 2961,2326 3015,2323 3017,2368 2969,2371 2949,2374"/>
          <TextEquiv>
            <Unicode>te</Unicode>
          </TextEquiv>
        </Word>
        <Word id="word_5e48afcf-7614-4a22-8171-745db31fa649">
          <Coords points="3052,2321 3067,2321 3116,2320 3167,2320 3216,2319 3267,2319 3318,2320 3365,2318 3367,2363 3317,2365 3267,2364 3217,2364 3167,2365 3117,2365 3067,2366 3052,2366"/>
          <TextEquiv>
            <Unicode>reguleren</Unicode>
          </TextEquiv>
        </Word>
        <TextEquiv conf="0.8957388022815189">
          <Unicode>int Eeylen hadden te reguleren</Unicode>
        </TextEquiv>
        <TextStyle xHeight="43"/>
      </TextLine>
      <TextLine id="line_135f5f1d-45f9-4e84-ba66-b379c709b1b0">
        <Coords points="1212,2373 1334,2364 1366,2368 1378,2380 1442,2381 1454,2372 1478,2372 1500,2392 1546,2368 1578,2389 1694,2389 1834,2376 1866,2380 1874,2388 1908,2388 1922,2397 1950,2385 1982,2353 2026,2353 2034,2361 2050,2361 2110,2352 2142,2368 2191,2375 2191,2442 2082,2436 2034,2446 2027,2440 1966,2440 1950,2455 1930,2459 1880,2459 1857,2449 1850,2455 1806,2451 1798,2459 1586,2454 1570,2463 1502,2463 1426,2451 1418,2459 1334,2458 1309,2471 1274,2470 1212,2483"/>
        <Baseline points="1244,2450 1294,2446 1344,2445 1394,2443 1444,2441 1494,2440 1544,2441 1594,2436 1644,2434 1694,2434 1744,2433 1794,2433 1844,2433 1894,2432 1944,2431 1994,2430 2044,2430 2094,2429 2144,2429 2160,2426"/>
        <Word id="word_cc741d7e-6ab0-4247-a718-da3fbb7ad47b">
          <Coords points="1241,2415 1291,2411 1341,2410 1342,2455 1295,2456 1245,2460"/>
          <TextEquiv>
            <Unicode>Een</Unicode>
          </TextEquiv>
        </Word>
        <Word id="word_3c582d74-fa82-48e1-98c7-03dddc5cd458">
          <Coords points="1372,2409 1391,2408 1443,2406 1493,2405 1545,2406 1591,2401 1602,2401 1604,2446 1595,2446 1544,2451 1494,2450 1444,2451 1395,2453 1376,2454"/>
          <TextEquiv>
            <Unicode>noorden</Unicode>
          </TextEquiv>
        </Word>
        <Word id="word_ee3c51cc-2774-4164-a839-6ee457428a76">
          <Coords points="1635,2399 1643,2399 1694,2399 1734,2398 1735,2443 1694,2444 1644,2444 1637,2444"/>
          <TextEquiv>
            <Unicode>wel</Unicode>
          </TextEquiv>
        </Word>
        <Word id="word_165db024-7f4d-4f70-add6-e946953a69f1">
          <Coords points="1768,2398 1795,2398 1844,2398 1865,2398 1866,2443 1844,2443 1794,2443 1767,2443"/>
          <TextEquiv>
            <Unicode>soo</Unicode>
          </TextEquiv>
        </Word>
        <Word id="word_2981404c-7088-48f3-a327-0f228d19a489">
          <Coords points="1898,2397 1943,2396 1993,2395 2044,2395 2093,2394 2144,2394 2154,2392 2162,2436 2144,2439 2094,2439 2044,2440 1994,2440 1944,2441 1899,2442"/>
          <TextEquiv>
            <Unicode>noordel.</Unicode>
          </TextEquiv>
        </Word>
        <TextEquiv conf="0.84663016684204">
          <Unicode>Een noorden wel soo noordel.</Unicode>
        </TextEquiv>
        <TextStyle xHeight="31"/>
      </TextLine>
      <TextLine id="line_461f7ab2-01c0-4de8-a4ca-7965cf64ec4a">
        <Coords points="2274,2402 2372,2397 2428,2417 2504,2417 2568,2430 2584,2425 2609,2438 2688,2433 2712,2440 2768,2440 2806,2405 2814,2413 2914,2405 2991,2409 3011,2417 3139,2413 3160,2430 3175,2430 3323,2377 3343,2381 3375,2409 3420,2409 3420,2475 3355,2520 3079,2547 3062,2563 3007,2562 2991,2575 2946,2566 2927,2575 2912,2563 2850,2562 2756,2563 2740,2571 2678,2575 2664,2562 2520,2567 2504,2558 2420,2554 2405,2547 2320,2547 2312,2555 2274,2555"/>
        <Baseline points="2306,2480 2356,2476 2406,2476 2456,2476 2506,2473 2556,2472 2606,2471 2656,2471 2706,2472 2756,2471 2806,2471 2856,2471 2906,2469 2956,2466 3006,2465 3056,2463 3106,2461 3156,2460 3206,2459 3256,2459 3306,2459 3356,2459 3389,2459"/>
        <Word id="word_21c642bd-dcfb-4876-93c9-0fa64042b6b8">
          <Coords points="2303,2445 2353,2441 2406,2441 2455,2441 2455,2486 2406,2486 2357,2486 2307,2490"/>
          <TextEquiv>
            <Unicode>ende</Unicode>
          </TextEquiv>
        </Word>
        <Word id="word_f67fb8a9-3ed2-4b90-b236-def1cd8266ad">
          <Coords points="2485,2442 2498,2439 2555,2437 2604,2436 2605,2481 2556,2482 2508,2483 2495,2486"/>
          <TextEquiv>
            <Unicode>wat</Unicode>
          </TextEquiv>
        </Word>
        <Word id="word_b5715128-5aa3-447e-936a-3322e9e9f27d">
          <Coords points="2644,2435 2658,2436 2707,2437 2755,2436 2806,2436 2829,2436 2829,2481 2806,2481 2756,2481 2706,2482 2655,2481 2641,2480"/>
          <TextEquiv>
            <Unicode>conds</Unicode>
          </TextEquiv>
        </Word>
        <Word id="word_1f2f5f89-28de-4419-99f0-b9b55b27c40c">
          <Coords points="2864,2436 2904,2434 2954,2431 2977,2431 2978,2476 2957,2476 2906,2479 2866,2481"/>
          <TextEquiv>
            <Unicode>het</Unicode>
          </TextEquiv>
        </Word>
        <Word id="word_00b2bfd7-50e8-4d9c-bda5-45fe707064ab">
          <Coords points="3014,2430 3054,2428 3105,2426 3155,2425 3205,2424 3256,2424 3277,2424 3277,2469 3256,2469 3206,2469 3156,2470 3106,2471 3056,2473 3016,2475"/>
          <TextEquiv>
            <Unicode>gewreck</Unicode>
          </TextEquiv>
        </Word>
        <Word id="word_18a39d79-7b57-4e8f-ae56-3949bbad1bb0">
          <Coords points="3314,2424 3356,2424 3389,2424 3389,2469 3356,2469 3314,2469"/>
          <TextEquiv>
            <Unicode>zy</Unicode>
          </TextEquiv>
        </Word>
        <TextEquiv conf="0.756617216863092">
          <Unicode>ende wat conds het gewreck zy</Unicode>
        </TextEquiv>
        <TextStyle xHeight="47"/>
      </TextLine>
      <TextLine id="line_0b5bbe3c-980b-4a8a-85a3-2778c218dd24">
        <Coords points="1222,2476 1307,2472 1336,2459 1486,2463 1495,2472 1503,2464 1583,2455 1799,2460 1807,2452 1827,2451 1919,2460 1946,2456 1962,2440 2010,2439 2066,2447 2090,2460 2195,2460 2195,2526 2062,2540 2037,2564 1978,2591 1935,2590 1912,2574 1860,2571 1739,2567 1703,2579 1678,2559 1647,2560 1638,2568 1611,2563 1602,2572 1479,2571 1463,2579 1443,2563 1400,2563 1380,2572 1332,2572 1269,2630 1222,2630"/>
        <Baseline points="1254,2540 1304,2536 1354,2534 1404,2533 1454,2533 1504,2532 1554,2531 1604,2529 1654,2529 1704,2528 1754,2527 1804,2525 1854,2524 1904,2521 1954,2519 2004,2517 2054,2516 2104,2515 2154,2511 2164,2510"/>
        <Word id="word_9d54caba-ff80-4266-a49b-7956626fd675">
          <Coords points="1251,2505 1301,2501 1353,2499 1403,2498 1436,2498 1436,2543 1404,2543 1354,2544 1305,2546 1255,2550"/>
          <TextEquiv>
            <Unicode>soude</Unicode>
          </TextEquiv>
        </Word>
        <Word id="word_0fc66059-84b8-4aec-abd3-d1abe2cffae7">
          <Coords points="1471,2498 1503,2497 1553,2496 1603,2494 1654,2494 1703,2493 1753,2492 1799,2490 1801,2535 1754,2537 1704,2538 1654,2539 1604,2539 1554,2541 1504,2542 1473,2543"/>
          <TextEquiv>
            <Unicode>aenloopen</Unicode>
          </TextEquiv>
        </Word>
        <Word id="word_ed749e4b-b74d-422a-b161-d065b9f40c58">
          <Coords points="1837,2489 1855,2489 1902,2486 1953,2484 1981,2483 1982,2528 1954,2529 1905,2531 1854,2534 1836,2534"/>
          <TextEquiv>
            <Unicode>ende</Unicode>
          </TextEquiv>
        </Word>
        <Word id="word_c4c1e60f-2ff0-48df-a495-25d21ae51d3d">
          <Coords points="2018,2481 2054,2481 2103,2480 2151,2476 2160,2475 2165,2520 2155,2521 2104,2525 2054,2526 2019,2526"/>
          <TextEquiv>
            <Unicode>mede</Unicode>
          </TextEquiv>
        </Word>
        <TextEquiv conf="0.8785063245909115">
          <Unicode>soude aenloopen ende mede</Unicode>
        </TextEquiv>
        <TextStyle xHeight="38"/>
      </TextLine>
      <TextLine id="line_2524369d-617a-4961-b2d9-c55a5e874212">
        <Coords points="1222,2628 1252,2628 1270,2610 1284,2618 1332,2571 1352,2571 1364,2559 1385,2554 1400,2562 1441,2563 1457,2578 1520,2579 1536,2579 1552,2563 1616,2550 1640,2550 1656,2562 1675,2558 1691,2567 1704,2559 1816,2558 1840,2570 1912,2574 1936,2590 1976,2591 2040,2563 2072,2531 2120,2526 2136,2534 2180,2534 2220,2574 2261,2574 2261,2640 2242,2629 2193,2641 2136,2641 2124,2653 2112,2653 2081,2684 2051,2677 1992,2711 1948,2669 1896,2672 1860,2644 1732,2645 1720,2657 1692,2661 1660,2660 1640,2640 1616,2653 1607,2644 1536,2649 1498,2684 1316,2679 1298,2692 1288,2683 1222,2680"/>
        <Baseline points="1254,2640 1304,2636 1354,2633 1404,2631 1454,2631 1504,2631 1554,2631 1604,2630 1654,2629 1704,2627 1754,2626 1804,2626 1854,2625 1904,2623 1954,2622 2004,2621 2054,2621 2104,2621 2154,2621 2204,2620 2230,2624"/>
        <Word id="word_01b134a4-1d14-4697-90c2-3ed26d90882a">
          <Coords points="1251,2605 1301,2601 1349,2598 1352,2643 1305,2646 1255,2650"/>
          <TextEquiv>
            <Unicode>het</Unicode>
          </TextEquiv>
        </Word>
        <Word id="word_86eb0cb7-00b1-46e8-a412-aefd99f8bac7">
          <Coords points="1384,2596 1404,2596 1454,2596 1504,2596 1554,2596 1579,2596 1579,2640 1554,2641 1504,2641 1454,2641 1404,2641 1384,2641"/>
          <TextEquiv>
            <Unicode>Eylant</Unicode>
          </TextEquiv>
        </Word>
        <Word id="word_5a92cc77-ebc8-4b17-a567-37f780fd82e4">
          <Coords points="1611,2595 1653,2594 1703,2592 1753,2591 1804,2591 1806,2591 1807,2636 1804,2636 1754,2636 1704,2637 1654,2639 1612,2640"/>
          <TextEquiv>
            <Unicode>voorsz</Unicode>
          </TextEquiv>
        </Word>
        <Word id="word_501b34ff-ae6c-49e8-b5ff-ca6f58e2fc27">
          <Coords points="1839,2590 1853,2590 1903,2588 1953,2587 2002,2586 2003,2631 1954,2632 1904,2633 1854,2635 1840,2635"/>
          <TextEquiv>
            <Unicode>maken</Unicode>
          </TextEquiv>
        </Word>
        <Word id="word_50607a9e-08ad-4ab0-93b0-e0bef4f2f0bf">
          <Coords points="2036,2585 2055,2586 2104,2586 2154,2586 2203,2585 2235,2589 2228,2634 2204,2630 2154,2631 2104,2631 2054,2631 2035,2630"/>
          <TextEquiv>
            <Unicode>houden</Unicode>
          </TextEquiv>
        </Word>
        <TextEquiv conf="0.8493972968932103">
          <Unicode>het Eylant voorsz maken houden</Unicode>
        </TextEquiv>
        <TextStyle xHeight="36"/>
      </TextLine>
      <TextLine id="b30fc268-1a0c-48ac-9007-5e205cdcf270">
        <Coords points="1221,2653 1249,2657 1278,2685 1299,2689 1315,2674 1327,2673 1347,2684 1497,2685 1539,2646 1624,2649 1639,2638 1671,2658 1723,2658 1735,2646 1866,2645 1895,2673 2011,2669 2025,2681 2053,2678 2067,2685 2079,2685 2111,2654 2123,2654 2135,2642 2184,2642 2242,2629 2255,2638 2275,2638 2288,2629 2334,2629 2342,2637 2490,2638 2542,2629 2750,2629 2790,2638 2914,2633 2938,2654 3026,2649 3046,2666 3058,2658 3102,2653 3114,2665 3194,2669 3206,2661 3258,2670 3374,2668 3391,2650 3391,2716 3372,2704 3363,2713 3286,2716 3269,2726 3250,2709 3150,2709 3134,2717 3026,2713 3011,2727 2994,2719 2926,2732 2726,2728 2698,2736 2678,2752 2638,2756 2618,2747 2418,2743 2410,2735 2370,2740 2358,2752 2247,2756 2199,2755 2167,2739 2023,2740 1991,2731 1927,2740 1903,2739 1895,2731 1819,2728 1799,2746 1767,2731 1691,2732 1662,2724 1650,2736 1635,2736 1590,2779 1529,2782 1514,2795 1479,2799 1431,2798 1399,2766 1367,2755 1283,2752 1267,2767 1221,2759"/>
        <Baseline points="1253,2727 1303,2726 1353,2724 1403,2720 1453,2718 1503,2718 1553,2717 1603,2717 1653,2716 1703,2716 1753,2717 1803,2717 1853,2717 1903,2718 1953,2719 2003,2719 2053,2719 2103,2719 2153,2718 2203,2719 2253,2719 2303,2719 2353,2718 2403,2717 2453,2719 2503,2719 2553,2718 2603,2715 2653,2715 2703,2715 2753,2715 2803,2717 2853,2715 2903,2711 2953,2709 3003,2706 3053,2703 3103,2702 3153,2701 3203,2699 3253,2699 3303,2699 3353,2700 3360,2700"/>
        <Word id="word_470865d9-0479-44b6-8db7-3c20c1e7386d">
          <Coords points="1252,2692 1302,2691 1352,2689 1363,2688 1367,2733 1353,2734 1303,2736 1253,2737"/>
          <TextEquiv>
            <Unicode>int</Unicode>
          </TextEquiv>
        </Word>
        <Word id="word_0bdbfa49-d48e-4ca5-a873-f355b1eadcfc">
          <Coords points="1402,2685 1452,2683 1503,2683 1552,2682 1603,2682 1652,2681 1667,2681 1667,2726 1653,2726 1603,2727 1553,2727 1503,2728 1453,2728 1404,2730"/>
          <TextEquiv>
            <Unicode>gesicht</Unicode>
          </TextEquiv>
        </Word>
        <Word id="word_dca951f2-56b5-4e60-931b-25fc2d76ffa9">
          <Coords points="1705,2681 1754,2682 1780,2682 1780,2727 1753,2727 1704,2726"/>
          <TextEquiv>
            <Unicode>te</Unicode>
          </TextEquiv>
        </Word>
        <Word id="word_ecc1f1b6-9ff4-4606-98b6-b80ca5b989c4">
          <Coords points="1817,2682 1853,2682 1904,2683 1954,2684 2003,2684 2043,2684 2043,2729 2003,2729 1953,2729 1903,2728 1853,2727 1817,2727"/>
          <TextEquiv>
            <Unicode>houden</Unicode>
          </TextEquiv>
        </Word>
        <Word id="word_82cdfac4-dc9d-4826-be0c-3a95336f4368">
          <Coords points="2081,2684 2103,2684 2152,2683 2204,2684 2253,2684 2303,2684 2306,2684 2307,2729 2303,2729 2253,2729 2203,2729 2153,2728 2103,2729 2081,2729"/>
          <TextEquiv>
            <Unicode>Twelck</Unicode>
          </TextEquiv>
        </Word>
        <Word id="word_9c923ab7-0bd3-4fb6-bf75-d64d124dc979">
          <Coords points="2344,2683 2352,2683 2402,2682 2454,2684 2457,2684 2457,2729 2453,2729 2403,2727 2353,2728 2345,2728"/>
          <TextEquiv>
            <Unicode>den</Unicode>
          </TextEquiv>
        </Word>
        <Word id="word_319081b3-6a3e-4461-8bca-e407b0d8da5e">
          <Coords points="2495,2684 2503,2684 2552,2683 2601,2680 2653,2680 2703,2680 2753,2680 2797,2682 2795,2727 2753,2725 2703,2725 2653,2725 2604,2725 2553,2728 2503,2729 2495,2729"/>
          <TextEquiv>
            <Unicode>Stierman</Unicode>
          </TextEquiv>
        </Word>
        <Word id="word_d5fbb291-c933-40d5-87ab-f2dc1b17259c">
          <Coords points="2828,2684 2847,2680 2900,2676 2945,2674 2946,2719 2904,2721 2855,2725 2835,2728"/>
          <TextEquiv>
            <Unicode>Bol</Unicode>
          </TextEquiv>
        </Word>
        <Word id="word_6a560865-50d7-4b57-ab25-af13a917a2e9">
          <Coords points="2980,2673 3000,2671 3051,2668 3102,2667 3152,2666 3202,2664 3209,2664 3209,2709 3203,2709 3153,2711 3103,2712 3054,2713 3004,2716 2984,2718"/>
          <TextEquiv>
            <Unicode>bekent</Unicode>
          </TextEquiv>
        </Word>
        <Word id="word_d9bfde94-17e8-4973-8ac4-b8fc797ba4ff">
          <Coords points="3247,2664 3253,2664 3303,2664 3354,2665 3360,2665 3360,2710 3353,2710 3303,2709 3253,2709 3247,2709"/>
          <TextEquiv>
            <Unicode>hen</Unicode>
          </TextEquiv>
        </Word>
        <TextEquiv conf="0.844623884571409">
          <Unicode>int gesicht te houden Twelck den Stierman Bol bekent hen</Unicode>
        </TextEquiv>
        <TextStyle xHeight="35"/>
      </TextLine>
      <TextLine id="line_745df326-d6b8-4b70-a6c7-102b36b9e3d2">
        <Coords points="1212,2756 1256,2760 1266,2769 1282,2753 1366,2752 1391,2761 1418,2784 1450,2784 1462,2796 1483,2797 1530,2793 1542,2781 1578,2781 1598,2772 1698,2773 1758,2733 1786,2741 1812,2737 1828,2753 1897,2761 1910,2749 2010,2753 2058,2740 2186,2741 2254,2733 2272,2740 2298,2730 2354,2729 2365,2740 2505,2740 2533,2768 2579,2773 2609,2773 2637,2753 2677,2753 2697,2737 2745,2722 2925,2730 2990,2721 3037,2726 3065,2722 3073,2714 3169,2713 3247,2718 3275,2733 3285,2729 3305,2745 3321,2737 3381,2736 3409,2761 3434,2741 3434,2807 3417,2813 3393,2813 3384,2804 3137,2808 3045,2885 3022,2884 2989,2852 2973,2852 2965,2844 2913,2844 2889,2832 2821,2832 2781,2861 2713,2865 2702,2865 2682,2848 2553,2853 2481,2845 2413,2877 2393,2876 2365,2856 2337,2856 2329,2848 2285,2846 2265,2853 2237,2844 2210,2869 2204,2865 2184,2881 2126,2829 2111,2840 2100,2832 2002,2833 1966,2857 1858,2857 1818,2844 1730,2849 1677,2900 1658,2905 1603,2861 1578,2856 1538,2857 1506,2869 1426,2868 1390,2901 1374,2892 1212,2884"/>
        <Baseline points="1244,2830 1294,2829 1344,2827 1394,2827 1444,2827 1494,2826 1544,2825 1594,2825 1644,2824 1694,2825 1744,2824 1794,2825 1844,2825 1894,2825 1944,2824 1994,2823 2044,2822 2094,2822 2144,2821 2194,2820 2244,2818 2294,2817 2344,2815 2394,2813 2444,2813 2494,2812 2544,2811 2594,2810 2644,2809 2694,2808 2744,2805 2794,2804 2844,2807 2894,2807 2944,2803 2994,2800 3044,2799 3094,2796 3144,2795 3194,2794 3244,2793 3294,2792 3344,2792 3394,2794 3403,2791"/>
        <Word id="word_8ce60833-1bb9-4b63-9ebe-0ad11a529638">
          <Coords points="1243,2795 1293,2794 1343,2792 1394,2792 1444,2792 1449,2792 1450,2837 1444,2837 1394,2837 1344,2837 1294,2839 1244,2840"/>
          <TextEquiv>
            <Unicode>vanden</Unicode>
          </TextEquiv>
        </Word>
        <Word id="word_c5bb3aeb-b098-41ac-829b-1d3221ad451f">
          <Coords points="1483,2791 1493,2791 1543,2790 1594,2790 1643,2789 1695,2790 1743,2789 1795,2790 1844,2790 1894,2790 1929,2789 1930,2834 1894,2835 1844,2835 1794,2835 1744,2834 1694,2835 1644,2834 1594,2835 1544,2835 1494,2836 1484,2836"/>
          <TextEquiv>
            <Unicode>gerepoteerden</Unicode>
          </TextEquiv>
        </Word>
        <Word id="word_f90f5e9e-2d40-42df-9eb1-7d0ffcba55c8">
          <Coords points="1963,2789 1993,2788 2043,2787 2094,2787 2143,2786 2193,2785 2237,2783 2239,2828 2194,2830 2144,2831 2094,2832 2044,2832 1994,2833 1964,2834"/>
          <TextEquiv>
            <Unicode>Schipper</Unicode>
          </TextEquiv>
        </Word>
        <Word id="word_68b6bce9-1247-45df-b17f-5c853d699570">
          <Coords points="2273,2782 2294,2782 2343,2780 2393,2778 2444,2778 2493,2777 2543,2776 2593,2775 2615,2775 2616,2820 2594,2820 2544,2821 2494,2822 2444,2823 2394,2823 2344,2825 2294,2827 2272,2827"/>
          <TextEquiv>
            <Unicode>aengedient</Unicode>
          </TextEquiv>
        </Word>
        <Word id="word_5769247c-f772-45fd-9566-a4dbb8f6fbd6">
          <Coords points="2649,2774 2693,2773 2716,2772 2719,2817 2694,2818 2650,2819"/>
          <TextEquiv>
            <Unicode>te</Unicode>
          </TextEquiv>
        </Word>
        <Word id="word_9f54e81b-e0ad-4cd9-a089-8be1821feef3">
          <Coords points="2752,2769 2794,2769 2846,2772 2890,2772 2890,2817 2843,2817 2794,2814 2753,2814"/>
          <TextEquiv>
            <Unicode>syn,</Unicode>
          </TextEquiv>
        </Word>
        <Word id="word_b862c2a2-e331-4762-94c1-6ba654d718cc">
          <Coords points="2917,2773 2937,2769 2992,2765 3043,2764 3092,2761 3128,2760 3129,2805 3095,2806 3044,2809 2995,2810 2946,2813 2926,2817"/>
          <TextEquiv>
            <Unicode>Echter</Unicode>
          </TextEquiv>
        </Word>
        <Word id="word_da41200d-71f6-450d-a2b5-727bb8c4eb7a">
          <Coords points="3163,2760 3193,2759 3243,2758 3293,2757 3344,2757 3392,2758 3395,2759 3406,2801 3394,2804 3344,2802 3294,2802 3244,2803 3194,2804 3163,2805"/>
          <TextEquiv>
            <Unicode>noordel</Unicode>
          </TextEquiv>
        </Word>
        <TextEquiv conf="0.8673576481637638">
          <Unicode>vanden gerepoteerden Schipper aengedient te syn, Echter noordel</Unicode>
        </TextEquiv>
        <TextStyle xHeight="37"/>
      </TextLine>
      <TextLine id="line_9b5ad828-32f7-4096-80f1-5117e751167e">
        <Coords points="1183,2881 1209,2877 1225,2893 1237,2894 1261,2885 1313,2886 1353,2866 1389,2866 1405,2874 1505,2870 1537,2858 1580,2857 1605,2862 1661,2909 1732,2858 1832,2857 1844,2869 1880,2869 1892,2878 1948,2873 1980,2901 2025,2901 2068,2890 2087,2897 2126,2889 2154,2894 2212,2866 2244,2837 2419,2870 2463,2858 2479,2846 2499,2846 2515,2830 2563,2830 2591,2837 2603,2849 2683,2849 2703,2866 2744,2854 2779,2862 2823,2834 2896,2834 2990,2853 3022,2885 3043,2889 3126,2814 3210,2818 3254,2845 3379,2838 3379,2904 3334,2904 3302,2926 3171,2917 3134,2949 3057,2954 3038,2937 3011,2937 2991,2925 2843,2925 2831,2917 2795,2917 2775,2930 2723,2938 2634,2942 2611,2933 2487,2937 2475,2946 2451,2945 2443,2937 2299,2938 2292,2945 2260,2937 2180,2946 2156,2970 2128,2970 2094,2990 2088,2984 2008,2985 1961,2938 1928,2938 1905,2950 1729,2945 1705,2969 1688,2957 1632,2957 1604,2946 1568,2974 1556,2974 1505,3022 1469,3021 1457,3009 1329,3006 1297,2981 1281,2982 1233,3010 1183,3014"/>
        <Baseline points="1215,2947 1265,2942 1315,2939 1365,2938 1415,2937 1465,2935 1515,2935 1565,2934 1615,2934 1665,2933 1715,2934 1765,2934 1815,2932 1865,2931 1915,2930 1965,2929 2015,2929 2065,2929 2115,2927 2165,2925 2215,2923 2265,2921 2315,2918 2365,2916 2415,2916 2465,2914 2515,2912 2565,2910 2615,2911 2665,2910 2715,2908 2765,2907 2815,2906 2865,2903 2915,2902 2965,2901 3015,2899 3065,2897 3115,2896 3165,2894 3215,2893 3265,2892 3315,2890 3348,2888"/>
        <Word id="word_1bd45704-e3de-4119-a1b2-a4e20104eabf">
          <Coords points="1212,2912 1262,2907 1313,2904 1364,2903 1414,2902 1464,2900 1466,2900 1466,2945 1465,2945 1415,2947 1365,2948 1316,2949 1266,2952 1216,2957"/>
          <TextEquiv>
            <Unicode>gelyck</Unicode>
          </TextEquiv>
        </Word>
        <Word id="word_7710c0a5-46f9-49f2-a1bd-74a24411f3d1">
          <Coords points="1508,2900 1515,2900 1564,2899 1615,2899 1632,2899 1633,2944 1615,2944 1565,2944 1515,2945 1508,2945"/>
          <TextEquiv>
            <Unicode>sun</Unicode>
          </TextEquiv>
        </Word>
        <Word id="word_75dd5662-ca3c-4538-8d2e-fbf85044b03c">
          <Coords points="1676,2898 1716,2899 1765,2899 1814,2897 1864,2896 1883,2896 1884,2941 1865,2941 1815,2942 1765,2944 1715,2944 1675,2943"/>
          <TextEquiv>
            <Unicode>derlf</Unicode>
          </TextEquiv>
        </Word>
        <Word id="word_08870219-8a0f-460e-8aa9-3e05b4464943">
          <Coords points="1925,2895 1964,2894 2015,2894 2065,2894 2114,2892 2164,2890 2214,2888 2264,2886 2313,2883 2364,2881 2386,2881 2386,2926 2365,2926 2316,2928 2265,2931 2215,2933 2165,2935 2115,2937 2065,2939 2015,2939 1965,2939 1926,2940"/>
          <TextEquiv>
            <Unicode>schoorsteen</Unicode>
          </TextEquiv>
        </Word>
        <Word id="word_3edb24d4-be9a-4acc-b989-bbd3c94fe7e4">
          <Coords points="2426,2881 2463,2879 2514,2877 2552,2875 2554,2920 2515,2922 2466,2924 2428,2926"/>
          <TextEquiv>
            <Unicode>die</Unicode>
          </TextEquiv>
        </Word>
        <Word id="word_b0d91ac7-727b-4473-8d12-6212942c42ad">
          <Coords points="2599,2874 2619,2876 2664,2875 2714,2873 2762,2872 2763,2917 2715,2918 2665,2920 2614,2921 2594,2919"/>
          <TextEquiv>
            <Unicode>aent</Unicode>
          </TextEquiv>
        </Word>
        <Word id="word_ca9a40df-90c2-48dc-b69a-e569d114fa49">
          <Coords points="2803,2871 2814,2871 2863,2868 2914,2867 2964,2866 2970,2866 2972,2911 2965,2911 2915,2912 2866,2913 2815,2916 2804,2916"/>
          <TextEquiv>
            <Unicode>Beer</Unicode>
          </TextEquiv>
        </Word>
        <Word id="word_38a9f1bb-8199-4d93-93bb-5f46e372ffee">
          <Coords points="3012,2864 3014,2864 3064,2862 3114,2861 3137,2860 3139,2905 3115,2906 3065,2907 3015,2909 3014,2909"/>
          <TextEquiv>
            <Unicode>was</Unicode>
          </TextEquiv>
        </Word>
        <Word id="word_8d797b42-b353-425d-9445-619a64c16500">
          <Coords points="3180,2858 3215,2858 3264,2857 3314,2855 3346,2853 3348,2898 3315,2900 3265,2902 3215,2903 3181,2903"/>
          <TextEquiv>
            <Unicode>mede</Unicode>
          </TextEquiv>
        </Word>
        <TextEquiv conf="0.8173427947854567">
          <Unicode>gelyck sun derlf schoorsteen die aent Beer was mede</Unicode>
        </TextEquiv>
        <TextStyle xHeight="34"/>
      </TextLine>
      <TextLine id="dc78d990-c22a-413b-9038-d6136a07331d">
        <Coords points="1202,3012 1232,3008 1284,2983 1300,2983 1320,3000 1360,2996 1456,3007 1470,3020 1508,3020 1544,2991 1568,3004 1684,3004 1811,3000 1819,2992 1906,2985 1923,2999 1967,3008 1999,2984 2098,2977 2103,2982 2163,2963 2203,2964 2215,2952 2263,2952 2271,2944 2383,2944 2399,2935 2443,2948 2467,2935 2575,2944 2595,2931 2623,2940 2818,2931 2924,2948 3007,2936 3041,2939 3058,2952 3132,2948 3171,2916 3206,2924 3226,2940 3327,2928 3326,2996 3062,3004 3030,3008 3022,3016 2986,3016 2959,3031 2946,3019 2918,3020 2902,3032 2862,3031 2829,3015 2757,3016 2707,3024 2699,3032 2579,3032 2541,3062 2516,3039 2439,3039 2399,3028 2335,3032 2311,3048 2123,3048 2083,3056 1999,3056 1986,3067 1964,3047 1847,3051 1835,3060 1755,3064 1724,3084 1670,3084 1636,3107 1615,3108 1600,3107 1563,3075 1504,3075 1480,3063 1452,3063 1428,3048 1408,3056 1304,3052 1280,3076 1202,3080"/>
        <Baseline points="1234,3045 1284,3043 1334,3042 1384,3041 1434,3040 1484,3039 1534,3038 1584,3037 1634,3037 1684,3038 1734,3038 1784,3040 1834,3038 1884,3037 1934,3036 1984,3035 2034,3033 2084,3032 2134,3030 2184,3029 2234,3028 2284,3025 2334,3024 2384,3022 2434,3020 2484,3018 2534,3017 2584,3015 2634,3014 2684,3011 2734,3009 2784,3007 2834,3005 2884,3003 2934,3001 2984,3000 3034,2998 3084,2995 3134,2991 3184,2989 3234,2987 3284,2983 3296,2978"/>
        <Word id="word_b9934573-6dc0-4395-b1d2-54465d1dd05c">
          <Coords points="1233,3010 1283,3008 1333,3007 1383,3006 1433,3005 1483,3004 1533,3003 1543,3003 1544,3048 1534,3048 1484,3049 1434,3050 1384,3051 1334,3052 1284,3053 1234,3055"/>
          <TextEquiv>
            <Unicode>verclaert</Unicode>
          </TextEquiv>
        </Word>
        <Word id="word_c0b6852f-b47e-47b4-9bf1-1ef6e02b6a57">
          <Coords points="1577,3002 1583,3002 1634,3002 1685,3003 1734,3003 1785,3005 1833,3003 1883,3002 1887,3002 1888,3047 1884,3047 1834,3048 1784,3050 1734,3048 1684,3048 1634,3047 1584,3047 1578,3047"/>
          <TextEquiv>
            <Unicode>aengegaen</Unicode>
          </TextEquiv>
        </Word>
        <Word id="word_76b70b76-c3d4-4eb7-95d9-05b3feb0f6b4">
          <Coords points="1921,3001 1933,3001 1983,3000 1989,3000 1991,3045 1984,3045 1934,3046 1922,3046"/>
          <TextEquiv>
            <Unicode>te</Unicode>
          </TextEquiv>
        </Word>
        <Word id="word_18ae5695-190a-46d7-9abf-416099c76d59">
          <Coords points="2024,2998 2033,2998 2083,2997 2133,2995 2183,2994 2233,2993 2264,2991 2266,3036 2234,3038 2184,3039 2134,3040 2084,3042 2034,3043 2026,3043"/>
          <TextEquiv>
            <Unicode>hebben,</Unicode>
          </TextEquiv>
        </Word>
        <Word id="word_ca4f1a84-ba4e-4392-8afc-fc8c746c9625">
          <Coords points="2300,2989 2334,2989 2383,2987 2433,2985 2483,2983 2533,2982 2539,2982 2541,3027 2534,3027 2484,3028 2434,3030 2384,3032 2334,3034 2300,3034"/>
          <TextEquiv>
            <Unicode>Verders</Unicode>
          </TextEquiv>
        </Word>
        <Word id="word_628ab133-6fa7-4a4e-b23f-fe668a86b00c">
          <Coords points="2574,2980 2583,2980 2633,2979 2682,2976 2733,2974 2783,2972 2833,2970 2849,2969 2851,3014 2834,3015 2784,3017 2734,3019 2685,3021 2634,3024 2584,3025 2576,3025"/>
          <TextEquiv>
            <Unicode>houdende</Unicode>
          </TextEquiv>
        </Word>
        <Word id="word_b248c6d4-3279-46da-87b2-81e3bcac5c91">
          <Coords points="2883,2968 2933,2966 2983,2965 3033,2963 3082,2960 3131,2956 3183,2954 3233,2952 3281,2948 3283,2946 3300,2987 3285,2993 3234,2997 3184,2999 3135,3001 3085,3005 3034,3008 2984,3010 2934,3011 2885,3013"/>
          <TextEquiv>
            <Unicode>doresterende</Unicode>
          </TextEquiv>
        </Word>
        <TextEquiv conf="0.8934956573984781">
          <Unicode>verclaert aengegaen te hebben, Verders houdende doresterende</Unicode>
        </TextEquiv>
        <TextStyle xHeight="29"/>
      </TextLine>
      <TextLine id="c0b9b3dd-1fd9-45b6-b7dc-e66c08b2c08b">
        <Coords points="1201,3089 1235,3090 1251,3074 1283,3074 1307,3050 1351,3053 1395,3073 1559,3070 1579,3090 1639,3090 1671,3101 1705,3082 1734,3082 1770,3062 1830,3062 1878,3050 1960,3049 1984,3072 1993,3065 2003,3073 2018,3058 2201,3045 2237,3061 2342,3058 2365,3078 2438,3078 2445,3085 2492,3090 2547,3061 2625,3070 2637,3058 2781,3054 2789,3046 2846,3042 2880,3010 2933,3010 3000,3057 3117,3054 3115,3121 3048,3120 2980,3129 2964,3140 2909,3132 2804,3136 2780,3160 2573,3172 2541,3184 2509,3167 2457,3176 2309,3172 2297,3163 2229,3176 1994,3171 1922,3176 1910,3188 1862,3175 1798,3227 1686,3218 1662,3231 1590,3231 1530,3180 1510,3196 1486,3192 1463,3211 1431,3210 1395,3227 1370,3215 1331,3219 1311,3231 1201,3218"/>
        <Baseline points="1233,3135 1283,3132 1333,3131 1383,3130 1433,3129 1483,3130 1533,3134 1583,3135 1633,3136 1683,3136 1733,3136 1783,3136 1833,3134 1883,3133 1933,3132 1983,3132 2033,3131 2083,3129 2133,3128 2183,3128 2233,3128 2283,3125 2333,3124 2383,3123 2433,3121 2483,3120 2533,3120 2583,3118 2633,3115 2683,3113 2733,3113 2783,3113 2833,3112 2883,3114 2933,3113 2983,3111 3033,3108 3083,3103 3086,3104"/>
        <Word id="word_6142683c-8628-433b-8803-46dbc97b6cca">
          <Coords points="1231,3100 1281,3097 1332,3096 1382,3095 1432,3094 1484,3095 1536,3099 1584,3100 1634,3101 1683,3101 1733,3101 1738,3101 1738,3146 1733,3146 1683,3146 1633,3146 1583,3145 1532,3144 1483,3140 1433,3139 1383,3140 1333,3141 1284,3142 1234,3145"/>
          <TextEquiv>
            <Unicode>gevraechdens</Unicode>
          </TextEquiv>
        </Word>
        <Word id="word_3cfdcafa-8758-4494-a782-a7a6281ce925">
          <Coords points="1781,3101 1783,3101 1832,3099 1882,3098 1932,3097 1949,3097 1949,3142 1933,3142 1883,3143 1833,3144 1783,3146 1781,3146"/>
          <TextEquiv>
            <Unicode>haer</Unicode>
          </TextEquiv>
        </Word>
        <Word id="word_fe75a5a9-bfe7-4142-bde9-a8eae1356913">
          <Coords points="1990,3097 2032,3096 2082,3094 2132,3093 2183,3093 2233,3093 2281,3090 2328,3089 2328,3134 2284,3135 2233,3138 2183,3138 2133,3138 2083,3139 2033,3141 1991,3142"/>
          <TextEquiv>
            <Unicode>onbewust</Unicode>
          </TextEquiv>
        </Word>
        <Word id="word_238c4b27-789f-4425-bd91-80794577d6a0">
          <Coords points="2370,3088 2382,3088 2432,3086 2482,3085 2533,3085 2537,3085 2539,3130 2533,3130 2483,3130 2433,3131 2383,3133 2371,3133"/>
          <TextEquiv>
            <Unicode>vant</Unicode>
          </TextEquiv>
        </Word>
        <Word id="word_3839f2ad-c28d-4e4e-8c35-3dbe133655ea">
          <Coords points="2580,3083 2582,3083 2631,3080 2682,3078 2733,3078 2783,3078 2832,3077 2884,3079 2932,3078 2982,3076 3031,3073 3080,3068 3097,3071 3084,3113 3083,3113 3034,3118 2983,3121 2933,3123 2883,3124 2833,3122 2783,3123 2733,3123 2683,3123 2634,3125 2583,3128 2581,3128"/>
          <TextEquiv>
            <Unicode>voorgestelde</Unicode>
          </TextEquiv>
        </Word>
        <TextEquiv conf="0.9288533599406749">
          <Unicode>gevraechdens haer onbewust vant voorgestelde</Unicode>
        </TextEquiv>
        <TextStyle xHeight="41"/>
      </TextLine>
    </TextRegion>
    <TextRegion id="region_7305148c-9c70-4e12-8271-55104f3c7e1c_1" custom="structure {type:paragraph;}">
      <Coords points="1211,3536 1211,3576 1215,3580 1215,3598 1218,3602 1218,3638 1215,3642 1215,3645 1218,3649 1218,3667 1222,3671 1222,3685 1226,3689 1226,3696 1229,3700 1229,3718 1226,3722 1226,3736 1222,3740 1222,3751 1218,3754 1218,3762 1215,3765 1215,3794 1211,3798 1211,3820 1207,3823 1207,3831 1204,3834 1204,3842 1200,3845 1200,3925 1196,3929 1196,3976 1200,3980 1200,4056 1204,4060 1204,4067 1207,4071 1207,4075 1218,4085 1222,4085 1233,4093 1240,4093 1244,4096 1349,4096 1353,4093 1389,4093 1393,4089 1407,4089 1411,4085 1498,4085 1502,4089 1571,4089 1575,4093 1622,4093 1626,4096 1684,4096 1687,4093 1749,4093 1753,4089 1797,4089 1800,4085 1811,4085 1815,4082 1826,4082 1840,4071 1851,4067 1855,4064 1855,4060 1877,4038 1880,4038 1898,4024 1906,4024 1924,4013 1931,4013 1935,4009 1942,4009 1946,4005 1953,4005 1957,4002 1971,4002 1982,3994 2011,3994 2015,3991 2026,3991 2029,3987 2037,3987 2040,3984 2066,3973 2077,3962 2077,3954 2080,3951 2080,3944 2087,3933 2087,3925 2091,3922 2095,3911 2102,3904 2102,3896 2106,3893 2106,3885 2109,3882 2109,3864 2113,3860 2109,3856 2109,3809 2113,3805 2113,3798 2117,3794 2120,3776 2124,3773 2131,3754 2138,3747 2138,3714 2149,3696 2149,3689 2153,3685 2153,3667 2157,3663 2157,3656 2153,3653 2153,3642 2146,3634 2135,3609 2127,3602 2127,3598 2124,3594 2124,3587 2113,3572 2113,3569 2102,3551 2102,3543 2095,3536 2091,3536 2080,3529 2073,3529 2069,3525 2051,3525 2047,3522 2011,3522 2007,3525 1920,3525 1917,3522 1877,3522 1873,3518 1793,3518 1789,3514 1684,3514 1680,3518 1662,3518 1658,3514 1644,3514 1640,3518 1633,3518 1629,3514 1495,3514 1491,3511 1324,3511 1320,3514 1240,3514 1236,3518 1218,3525"/>
      <TextLine id="f5c5ec2f-16f3-417f-b83b-0cc5519236ee">
        <Coords points="1174,3491 1276,3486 1483,3499 1515,3490 1567,3514 1598,3498 1639,3502 1648,3510 1674,3502 1802,3498 1834,3526 1914,3522 1945,3535 1981,3531 2065,3502 2077,3502 2097,3519 2130,3518 2130,3584 2057,3593 1981,3588 1968,3600 1926,3599 1886,3608 1862,3607 1819,3573 1726,3585 1675,3580 1635,3616 1595,3639 1566,3631 1515,3582 1375,3588 1367,3596 1312,3600 1174,3588"/>
        <Baseline points="1206,3567 1256,3564 1306,3564 1356,3565 1406,3564 1456,3564 1506,3563 1556,3563 1606,3564 1656,3564 1706,3563 1756,3564 1806,3565 1856,3566 1906,3566 1956,3565 2006,3565 2056,3566 2099,3568"/>
        <Word id="word_cd5329b6-1717-488e-9b35-05a9e578be11">
          <Coords points="1204,3532 1254,3529 1306,3529 1357,3530 1405,3529 1456,3529 1505,3528 1531,3528 1531,3573 1506,3573 1456,3574 1406,3574 1356,3575 1306,3574 1257,3574 1207,3577"/>
          <TextEquiv>
            <Unicode>Antwoort</Unicode>
          </TextEquiv>
        </Word>
        <Word id="word_ef16b9ba-a1c2-4cec-a035-40cbce747ac6">
          <Coords points="1572,3528 1607,3529 1656,3529 1705,3528 1757,3529 1775,3529 1774,3574 1756,3574 1706,3573 1656,3574 1606,3574 1571,3573"/>
          <TextEquiv>
            <Unicode>Jacob</Unicode>
          </TextEquiv>
        </Word>
        <Word id="word_07dec256-988a-4f69-9025-320678d08e8f">
          <Coords points="1816,3530 1857,3531 1906,3531 1955,3530 2006,3530 2057,3531 2101,3533 2099,3578 2056,3576 2006,3575 1956,3575 1906,3576 1856,3576 1815,3575"/>
          <TextEquiv>
            <Unicode>pauluss</Unicode>
          </TextEquiv>
        </Word>
        <TextEquiv conf="0.8497936136759991">
          <Unicode>Antwoort Jacob pauluss</Unicode>
        </TextEquiv>
        <TextStyle xHeight="35"/>
      </TextLine>
      <TextLine id="line_3f7d99ef-5298-4416-b6bc-dbed3889491f">
        <Coords points="1185,3590 1215,3581 1295,3586 1311,3574 1395,3590 1516,3581 1576,3636 1591,3640 1607,3636 1682,3577 1806,3584 1819,3574 1884,3628 1893,3624 1914,3637 1938,3617 2023,3612 2057,3600 2085,3600 2110,3625 2129,3617 2194,3616 2194,3682 2133,3676 2053,3717 2017,3704 1953,3713 1913,3753 1890,3752 1863,3729 1818,3728 1802,3716 1782,3717 1774,3725 1670,3724 1662,3716 1506,3717 1478,3725 1466,3737 1446,3737 1430,3752 1382,3716 1185,3725"/>
        <Baseline points="1217,3674 1267,3672 1317,3673 1367,3672 1417,3670 1467,3671 1517,3672 1567,3671 1617,3670 1667,3671 1717,3670 1767,3670 1817,3669 1867,3670 1917,3671 1967,3669 2017,3667 2067,3666 2117,3663 2163,3666"/>
        <Word id="word_db164023-75d2-4236-a426-f964b53f5e3c">
          <Coords points="1216,3639 1266,3637 1318,3638 1362,3637 1363,3682 1317,3683 1267,3682 1217,3684"/>
          <TextEquiv>
            <Unicode>inde</Unicode>
          </TextEquiv>
        </Word>
        <Word id="word_c2dec9c6-41cb-4215-9e79-c1d4b9453feb">
          <Coords points="1396,3636 1414,3635 1468,3636 1518,3637 1566,3636 1616,3635 1668,3636 1716,3635 1726,3635 1726,3680 1717,3680 1667,3681 1617,3680 1567,3681 1517,3682 1467,3681 1418,3680 1400,3681"/>
          <TextEquiv>
            <Unicode>Juydeross</Unicode>
          </TextEquiv>
        </Word>
        <Word id="word_0c5312cf-ecba-461d-becb-24660aea8bfd">
          <Coords points="1763,3635 1767,3635 1816,3634 1868,3635 1918,3636 1966,3634 2016,3632 2066,3631 2115,3628 2165,3631 2162,3676 2118,3673 2067,3676 2017,3677 1967,3679 1917,3681 1867,3680 1817,3679 1767,3680 1763,3680"/>
          <TextEquiv>
            <Unicode>schoorsteen</Unicode>
          </TextEquiv>
        </Word>
        <TextEquiv conf="0.7036650146046334">
          <Unicode>inde Juydeross schoorsteen</Unicode>
        </TextEquiv>
        <TextStyle xHeight="41"/>
      </TextLine>
      <TextLine id="line_76b6c5ba-6fb7-436c-9fe0-1e06b8fef07a">
        <Coords points="1171,3726 1241,3718 1394,3717 1432,3749 1461,3738 1484,3717 1544,3717 1564,3725 1644,3729 1652,3737 1803,3738 1858,3729 1887,3749 1909,3750 1951,3714 1991,3710 2014,3698 2083,3698 2102,3717 2159,3721 2159,3788 1967,3785 1952,3800 1807,3799 1795,3792 1769,3812 1751,3795 1727,3795 1687,3828 1512,3827 1400,3811 1333,3811 1305,3832 1257,3832 1230,3808 1171,3807"/>
        <Baseline points="1203,3788 1253,3784 1303,3785 1353,3785 1403,3784 1453,3782 1503,3780 1553,3779 1603,3777 1653,3775 1703,3775 1753,3776 1803,3776 1853,3777 1903,3778 1953,3777 2003,3774 2053,3772 2103,3771 2128,3772"/>
        <Word id="word_68fede66-c603-468c-9295-512e9bf98ddb">
          <Coords points="1200,3753 1250,3749 1304,3750 1314,3750 1314,3795 1303,3795 1254,3794 1204,3798"/>
          <TextEquiv>
            <Unicode>als</Unicode>
          </TextEquiv>
        </Word>
        <Word id="word_5ef4e41a-c33d-45a9-b311-a5d40ff92b3f">
          <Coords points="1351,3750 1353,3750 1402,3749 1452,3747 1502,3745 1535,3744 1536,3789 1503,3790 1453,3792 1403,3794 1353,3795 1351,3795"/>
          <TextEquiv>
            <Unicode>boven</Unicode>
          </TextEquiv>
        </Word>
        <Word id="word_5370391e-981b-4d00-ba61-a3ccc4d4be61">
          <Coords points="1571,3744 1601,3742 1652,3740 1703,3740 1754,3741 1803,3741 1854,3742 1904,3743 1942,3742 1943,3787 1903,3788 1853,3787 1803,3786 1753,3786 1703,3785 1653,3785 1604,3787 1573,3789"/>
          <TextEquiv>
            <Unicode>aengehuelt</Unicode>
          </TextEquiv>
        </Word>
        <Word id="word_85a68213-41c0-4967-84cd-f5010655989d">
          <Coords points="1976,3742 1999,3739 2052,3737 2102,3736 2129,3737 2128,3782 2103,3781 2053,3782 2004,3784 1981,3786"/>
          <TextEquiv>
            <Unicode>ende</Unicode>
          </TextEquiv>
        </Word>
        <TextEquiv conf="0.8643168665584904">
          <Unicode>als boven aengehuelt ende</Unicode>
        </TextEquiv>
        <TextStyle xHeight="34"/>
      </TextLine>
      <TextLine id="f4c201c0-f122-4497-a9fb-807270299db6">
        <Coords points="1166,3813 1232,3821 1248,3834 1272,3834 1284,3822 1320,3822 1335,3809 1399,3809 1447,3821 1511,3825 1690,3826 1726,3796 1750,3796 1769,3811 1786,3795 1802,3794 1874,3798 1898,3810 1978,3806 1989,3817 2026,3818 2033,3825 2114,3827 2114,3893 2013,3885 1918,3902 1902,3893 1750,3898 1734,3914 1718,3918 1674,3913 1658,3926 1627,3934 1519,3938 1511,3946 1487,3945 1471,3929 1439,3925 1331,3921 1290,3930 1261,3901 1196,3901 1166,3912"/>
        <Baseline points="1198,3880 1248,3883 1298,3882 1348,3881 1398,3881 1448,3879 1498,3878 1548,3878 1598,3875 1648,3874 1698,3873 1748,3872 1798,3872 1848,3872 1898,3874 1948,3874 1998,3872 2048,3873 2083,3877"/>
        <Word id="word_e46b952c-606c-4cf6-9477-7f11bd81f0cf">
          <Coords points="1200,3845 1250,3848 1282,3847 1282,3892 1247,3893 1197,3890"/>
          <TextEquiv>
            <Unicode>de</Unicode>
          </TextEquiv>
        </Word>
        <Word id="word_f37b09df-ecdf-43a1-8433-f3246cc64d08">
          <Coords points="1324,3846 1347,3846 1398,3846 1447,3844 1497,3843 1548,3843 1596,3840 1619,3840 1620,3885 1599,3885 1548,3888 1498,3888 1448,3889 1398,3891 1348,3891 1325,3891"/>
          <TextEquiv>
            <Unicode>vordere</Unicode>
          </TextEquiv>
        </Word>
        <Word id="word_d85199bb-0f5d-4adc-8659-040049af1d4b">
          <Coords points="1661,3839 1697,3838 1747,3837 1798,3837 1848,3837 1899,3839 1948,3839 1997,3837 2049,3838 2087,3842 2082,3887 2048,3883 1998,3882 1948,3884 1898,3884 1848,3882 1798,3882 1748,3882 1698,3883 1662,3884"/>
          <TextEquiv>
            <Unicode>gewechdins</Unicode>
          </TextEquiv>
        </Word>
        <TextEquiv conf="0.785872911955954">
          <Unicode>de vordere gewechdins</Unicode>
        </TextEquiv>
        <TextStyle xHeight="36"/>
      </TextLine>
      <TextLine id="faac8587-e481-4db6-bd13-ff53f4be6b09">
        <Coords points="1163,3898 1265,3902 1277,3914 1297,3914 1305,3922 1464,3926 1487,3943 1612,3938 1624,3947 1635,3947 1679,3910 1735,3911 1751,3899 1875,3895 1889,3883 1919,3902 1982,3902 2034,3922 2107,3922 2107,3988 2046,3989 2007,4005 1950,4005 1931,4021 1903,4025 1700,4036 1680,4028 1659,4037 1603,4037 1516,4028 1508,4020 1492,4020 1483,4029 1444,4029 1324,4024 1316,4016 1163,4012"/>
        <Baseline points="1195,3981 1245,3981 1295,3980 1345,3981 1395,3980 1445,3979 1495,3977 1545,3975 1595,3972 1645,3973 1695,3976 1745,3976 1795,3975 1845,3975 1895,3977 1945,3975 1995,3973 2045,3972 2076,3972"/>
        <Word id="word_d626cf41-cda6-48bb-9ea3-409d88e51094">
          <Coords points="1195,3946 1245,3946 1294,3945 1346,3946 1394,3945 1444,3944 1494,3942 1511,3941 1513,3986 1495,3987 1445,3989 1395,3990 1345,3991 1295,3990 1245,3991 1195,3991"/>
          <TextEquiv>
            <Unicode>verclaren</Unicode>
          </TextEquiv>
        </Word>
        <Word id="word_3ff99c31-bb32-48f9-8e0a-bfbacafdd94b">
          <Coords points="1545,3940 1593,3937 1646,3938 1690,3941 1688,3986 1645,3983 1596,3982 1548,3985"/>
          <TextEquiv>
            <Unicode>vant</Unicode>
          </TextEquiv>
        </Word>
        <Word id="word_15d64a7a-ab25-4c8d-a39b-2b7ab758b94a">
          <Coords points="1721,3943 1742,3941 1794,3940 1845,3940 1896,3942 1898,3942 1900,3987 1895,3987 1845,3985 1795,3985 1746,3986 1724,3988"/>
          <TextEquiv>
            <Unicode>selve</Unicode>
          </TextEquiv>
        </Word>
        <Word id="word_56e36c98-49f8-4662-80ac-66785645cbf7">
          <Coords points="1934,3940 1944,3940 1994,3938 2044,3937 2076,3937 2076,3982 2045,3982 1995,3983 1945,3985 1935,3985"/>
          <TextEquiv>
            <Unicode>geen</Unicode>
          </TextEquiv>
        </Word>
        <TextEquiv conf="0.7657292494441017">
          <Unicode>verclaren vant selve geen</Unicode>
        </TextEquiv>
        <TextStyle xHeight="36"/>
      </TextLine>
      <TextLine id="cbc7ade5-ae9b-48b2-88cc-11ef892fa42e">
        <Coords points="1160,4009 1234,4014 1301,4005 1325,4022 1413,4022 1425,4014 1469,4009 1489,4021 1592,4029 1602,4038 1680,4028 1736,4034 1868,4025 1868,4091 1787,4089 1743,4112 1696,4112 1661,4143 1652,4136 1381,4144 1160,4135"/>
        <Baseline points="1192,4083 1242,4087 1292,4087 1342,4088 1392,4088 1442,4087 1492,4085 1542,4082 1592,4082 1642,4080 1692,4077 1742,4077 1792,4075 1837,4075"/>
        <Word id="word_a2c68a4b-029f-4ff0-b790-b2ab2fc81644">
          <Coords points="1195,4048 1245,4052 1292,4052 1343,4053 1392,4053 1441,4052 1477,4051 1479,4096 1442,4097 1392,4098 1342,4098 1292,4097 1241,4097 1191,4093"/>
          <TextEquiv>
            <Unicode>kennisse</Unicode>
          </TextEquiv>
        </Word>
        <Word id="word_f490f412-3e65-487e-b2bd-594dedd9a0f9">
          <Coords points="1512,4049 1539,4047 1586,4047 1586,4092 1543,4092 1515,4094"/>
          <TextEquiv>
            <Unicode>te</Unicode>
          </TextEquiv>
        </Word>
        <Word id="word_3d604c6c-3e04-42b3-b931-4bd09a35c27d">
          <Coords points="1619,4047 1639,4045 1690,4042 1742,4042 1791,4040 1837,4040 1837,4085 1792,4085 1742,4087 1693,4087 1643,4090 1623,4092"/>
          <TextEquiv>
            <Unicode>hebben</Unicode>
          </TextEquiv>
        </Word>
        <TextEquiv conf="0.8777706088988879">
          <Unicode>kennisse te hebben</Unicode>
        </TextEquiv>
        <TextStyle xHeight="38"/>
      </TextLine>
    </TextRegion>
    <TextRegion id="region_8e456997-0b74-42ff-9cfc-703d32eca6cc_2" custom="structure {type:paragraph;}">
      <Coords points="2302,3511 2298,3518 2298,3536 2295,3540 2295,3572 2302,3587 2298,3591 2298,3605 2295,3609 2295,3620 2298,3623 2298,3634 2295,3638 2295,3653 2298,3656 2298,3696 2295,3700 2295,3736 2291,3740 2291,3780 2287,3783 2287,3805 2284,3809 2284,3849 2280,3853 2280,3896 2277,3900 2277,3911 2266,3929 2266,3969 2273,3984 2273,4005 2277,4009 2277,4016 2284,4031 2284,4049 2306,4075 2309,4075 2331,4096 2335,4096 2342,4104 2357,4111 2368,4111 2371,4115 2502,4115 2506,4111 2549,4111 2553,4107 2611,4107 2615,4111 2713,4111 2717,4107 2804,4107 2808,4104 2898,4104 2902,4100 2917,4100 2920,4104 3062,4104 3066,4107 3135,4107 3138,4104 3229,4104 3233,4100 3262,4100 3266,4096 3280,4096 3284,4093 3295,4093 3299,4089 3306,4089 3320,4082 3339,4064 3339,4060 3346,4053 3346,4034 3364,4002 3364,3994 3368,3991 3368,3976 3371,3973 3371,3918 3375,3914 3375,3907 3393,3885 3400,3871 3400,3864 3404,3860 3404,3831 3408,3827 3408,3805 3411,3802 3411,3787 3419,3776 3419,3769 3429,3747 3429,3667 3426,3663 3426,3638 3422,3634 3419,3580 3400,3543 3389,3532 3375,3525 3368,3525 3357,3518 3277,3518 3262,3511 3240,3511 3237,3507 3229,3507 3215,3500 3197,3500 3193,3496 3146,3496 3142,3492 3026,3492 3022,3496 2989,3496 2986,3500 2920,3500 2917,3496 2880,3496 2877,3492 2782,3492 2778,3496 2709,3496 2706,3500 2680,3500 2677,3503 2553,3503 2549,3500 2502,3500 2498,3496 2448,3496 2444,3492 2426,3492 2422,3489 2393,3489 2389,3485 2353,3485 2349,3489 2335,3489 2313,3500"/>
      <TextLine id="line_829a6dbe-38db-4959-95e3-b53bdf7668d3">
        <Coords points="2272,3433 2330,3442 2497,3438 2549,3445 2569,3465 2613,3470 2721,3441 2745,3453 2864,3457 2900,3474 3056,3469 3072,3478 3128,3473 3160,3482 3200,3481 3218,3490 3236,3478 3399,3473 3407,3481 3452,3480 3452,3546 3355,3544 3347,3552 3331,3552 3295,3540 3287,3548 3259,3552 3024,3548 3004,3560 2940,3571 2793,3575 2769,3587 2697,3587 2677,3603 2637,3607 2569,3607 2554,3594 2500,3590 2382,3591 2374,3583 2330,3587 2306,3603 2272,3607"/>
        <Baseline points="2304,3555 2354,3550 2404,3545 2454,3541 2504,3542 2554,3543 2604,3543 2654,3542 2704,3542 2754,3543 2804,3545 2854,3544 2904,3544 2954,3544 3004,3542 3054,3540 3104,3537 3154,3537 3204,3537 3254,3535 3304,3533 3354,3531 3404,3531 3421,3530"/>
        <Word id="word_ebb73f46-5488-4545-ae50-b3957123ec85">
          <Coords points="2301,3520 2351,3515 2401,3510 2425,3508 2428,3553 2405,3555 2355,3560 2305,3565"/>
          <TextEquiv>
            <Unicode>Off</Unicode>
          </TextEquiv>
        </Word>
        <Word id="word_6181c734-30f5-430f-97a6-98b0d20acbd7">
          <Coords points="2471,3505 2506,3507 2555,3508 2604,3508 2653,3507 2704,3507 2755,3508 2805,3510 2853,3509 2904,3509 2954,3509 3003,3507 3006,3507 3007,3552 3004,3552 2954,3554 2904,3554 2854,3554 2804,3555 2754,3553 2704,3552 2654,3552 2604,3553 2554,3553 2503,3552 2468,3550"/>
          <TextEquiv>
            <Unicode>diengestelden</Unicode>
          </TextEquiv>
        </Word>
        <Word id="word_4e5157a4-43ee-4f4f-99b1-0c50dbc14dd5">
          <Coords points="3047,3505 3053,3505 3102,3502 3154,3502 3204,3502 3253,3500 3254,3500 3256,3545 3254,3545 3204,3547 3154,3547 3105,3547 3054,3550 3049,3550"/>
          <TextEquiv>
            <Unicode>Cours</Unicode>
          </TextEquiv>
        </Word>
        <Word id="word_ee37c520-0927-4bb1-8631-a0576a2faf9f">
          <Coords points="3295,3498 3303,3498 3353,3496 3404,3496 3419,3495 3421,3540 3404,3541 3354,3541 3304,3543 3297,3543"/>
          <TextEquiv>
            <Unicode>con</Unicode>
          </TextEquiv>
        </Word>
        <TextEquiv conf="0.9257340815463773">
          <Unicode>Off diengestelden Cours con</Unicode>
        </TextEquiv>
        <TextStyle xHeight="40"/>
      </TextLine>
      <TextLine id="line_25da73e5-a060-470c-9e7b-998eb9d05458">
        <Coords points="2273,3578 2287,3569 2307,3569 2371,3577 2391,3589 2555,3593 2568,3606 2632,3609 2676,3605 2695,3586 2774,3586 2791,3574 2894,3574 3002,3562 3018,3550 3167,3546 3250,3549 3286,3569 3411,3581 3411,3647 3082,3645 3042,3676 3010,3676 2967,3719 2954,3707 2775,3712 2766,3703 2739,3703 2711,3683 2638,3708 2455,3712 2423,3731 2363,3731 2328,3712 2273,3715"/>
        <Baseline points="2305,3660 2355,3656 2405,3653 2455,3651 2505,3650 2555,3650 2605,3650 2655,3649 2705,3648 2755,3646 2805,3645 2855,3645 2905,3644 2955,3642 3005,3639 3055,3639 3105,3638 3155,3637 3205,3636 3255,3635 3305,3634 3355,3635 3380,3631"/>
        <Word id="word_984dfb54-502d-47b2-b364-71a54ddb3a75">
          <Coords points="2302,3625 2352,3621 2403,3618 2454,3616 2504,3615 2555,3615 2584,3615 2584,3660 2555,3660 2505,3660 2455,3661 2406,3663 2356,3666 2306,3670"/>
          <TextEquiv>
            <Unicode>tinnel.</Unicode>
          </TextEquiv>
        </Word>
        <Word id="word_1a9d0944-930a-40a6-9297-3f440266dc18">
          <Coords points="2622,3615 2654,3614 2704,3613 2754,3611 2804,3610 2855,3610 2862,3610 2863,3655 2855,3655 2805,3655 2755,3656 2705,3658 2655,3659 2624,3660"/>
          <TextEquiv>
            <Unicode>hebben</Unicode>
          </TextEquiv>
        </Word>
        <Word id="word_f190a8db-6c60-4e7d-8628-c4c1ba616788">
          <Coords points="2902,3609 2904,3609 2954,3607 3003,3604 3055,3604 3104,3603 3154,3602 3180,3601 3181,3646 3155,3647 3105,3648 3055,3649 3006,3649 2955,3652 2905,3654 2903,3654"/>
          <TextEquiv>
            <Unicode>geheylt</Unicode>
          </TextEquiv>
        </Word>
        <Word id="word_7246e14e-df8a-46fc-9351-16afd478572c">
          <Coords points="3220,3601 3254,3600 3304,3599 3356,3600 3374,3596 3382,3641 3355,3645 3305,3644 3255,3645 3221,3646"/>
          <TextEquiv>
            <Unicode>ende</Unicode>
          </TextEquiv>
        </Word>
        <TextEquiv conf="0.8256314856197836">
          <Unicode>tinnel. hebben geheylt ende</Unicode>
        </TextEquiv>
        <TextStyle xHeight="42"/>
      </TextLine>
      <TextLine id="line_270b0c77-b430-4910-9a71-3f0f88b5dcfa">
        <Coords points="2262,3714 2328,3714 2364,3731 2388,3724 2420,3731 2474,3699 2616,3694 2647,3703 2675,3700 2695,3683 2708,3683 2731,3702 2823,3710 2956,3707 2967,3715 3011,3676 3242,3659 3302,3663 3326,3675 3370,3675 3402,3694 3476,3686 3491,3696 3491,3762 3071,3759 2955,3763 2835,3778 2825,3771 2809,3787 2711,3787 2679,3819 2643,3835 2614,3859 2570,3850 2552,3834 2472,3838 2432,3806 2332,3798 2304,3811 2291,3798 2262,3794"/>
        <Baseline points="2294,3772 2344,3767 2394,3764 2444,3763 2494,3762 2544,3761 2594,3761 2644,3761 2694,3761 2744,3759 2794,3759 2844,3758 2894,3757 2944,3756 2994,3755 3044,3753 3094,3752 3144,3751 3194,3751 3244,3749 3294,3747 3344,3746 3394,3746 3444,3745 3460,3746"/>
        <Word id="word_05a25b7e-2dce-4689-8c74-000848b55b72">
          <Coords points="2291,3737 2341,3732 2392,3729 2443,3728 2493,3727 2543,3726 2594,3726 2632,3726 2632,3771 2594,3771 2544,3771 2494,3772 2444,3773 2395,3774 2345,3777 2295,3782"/>
          <TextEquiv>
            <Unicode>vervolcht</Unicode>
          </TextEquiv>
        </Word>
        <Word id="word_8a166feb-3495-4046-a693-3adfa4592a0a">
          <Coords points="2670,3726 2694,3726 2743,3724 2783,3724 2783,3769 2744,3769 2694,3771 2670,3771"/>
          <TextEquiv>
            <Unicode>dan</Unicode>
          </TextEquiv>
        </Word>
        <Word id="word_cd7f53fa-1e5d-4898-a658-09346f81b9d3">
          <Coords points="2819,3724 2843,3723 2893,3722 2933,3721 2934,3766 2894,3767 2844,3768 2821,3769"/>
          <TextEquiv>
            <Unicode>wel</Unicode>
          </TextEquiv>
        </Word>
        <Word id="word_0fe2d70d-d0eb-4711-a302-8c08e412bc19">
          <Coords points="2970,3720 2993,3720 3043,3718 3093,3717 3121,3716 3122,3761 3094,3762 3044,3763 2994,3765 2971,3765"/>
          <TextEquiv>
            <Unicode>door</Unicode>
          </TextEquiv>
        </Word>
        <Word id="word_6186cf91-9d2c-4333-bb8f-292313504c41">
          <Coords points="3159,3716 3194,3716 3243,3714 3293,3712 3343,3711 3394,3711 3443,3710 3462,3711 3459,3756 3444,3755 3394,3756 3344,3756 3294,3757 3244,3759 3194,3761 3159,3761"/>
          <TextEquiv>
            <Unicode>Commando</Unicode>
          </TextEquiv>
        </Word>
        <TextEquiv conf="0.8959512905935475">
          <Unicode>vervolcht dan wel door Commando</Unicode>
        </TextEquiv>
        <TextStyle xHeight="36"/>
      </TextLine>
      <TextLine id="line_704a5f3a-965b-4598-a3c5-0fd5e8c0b67c">
        <Coords points="2253,3828 2295,3824 2335,3795 2369,3795 2391,3807 2590,3795 2610,3811 2654,3779 2750,3779 2862,3807 2922,3799 3002,3812 3062,3795 3153,3804 3201,3804 3209,3796 3233,3795 3289,3812 3434,3815 3433,3883 3341,3891 3326,3882 3177,3875 2990,3891 2837,3890 2778,3942 2740,3945 2722,3961 2630,3961 2614,3949 2566,3945 2355,3957 2323,3953 2285,3929 2253,3934"/>
        <Baseline points="2285,3890 2335,3887 2385,3884 2435,3883 2485,3881 2535,3882 2585,3882 2635,3881 2685,3879 2735,3878 2785,3878 2835,3876 2885,3875 2935,3874 2985,3873 3035,3872 3085,3872 3135,3870 3185,3868 3235,3867 3285,3867 3335,3866 3385,3866 3403,3865"/>
        <Word id="word_02821fdf-dec1-462b-9c0e-358bf0b987d9">
          <Coords points="2283,3855 2333,3852 2383,3849 2434,3848 2484,3846 2517,3847 2516,3892 2485,3891 2435,3893 2386,3894 2336,3897 2286,3900"/>
          <TextEquiv>
            <Unicode>vanden</Unicode>
          </TextEquiv>
        </Word>
        <Word id="word_c5c9602b-b5cd-434c-b767-89c07d33d351">
          <Coords points="2554,3847 2585,3847 2634,3846 2684,3844 2734,3843 2785,3843 2834,3841 2862,3840 2863,3885 2835,3886 2785,3888 2735,3888 2685,3889 2635,3891 2585,3892 2555,3892"/>
          <TextEquiv>
            <Unicode>Schipper</Unicode>
          </TextEquiv>
        </Word>
        <Word id="word_de109b02-198c-4ba2-b322-1a74a2ec3da8">
          <Coords points="2901,3840 2934,3839 2984,3838 3034,3837 3056,3837 3056,3882 3035,3882 2985,3883 2935,3884 2902,3885"/>
          <TextEquiv>
            <Unicode>ofte</Unicode>
          </TextEquiv>
        </Word>
        <Word id="word_af564705-1081-4eca-8142-f562f4367985">
          <Coords points="3093,3837 3133,3835 3184,3833 3234,3832 3285,3832 3334,3831 3385,3831 3401,3830 3404,3875 3385,3876 3335,3876 3285,3877 3235,3877 3185,3878 3135,3880 3095,3882"/>
          <TextEquiv>
            <Unicode>Stierman</Unicode>
          </TextEquiv>
        </Word>
        <TextEquiv conf="0.9395596415526563">
          <Unicode>vanden Schipper ofte Stierman</Unicode>
        </TextEquiv>
        <TextStyle xHeight="41"/>
      </TextLine>
      <TextLine id="line_05a72339-dd55-470f-87af-77549ae35387">
        <Coords points="2239,3932 2288,3931 2337,3947 2517,3947 2536,3956 2604,3943 2628,3962 2672,3963 2725,3959 2737,3947 2776,3944 2834,3892 3024,3893 3084,3884 3115,3896 3238,3900 3279,3932 3376,3928 3376,3994 3307,3996 3271,4032 3239,4032 3191,4059 3131,4043 3114,4059 3076,4059 3060,4075 3043,4067 3029,4079 3006,4079 2984,4062 2963,4067 2923,4050 2756,4051 2747,4043 2720,4067 2696,4062 2660,4027 2473,4028 2445,4055 2385,4055 2353,4027 2325,4027 2317,4019 2239,4024"/>
        <Baseline points="2271,4008 2321,4006 2371,4003 2421,4001 2471,4000 2521,3998 2571,3997 2621,3996 2671,3997 2721,3996 2771,3994 2821,3992 2871,3988 2921,3985 2971,3983 3021,3983 3071,3983 3121,3980 3171,3979 3221,3977 3271,3974 3321,3975 3345,3978"/>
        <Word id="word_43a8018c-aea8-4297-9312-350912b887ea">
          <Coords points="2270,3973 2320,3971 2369,3968 2420,3966 2470,3965 2514,3963 2516,4008 2471,4010 2421,4011 2372,4013 2321,4016 2271,4018"/>
          <TextEquiv>
            <Unicode>diens</Unicode>
          </TextEquiv>
        </Word>
        <Word id="word_875002cb-8b0d-4695-9863-acee22a7a275">
          <Coords points="2567,3961 2575,3962 2620,3961 2672,3962 2720,3961 2770,3959 2807,3958 2809,4003 2771,4004 2721,4006 2671,4007 2621,4006 2570,4007 2563,4006"/>
          <TextEquiv>
            <Unicode>wacht</Unicode>
          </TextEquiv>
        </Word>
        <Word id="word_b064aa4e-66ea-429b-81d3-62df720a1bdb">
          <Coords points="2851,3956 2865,3954 2919,3950 2970,3948 3021,3948 3071,3948 3119,3945 3149,3944 3150,3989 3122,3990 3071,3993 3021,3993 2971,3993 2922,3995 2873,3998 2859,4000"/>
          <TextEquiv>
            <Unicode>mochte</Unicode>
          </TextEquiv>
        </Word>
        <Word id="word_359ae1c0-b0ba-4364-b86e-0bb0cecd8a74">
          <Coords points="3196,3944 3219,3942 3269,3939 3322,3940 3349,3943 3344,3988 3321,3985 3272,3984 3222,3987 3199,3988"/>
          <TextEquiv>
            <Unicode>Eyn</Unicode>
          </TextEquiv>
        </Word>
        <TextEquiv conf="0.8743680566288412">
          <Unicode>diens wacht mochte Eyn</Unicode>
        </TextEquiv>
        <TextStyle xHeight="41"/>
      </TextLine>
      <TextLine id="line_4d0c28dd-5e9a-4cd4-8d2d-0bd8ee73bd8b">
        <Coords points="2248,4022 2342,4017 2362,4034 2382,4025 2422,4025 2454,4042 2490,4025 2654,4025 2694,4061 2717,4066 2737,4058 2750,4065 2778,4050 2922,4049 2958,4053 2992,4085 3001,4078 3027,4078 3046,4065 3058,4074 3074,4062 3121,4058 3142,4038 3210,4034 3218,4042 3297,4042 3306,4033 3326,4033 3346,4046 3391,4045 3391,4111 3374,4105 3258,4211 3034,4202 2994,4211 2958,4211 2942,4202 2822,4202 2773,4211 2630,4202 2602,4190 2498,4195 2462,4167 2398,4163 2365,4132 2248,4139"/>
        <Baseline points="2280,4115 2330,4116 2380,4111 2430,4108 2480,4106 2530,4105 2580,4104 2630,4101 2680,4098 2730,4096 2780,4095 2830,4094 2880,4094 2930,4093 2980,4093 3030,4092 3080,4092 3130,4091 3180,4091 3230,4092 3280,4092 3330,4093 3360,4095"/>
        <Word id="word_46f84ecd-9c97-427f-be63-fb0686970971">
          <Coords points="2281,4080 2331,4081 2377,4076 2428,4073 2479,4071 2529,4070 2531,4070 2532,4115 2530,4115 2480,4116 2431,4118 2381,4121 2330,4126 2280,4125"/>
          <TextEquiv>
            <Unicode>d'selve</Unicode>
          </TextEquiv>
        </Word>
        <Word id="word_e93f9b2a-8415-4992-8063-bf1bcaadfd09">
          <Coords points="2567,4069 2579,4069 2628,4066 2678,4063 2729,4061 2779,4060 2829,4059 2880,4059 2891,4059 2892,4104 2880,4104 2830,4104 2780,4105 2730,4106 2681,4108 2631,4111 2580,4114 2568,4114"/>
          <TextEquiv>
            <Unicode>verandert</Unicode>
          </TextEquiv>
        </Word>
        <Word id="word_f4b8e358-9948-4134-bf19-06f12711781a">
          <Coords points="2927,4058 2929,4058 2980,4058 2999,4058 3000,4103 2980,4103 2930,4103 2928,4103"/>
          <TextEquiv>
            <Unicode>is</Unicode>
          </TextEquiv>
        </Word>
        <Word id="word_8545f015-8cbf-48d1-906b-774a76eb43d3">
          <Coords points="3036,4057 3080,4057 3129,4056 3180,4056 3180,4101 3130,4101 3080,4102 3036,4102"/>
          <TextEquiv>
            <Unicode>inde</Unicode>
          </TextEquiv>
        </Word>
        <Word id="word_3d4ae7ce-986e-486a-922d-5aa833c08a7c">
          <Coords points="3218,4056 3232,4057 3280,4057 3331,4058 3362,4060 3359,4105 3330,4103 3280,4102 3229,4102 3215,4101"/>
          <TextEquiv>
            <Unicode>heen</Unicode>
          </TextEquiv>
        </Word>
        <TextEquiv conf="0.8462123560629617">
          <Unicode>d'selve verandert is inde heen</Unicode>
        </TextEquiv>
        <TextStyle xHeight="49"/>
      </TextLine>
    </TextRegion>
    <TextRegion id="region_348d0c21-43cd-449d-b44f-7ea7e7900fa5_3" custom="structure {type:paragraph;}">
      <Coords points="3699,2958 3699,2961 3695,2965 3695,2972 3699,2976 3699,2983 3702,2987 3702,2983 3706,2979 3706,2965 3702,2961 3702,2958"/>
    </TextRegion>
    <TextRegion id="region_aa2efb0b-1d80-452a-957e-a5165ecfc9d9_6" custom="structure {type:paragraph;}">
      <Coords points="1564,735 1560,731 1557,731 1553,728 1513,728 1509,724 1506,724 1502,720 1491,720 1484,728 1480,728 1469,739 1466,739 1462,742 1433,742 1429,739 1422,739 1418,735 1415,735 1411,739 1404,739 1407,742 1415,742 1418,746 1487,746 1491,749 1520,749 1524,746 1542,746 1546,742 1549,742 1553,739 1557,739 1560,735"/>
    </TextRegion>
    <TextRegion id="c9960a2e-0369-46f1-af9d-f35c0ce7bbda">
      <Coords points="2212,522 3326,522 3326,559 2212,559"/>
      <TextLine id="line_682d972c-c036-4dc8-b9f0-bf45b9f64f53">
        <Coords points="2181,488 2200,487 2228,471 2363,476 2379,467 2479,467 2519,476 2539,459 2551,459 2571,475 2619,471 2627,479 2647,480 2755,463 2775,467 2787,479 2809,476 2822,484 2867,453 2983,440 3011,464 3115,471 3159,495 3203,475 3235,483 3271,507 3356,497 3356,562 3347,553 3214,553 3199,562 3051,574 2996,569 2951,578 2943,586 2919,581 2892,589 2835,589 2807,617 2708,617 2670,608 2631,609 2623,617 2181,617"/>
        <Baseline points="2213,545 2263,545 2313,540 2363,539 2413,538 2463,537 2513,537 2563,536 2613,537 2663,538 2713,537 2763,537 2813,537 2863,539 2913,539 2963,539 3013,538 3063,540 3113,541 3163,542 3213,543 3263,545 3313,545 3325,546"/>
        <Word id="word_8644d7de-17d9-492c-9bd8-9fee315329ea">
          <Coords points="2213,510 2263,510 2310,505 2341,504 2342,549 2314,550 2263,555 2213,555"/>
          <TextEquiv>
            <Unicode>Camon</Unicode>
          </TextEquiv>
        </Word>
        <Word id="word_87648e02-1a2b-4d00-abc1-4d38b58cd023">
          <Coords points="2367,504 2412,503 2462,502 2513,502 2548,501 2549,546 2513,547 2463,547 2413,548 2368,549"/>
          <TextEquiv>
            <Unicode>Millima</Unicode>
          </TextEquiv>
        </Word>
        <Word id="word_da3cbfb3-a58b-4975-8ed4-413e61d8231e">
          <Coords points="2576,501 2614,502 2664,503 2704,502 2704,547 2663,548 2613,547 2575,546"/>
          <TextEquiv>
            <Unicode>dastz</Unicode>
          </TextEquiv>
        </Word>
        <Word id="word_4d62fbb8-74e8-459a-8790-6f1076ede4da">
          <Coords points="2730,502 2763,502 2808,502 2808,547 2763,547 2730,547"/>
          <TextEquiv>
            <Unicode>den</Unicode>
          </TextEquiv>
        </Word>
        <Word id="word_9551c512-8ef3-462e-b74b-521f94cc555b">
          <Coords points="2836,502 2865,504 2911,504 2911,549 2862,549 2833,547"/>
          <TextEquiv>
            <Unicode>hr.</Unicode>
          </TextEquiv>
        </Word>
        <Word id="word_e17a9ea8-0f30-4a36-97c6-8f74fe438f4b">
          <Coords points="2937,504 2963,504 3012,503 3064,505 3114,506 3164,507 3171,507 3170,552 3163,552 3113,551 3063,550 3013,548 2963,549 2937,549"/>
          <TextEquiv>
            <Unicode>directeur</Unicode>
          </TextEquiv>
        </Word>
        <Word id="word_bdd1f0af-de05-4586-8fdb-3c16bb13cb97">
          <Coords points="3196,508 3214,508 3264,510 3313,510 3328,511 3324,556 3313,555 3263,555 3213,553 3195,553"/>
          <TextEquiv>
            <Unicode>Arent</Unicode>
          </TextEquiv>
        </Word>
        <TextEquiv conf="0.6830605433732936">
          <Unicode>Camon Millima dastz den hr. directeur Arent</Unicode>
        </TextEquiv>
        <TextStyle xHeight="41"/>
      </TextLine>
    </TextRegion>
  </Page>
</PcGts>
