3505 4869
2726 545 2927 592 1025

882 630 1352 680 onhebbelijcke
1387 635 1749 689 proceduren
1785 644 1967 692 (:die
2002 647 2183 694 onsen
2218 648 2473 697 Eed=len
2508 653 2689 700 Heere
2725 654 3050 701 gouvern„r

864 730 1177 784 generael
1215 729 1372 776 seer
1409 732 1683 781 vreempt
1720 737 1837 783 en:
1876 738 2148 790 buijten
2186 745 2614 793 exspectatie
2652 740 3042 794 voorcomen:

876 831 1201 884 sullen:)
1242 831 1364 876 wel
1404 831 1811 878 lichtelyck
1852 832 2096 882 eenige
2136 838 2462 889 onlusten
2502 844 2828 890 tusschen
2867 843 2995 890 uwe

855 942 1010 1002 magt
1046 939 1198 986 ende
1234 938 1386 984 onse
1424 937 1612 983 natie
1650 938 1877 985 souden
1913 941 2101 987 mogen
2139 942 2554 994 resulteren,
2588 949 2704 995 soo
2741 949 2976 1000 hebben

857 1054 1032 1110 mits
1073 1047 1287 1098 desen
1328 1043 1629 1092 goeten:
1671 1042 2185 1090 hooghnoodich
2227 1046 2483 1095 geacht
2525 1048 2655 1095 uwe
2695 1042 2911 1095 mag=t

885 1163 1041 1211 hier
1078 1161 1195 1207 van
1233 1157 1350 1205 bij
1387 1156 1582 1202 tijts
1618 1155 2006 1203 kondtschap
2045 1155 2122 1201 te
2161 1155 2315 1200 doen
2354 1155 2509 1201 ende
2547 1157 2625 1203 In
2662 1156 2818 1203 alle
2856 1157 2974 1204 ne¬

840 1266 1240 1331 „dricheijt
1277 1266 1517 1313 willen
1556 1265 1994 1313 versoucken,
2033 1266 2152 1313 dat
2192 1267 2311 1313 uwe
2351 1267 2550 1313 mag„t
2588 1259 2907 1310 gelieven

877 1383 962 1428 te
1004 1378 1344 1428 manderen
1386 1370 1939 1422 meergenoemden
1981 1369 2363 1416 fugitijff
2406 1369 2533 1416 aen
2575 1367 2703 1413 ons
2745 1365 2916 1411 mach

852 1478 1101 1526 werden
1139 1471 1723 1523 gerestitueert,
1764 1471 1930 1517 oock
1971 1471 2096 1519 wij
2135 1473 2220 1519 in
2261 1470 2677 1519 toecomende
2718 1466 2885 1514 voor

880 1575 1340 1635 diergelijcke
1378 1571 1609 1619 Enorme
1647 1571 1954 1617 gewelden
1992 1572 2530 1621 gepreserveert,
2566 1573 2721 1620 ende
2759 1569 2956 1619 alsoo

883 1688 1079 1742 onsen
1115 1680 1353 1732 handel
1390 1677 1471 1724 in
1508 1677 1626 1723 uwe
1665 1674 1900 1722 mag=ts
1939 1674 2173 1721 landen
2212 1674 2564 1722 (:volgens
2602 1676 2720 1723 der
2759 1677 2994 1723 selver

879 1794 1004 1850 aen
1044 1789 1166 1838 ons
1206 1784 1531 1834 vergunde
1568 1781 1977 1829 patenten:)
2015 1780 2503 1828 onverhindert
2543 1777 2911 1825 Exerceren

857 1902 1108 1964 mogen:
1147 1896 1313 1947 mede
1351 1894 1477 1942 dat
1517 1890 1640 1938 uwe
1681 1887 1887 1935 mag„t
1925 1881 2214 1933 gelieve
2254 1880 2337 1925 te
2377 1879 2747 1926 gebieden,
2787 1876 2911 1924 dat

859 2007 1386 2075 meergedachten
1425 2000 1668 2050 prince
1706 1995 1909 2043 (:die
1950 1993 2071 2040 ons
2111 1993 2232 2038 den
2271 1991 2514 2038 rouwen
2555 1986 2878 2036 salpeter

876 2127 1118 2181 handel
1157 2126 1238 2172 In
1278 2118 1679 2169 ammadabath
1717 2114 1999 2162 gantsch
2038 2111 2360 2159 verboden
2400 2110 2600 2157 heeft
2640 2109 2720 2155 :)
2761 2110 2881 2156 den
2921 2110 3042 2157 op„

855 2237 1080 2291 „coop,
1116 2225 1562 2282 rasfineringh
1600 2223 1711 2270 en:
1747 2217 2156 2267 vervoeringh
2191 2216 2304 2262 des
2341 2216 2564 2263 selffs
2601 2218 3009 2265 licentiere,

868 2342 1134 2396 gelijck
1171 2339 1285 2386 ons
1322 2335 1436 2383 dat
1473 2333 1587 2380 bij
1624 2331 1738 2377 uwe
1775 2329 1964 2375 mag„t
2000 2326 2115 2374 van
2153 2326 2304 2371 outs
2340 2324 2568 2371 altoos
2603 2322 2988 2369 toegelaten

879 2452 999 2498 is,
1038 2443 1358 2497 hiermede
1398 2439 1677 2488 buijgen
1714 2436 1837 2485 wij
1876 2434 1996 2482 ons
2035 2431 2156 2478 met
2195 2430 2356 2476 alle
2393 2423 2875 2476 onderdanighe

879 2550 1259 2606 reverentie
1296 2548 1447 2594 voor
1485 2546 1599 2592 uwe
1636 2546 1788 2592 magt
1825 2545 1939 2591 met
1975 2536 2393 2589 toewensinge
2430 2531 2658 2580 vanden
2695 2529 3042 2577 goddelijk

873 2666 1104 2718 zeegen
1142 2661 1298 2711 Inde
1336 2654 1683 2705 regeringe
1722 2651 1838 2699 van
1876 2647 2069 2695 zijne
2107 2644 2610 2692 Conincklijcke
2646 2642 2995 2692 schepter,

322 2839 799 2892 Geschreven
845 2838 942 2884 In
989 2833 1371 2882 souratta
1410 2831 1561 2877 den
1606 2830 1848 2879 29„en
1891 2828 2084 2881 dagh
2132 2827 2275 2873 van
2322 2825 2561 2872 din„t
2608 2822 2991 2873 Januarij

340 2942 462 2993 Int
502 2946 703 2992 1646:
742 2945 905 2992 Jaer
944 2939 1107 2989 naer
1146 2936 1228 2983 de
1267 2931 1589 2979 geboorte
1627 2927 1833 2976 onses
1867 2927 2114 2975 Heeren
2153 2930 2315 2977 Jesu
2354 2933 2679 2988 Christi.

234 3180 541 3249 Aende
601 3174 1142 3225 princesse
1203 3166 1505 3219 sahel

291 3280 585 3330 Beegem,
625 3279 793 3326 uijt
834 3277 918 3323 de
959 3274 1126 3321 name
1168 3272 1293 3319 van
1334 3270 1418 3316 d'
1459 3269 1544 3316 E:

275 3386 400 3432 H=r
442 3382 818 3432 directeur
859 3379 1069 3428 arent
1108 3378 1445 3425 Barensz:
1485 3379 1654 3426 ende

716 3764 854 3820 uwe
887 3772 1647 3826 doorluchticheijts
1690 3771 2002 3818 missive
2047 3771 2269 3818 (uijt
2312 3772 2668 3818 Caesmijr
2712 3772 2845 3818 aen
2887 3771 3027 3818 ons

878 3879 1320 3932 geschreeven
1360 3876 1602 3924 hebben
1641 3875 1762 3922 met
1801 3873 2042 3920 groote
2082 3870 2324 3917 estime
2362 3872 2524 3920 naer
2562 3874 3005 3924 d'inerijten

883 3985 998 4032 van
1036 3984 1151 4030 soo
1188 3979 1533 4029 waerdigen
1570 3974 1839 4025 schrift
1875 3972 1991 4017 wel
2029 3970 2373 4017 ontfangen
2411 3970 2527 4016 ene
2563 3968 2717 4017 uijt
2755 3968 2871 4015 den

877 4091 1121 4138 teneur
1161 4083 1526 4136 desselffs
1564 4078 1809 4127 gesien
1848 4076 1971 4123 uwe
2011 4071 2700 4124 doorluchticheijts
2739 4071 3027 4123 mandam„

878 4203 955 4249 om
991 4200 1069 4246 't
1104 4197 1297 4247 schip
1335 4190 1906 4241 (:toebehoorende
1945 4184 2173 4235 sayedt
2210 4183 2479 4230 sadech,
2514 4183 2668 4230 door
2706 4177 2935 4229 d'onse

885 4312 1055 4359 voor
1095 4310 1350 4358 gamron
1392 4305 1647 4354 nevens
1688 4300 1815 4348 uwe
1857 4290 2534 4345 doorluchticheyts
2572 4282 3004 4335 Cooplieden

1560 3515 2187 3576 Doorluchtige
2238 3507 2916 3558 Hooghgebooren

1959 3612 2456 3669 princesse

2474 4449 2977 4510 Machmeth

188 654 250 700 aer

0 1462 231 1509 van

0 1546 234 1602 stj:e

129 2818 226 2866 uijt

111 2916 195 2962 taen

0 3013 228 3059 seeckere

0 3117 123 3167 ende
152 3115 218 3162 om

0 3207 215 3260 onder

124 3312 239 3358 van

270 2931 345 2985 E
