3297 4852
2411 973 2599 1027 1096.

300 1017 502 1079 Aende
540 1012 696 1061 Ed:e
735 1011 968 1057 Heeren
1007 1011 1474 1061 seventhienen

361 1081 492 1129 ter
536 1081 755 1129 Camer
797 1083 929 1129 tot
972 1085 1367 1141 amsterdam

818 1642 930 1701 Hoe
966 1641 1073 1688 wij
1103 1642 1212 1689 met
1247 1643 1319 1690 de
1353 1644 1671 1691 scheepen,
1704 1642 1989 1691 Haerlem,
2023 1648 2343 1699 Eliphant,
2375 1656 2517 1703 ende

826 1731 1117 1791 sthiedam,
1148 1734 1244 1781 als
1275 1735 1627 1782 naervolgers
1659 1737 1819 1784 vande
1850 1739 2266 1787 vaderlantsche
2297 1740 2491 1787 Retour

836 1823 1086 1872 scheepen,
1113 1823 1169 1869 op
1197 1823 1280 1868 den
1308 1823 1419 1871 16=e
1447 1826 1670 1872 Januarij
1697 1824 1892 1870 passado
1919 1825 2004 1871 van
2030 1826 2253 1873 Battavia
2280 1825 2622 1882 gescheijden,

824 1917 1045 1972 sundas,
1076 1912 1263 1962 enghte
1293 1909 1638 1957 gepasseert,
1667 1914 1854 1961 vanden
1885 1915 2103 1963 anderen
2133 1919 2384 1976 geraect,
2413 1933 2548 1983 ende

817 2016 1173 2065 eijndelijck
1205 2014 1302 2061 tot
1333 2009 1464 2059 inde
1494 2005 1658 2053 baije
1690 2005 1852 2055 aende
1884 2010 2014 2058 Cabo
2045 2014 2111 2060 de
2142 2016 2241 2063 Boa
2272 2019 2563 2068 esperance

806 2122 1050 2170 gecomen
1082 2115 1259 2166 sijn,
1291 2101 1640 2158 mitsgaders
1674 2101 1815 2147 hoe,
1849 2103 1989 2151 ende
2022 2106 2093 2152 op
2126 2107 2232 2155 wat
2266 2110 2544 2165 Manieren

808 2237 842 2283 u
874 2233 972 2280 E=s
1003 2224 1331 2276 Costelijck
1361 2215 1527 2268 schip
1557 2210 1787 2258 Haerlem
1819 2210 1983 2257 (Godt
2015 2209 2244 2255 betert)
2276 2209 2477 2257 aldaer

816 2327 1135 2376 gesneuvelt
1165 2322 1263 2371 is,
1292 2317 1486 2366 zullen
1517 2316 1645 2361 UE=s
1676 2314 1805 2361 uijt
1836 2313 1932 2359 den
1963 2308 2092 2357 Heer
2123 2306 2251 2352 vice
2282 2306 2641 2357 Commandeurs

768 2422 1018 2474 Reijnier
1048 2421 1141 2467 van
1172 2420 1233 2466 't
1264 2416 1418 2465 zuins
1448 2411 1756 2460 mondelijcq
1785 2407 1879 2456 als
1909 2399 2340 2451 schriftelijcke
2371 2401 2619 2451 Raporten

812 2523 1191 2577 genouchsaem,
1221 2521 1411 2568 werden
1442 2516 1884 2566 aengecundicht,
1915 2514 2010 2560 des
2040 2512 2136 2558 sin
2166 2511 2325 2558 desen
2356 2514 2482 2559 daer
2513 2513 2608 2558 van

810 2628 955 2680 geen
988 2630 1235 2677 verhael
1269 2627 1340 2674 en
1373 2623 1585 2672 sullen
1618 2621 1795 2668 doen,
1828 2618 1971 2666 maer
2005 2616 2357 2665 eenlijcken
2391 2617 2541 2667 vE=s

813 2717 971 2767 bijde
1002 2723 1190 2769 nevens
1221 2721 1410 2768 gaende
1438 2714 1723 2765 geslooten
1754 2714 2130 2762 Reeckeningen
2161 2716 2287 2762 uijt
2318 2715 2412 2760 het
2442 2710 2602 2760 Groot

765 2826 953 2876 Boucq,
984 2823 1078 2870 aen
1109 2823 1172 2868 te
1201 2817 1421 2867 wijsen,
1451 2814 1577 2861 waer
1607 2813 1733 2859 ende
1764 2814 2045 2863 hoedanich
2074 2814 2169 2862 des
2201 2812 2388 2859 selffs
2419 2811 2609 2861 volck,

790 2928 887 2978 soo
918 2927 1044 2973 opde
1075 2924 1202 2971 twee
1232 2918 1455 2967 Engelse
1484 2913 1770 2961 scheepen,
1801 2912 1896 2958 als
1928 2912 2055 2957 mede
2085 2914 2148 2959 op
2180 2914 2244 2961 de
2274 2917 2401 2964 onse
2432 2919 2528 2966 den

800 3023 1113 3073 Eliphandt
1146 3021 1286 3070 ende
1320 3017 1597 3066 schildam
1632 3016 1770 3062 sijn
1805 3015 2116 3063 verdeelt,
2151 3018 2289 3064 waer
2323 3018 2428 3064 van
2462 3018 2573 3066 ick

807 3126 898 3172 die
927 3126 1048 3172 opde
1077 3120 1349 3172 scheepen,
1378 3115 1620 3165 oliphant
1650 3115 1771 3162 ende
1800 3118 2042 3166 schiedam
2071 3121 2193 3167 sijn
2222 3122 2527 3171 overgegaen

2401 3179 2427 3225 ts

802 3223 953 3274 haere
982 3222 1132 3269 Reecq
1161 3223 1252 3269 ter
1280 3223 1431 3270 handt
1461 3223 1610 3268 hebbe
1640 3223 1879 3269 gestelt,
1908 3219 1999 3268 ten
2029 3218 2208 3264 eijnde
2238 3217 2448 3267 uEEd=ls

776 3329 1118 3376 Bouckhouder
1148 3330 1242 3375 int
1273 3326 1489 3375 becomen
1520 3324 1676 3371 vande
1706 3327 1892 3374 selve,
1921 3323 2047 3372 sich
2075 3318 2201 3367 daer
2232 3317 2356 3362 naer
2387 3317 2573 3362 mochte

800 3427 1009 3474 hebben
1044 3427 1113 3472 te
1147 3422 1531 3471 Reguleeren,
1565 3424 1775 3471 Copien
1809 3427 1913 3473 van
1948 3423 2192 3473 boucken
2223 3419 2296 3467 te
2330 3418 2574 3469 senden,

808 3533 947 3580 daer
981 3533 1085 3579 toe
1119 3531 1326 3578 hebben
1360 3528 1498 3575 noch
1531 3526 1705 3573 tijt,
1737 3524 1878 3572 ofte
1911 3528 2394 3582 gelegentheijt,
2426 3526 2531 3579 des

756 3634 1197 3699 Reverentlijcq
1230 3635 1265 3681 v
1296 3633 1466 3679 Ed=ls
1498 3629 1767 3677 versocht
1801 3629 2002 3678 werdt,
2035 3631 2170 3678 haer
2202 3629 2303 3675 met
2334 3624 2583 3674 gemelte

808 3744 1124 3792 geslooten
1158 3739 1334 3788 Reecq
1368 3738 1439 3784 te
1473 3735 1650 3783 laten
1684 3734 2073 3784 vergenougen

392 1534 673 1611 Sijn
742 1513 1161 1579 Heeren

885 3873 997 3919 gts

849 3874 868 3919 J

1062 3887 1110 3933 _r

1000 3929 1244 3976 Gelieven
1273 3927 1396 3974 mij,
1426 3924 1549 3972 niet
1577 3919 1671 3968 ten
1699 3913 1975 3963 quaetsten
2005 3913 2067 3959 te
2097 3915 2342 3967 duijden,
2371 3923 2463 3969 dat
2493 3922 2562 3969 de

802 3926 968 3974 Lt

749 4010 918 4061 Reecq
951 4009 1154 4057 vand't
1188 4012 1357 4058 volck
1391 4010 1492 4058 (de
1523 4001 1695 4054 wijle
1728 4000 1965 4046 'tschip
1997 3998 2066 4044 is
2099 3996 2542 4046 verongeluckt)

810 4114 1097 4164 geslooten
1128 4110 1318 4159 hebbe,
1349 4103 1508 4154 staet
1539 4099 1697 4147 alles
1728 4098 1981 4144 evenwel,
2013 4099 2108 4146 ter
2138 4100 2456 4148 dispositie
2486 4104 2583 4151 van

1107 4184 1245 4240 Its

803 4227 1009 4281 haere
1049 4225 1176 4275 Ed=

1443 1340 1588 1395 Ed:l
1621 1331 1975 1383 Erntfeste,
2009 1335 2222 1383 wijse,
2256 1324 2645 1377 voorsienige

1312 1407 1490 1456 ende
1533 1408 1752 1461 hooch
1795 1412 2234 1469 gebiedende
2276 1425 2539 1477 Hebren

2063 4461 2259 4514 vij
