3567 4801
2720 544 2881 591 963

705 586 897 642 Juny
937 572 1132 630 1646

976 742 1111 792 goede
1137 738 1350 787 diensten
1375 740 1428 785 d'
1454 740 1666 788 onswaert
1692 741 1904 787 bewijsen
1930 740 2036 786 daer
2062 740 2168 786 door
2193 740 2273 787 ten
2300 742 2538 790 hoochsten
2564 745 2859 795 vergenought

968 842 1077 895 ende
1100 828 1367 884 blijdeben,
1392 825 1499 873 daer
1526 825 1579 870 en
1605 825 1711 870 sijn
1737 825 1843 870 geen
1869 824 2055 871 grooter
2081 824 2267 872 Vruneen
2292 827 2372 874 van
2398 829 2558 877 mijnen
2583 832 2742 878 Buijse
2768 831 2849 877 als
2873 829 2981 877 ghij

968 939 1187 992 daeromme
1212 935 1295 983 Int
1321 930 1485 979 geheel
1511 924 1702 974 volgens
1729 924 1757 969 U
1783 923 2001 969 begeeren
2028 921 2165 968 sende
2191 923 2220 969 i
2242 923 2327 970 een
2354 922 2491 968 brief
2517 923 2626 969 daer
2653 920 2789 969 alles

970 1046 1048 1092 tot
1071 1044 1099 1090 u
1123 1037 1433 1088 Contentement
1457 1034 1510 1080 in
1535 1032 1793 1080 geschreven
1818 1030 1947 1077 staet
1973 1030 2153 1075 gelijck
2178 1028 2436 1076 ramabadrea
2461 1029 2488 1075 U
2511 1022 2903 1073 brederschrijven

956 1154 1032 1202 sal
1054 1148 1131 1197 die
1154 1144 1279 1192 Cundt
1304 1143 1453 1189 Hooren
1478 1143 1528 1188 en
1552 1142 1751 1190 Voortaen
1776 1141 1875 1187 moet
1900 1141 1950 1186 d'
1975 1139 2149 1186 plaetse
2173 1138 2422 1184 Pallacatta
2446 1137 2521 1182 wel
2546 1137 2595 1182 in
2618 1132 2720 1182 acht
2743 1130 2868 1176 nemen
2893 1130 2919 1176 —

976 1251 1081 1298 ende
1106 1248 1211 1295 voor
1235 1244 1315 1292 mij
1340 1241 1575 1289 bewaeren,
1601 1241 1679 1286 wat
1704 1240 1783 1285 bij
1809 1240 1835 1285 u
1861 1239 2069 1285 passeert
2094 1239 2199 1285 laes
2224 1237 2329 1284 mijs
2353 1231 2488 1281 Deten

819 1388 875 1438 Ao
889 1371 973 1427 9d.
996 1369 1023 1415 o
1046 1360 1277 1412 Vertreckt
1301 1360 1378 1406 van
1403 1358 1505 1405 dees
1530 1358 1657 1404 rhede
1681 1357 1759 1403 't'
1783 1356 1910 1403 Jacht
1935 1355 2214 1401 grijpskecke
2239 1354 2392 1402 nevens
2416 1353 2468 1398 d'
2493 1350 2696 1398 schalbug
2721 1347 2851 1394 Cleen

920 1458 1100 1505 Pixelij
1124 1455 1278 1502 naerl'
1302 1452 1430 1499 arcal
1455 1449 1608 1496 sijnde
1632 1445 1786 1494 daerin
1812 1444 1888 1490 tot
1914 1444 2094 1492 progres
2117 1446 2270 1494 vanden
2295 1445 2448 1492 handel
2473 1440 2728 1490 derwaerdts
2754 1428 3008 1485 gecargeert

964 1559 1026 1606 r.
1051 1552 1086 1600 a
1111 1545 1235 1594 9000
1264 1542 1325 1589 en
1355 1541 1446 1587 R=a
1475 1542 1626 1589 2000.
1655 1541 1746 1587 den
1776 1541 1988 1586 almogen
2017 1542 2258 1589 geleijde
2287 1535 2649 1589 Baerspoedich
2678 1534 2739 1580 in
2768 1521 2920 1578 salvo
2949 1520 2980 1567 —

833 1708 868 1757 J
889 1698 947 1748 d.
973 1695 1002 1742 o
1026 1676 1274 1738 vertreckt
1299 1671 1383 1721 van
1409 1666 1519 1715 dees
1544 1663 1682 1711 Rhede
1708 1661 1819 1709 naer
1846 1661 2036 1707 Batavia
2062 1661 2091 1707 t
2118 1659 2255 1705 schip
2282 1659 2364 1705 den
2390 1659 2500 1705 Eaen
2527 1659 2691 1705 sijnde
2717 1655 2800 1703 van
2826 1652 2936 1698 hier

935 1790 1121 1842 beladen
1145 1784 1227 1835 met
1252 1779 1333 1827 een
1358 1770 1729 1824 Cargoisoentgen
1755 1767 1993 1814 Bestaende
2019 1766 2126 1813 uijt
2151 1766 2231 1814 437
2257 1762 2416 1810 pocken
2441 1755 2971 1807 dixeerschesolteringe

946 1902 1030 1953 van
1056 1889 1247 1946 Cleden,
1272 1883 1383 1932 ende
1409 1877 1681 1927 lijnwaeten
1706 1873 1816 1922 2022
1842 1871 1897 1917 lb
1924 1869 2087 1917 Indigo
2114 1864 2250 1912 13200
2276 1863 2358 1908 stx
2385 1863 2684 1910 rochevellen
2709 1860 2819 1908 2128
2846 1856 2907 1905 lb

961 1992 1303 2054 Caijepatams
1334 1986 1490 2036 stael
1520 1976 1707 2031 100200
1738 1973 1831 2020 stx
1862 1971 2205 2018 rochevellen
2234 1968 2360 2015 2128
2390 1966 2454 2012 lb
2484 1965 2827 2011 Caijepatans
2858 1965 2889 2010 —

950 2108 1104 2163 stael
1133 2099 1286 2152 10067
1313 2093 1377 2142 lb
1406 2084 1650 2136 Buscruyt
1680 2082 1741 2128 32
1771 2079 1862 2127 str
1893 2078 2197 2124 martavanen
2227 2077 2288 2123 en
2318 2074 2410 2122 450
2438 2071 2531 2117 str
2560 2067 2744 2116 slaven
2772 2061 2895 2111 ende

946 2203 1225 2261 slavinnen
1255 2201 1471 2249 t'samen
1501 2197 1716 2245 Incoops
1747 2192 2024 2242 bedraegen
2053 2191 2116 2237 d'
2145 2184 2300 2235 somme
2330 2182 2423 2229 van
2452 2180 2484 2226 f
2513 2168 2852 2225 130636/14/-

953 2314 1029 2360 met
1051 2309 1178 2357 ordre
1202 2305 1303 2353 ende
1327 2296 1653 2350 recommandatie
1677 2295 1753 2341 aen
1777 2295 1828 2340 s'
1852 2290 2152 2341 ovserhoofden
2176 2282 2378 2335 desselfs
2399 2279 2477 2325 oft
2502 2275 2652 2324 geviel
2675 2273 2753 2320 dit
2772 2269 2902 2319 schip
2926 2268 2953 2314 —

931 2417 1006 2466 soo
1030 2408 1223 2462 spoedigh
1246 2405 1320 2453 als
1343 2403 1417 2450 wel
1440 2401 1634 2448 verhopen
1656 2399 1706 2445 d'
1730 2398 1875 2444 reijse
1899 2398 2069 2446 buijten
2090 2398 2141 2445 om
2164 2396 2262 2442 niet
2284 2395 2430 2442 conden
2454 2392 2672 2440 tewinnen,
2695 2388 2793 2437 maer

947 2521 1063 2570 door
1089 2514 1348 2564 Contrarie
1373 2509 1548 2558 winden
1572 2505 1634 2553 en
1662 2504 1920 2550 teduchten
1947 2503 2148 2551 ongeval
2176 2501 2262 2548 bij
2291 2496 2577 2546 mancquemen
2604 2493 2691 2540 van
2719 2483 2892 2538 eenige

934 2613 1347 2678 nogdtwendicheden
1372 2607 1706 2657 genoodtsaeckt
1732 2607 1885 2652 wierde
1911 2607 2014 2653 sijn
2039 2606 2168 2653 Cours
2192 2603 2296 2650 door
2321 2601 2373 2647 d'
2398 2595 2578 2645 straedt
2603 2594 2681 2640 van
2705 2587 2915 2639 mashacca

944 2734 997 2781 te
1022 2731 1182 2780 nemen,
1205 2723 1287 2774 dat
1311 2718 1366 2765 in
1391 2710 1577 2762 sulcken
1601 2705 1788 2754 gevalle
1812 2705 1893 2751 aen
1919 2705 1972 2750 't
1996 2702 2131 2750 eerst
2157 2698 2421 2747 ontmoetent
2446 2694 2579 2743 schip
2604 2687 2869 2739 tenderende
2896 2686 2922 2731 —

940 2834 1069 2885 naer
1096 2822 1352 2878 Tagosian
1382 2820 1447 2866 't
1475 2809 1824 2863 vereijschte
1855 2805 2171 2854 Voorsappan
2200 2798 2423 2850 volgens
2453 2795 2517 2842 d'
2548 2793 2769 2840 memorie
2800 2793 2895 2839 Hun
2926 2791 2959 2837 —

942 2938 1158 2991 daervan
1182 2927 1394 2989 appaert
1422 2914 1785 2970 medegegeven,
1815 2912 2328 2959 onderbehoorlijcke
2358 2905 2629 2955 recepisse
2660 2904 2750 2950 tot
2779 2899 2961 2948 haeren

947 3039 1233 3109 ontlastinge
1256 3033 1362 3084 over
1386 3025 1516 3077 leven
1540 3017 1747 3069 gchullen
1771 3016 1849 3062 den
1875 3013 2055 3061 Almopen
2080 3010 2209 3057 wille
2234 3011 2287 3057 't
2309 3007 2492 3058 gemelte
2516 3006 2645 3053 schip
2670 3000 2903 3053 vergedich

919 3156 1074 3208 Salvo
1100 3136 1379 3198 geleyden.

790 3313 849 3363 Al
875 3307 933 3356 10
960 3303 1017 3351 d.
1042 3298 1072 3345 o
1099 3285 1407 3342 becomenwoor
1435 3283 1547 3330 uijt
1575 3282 1631 3328 't
1659 3275 2079 3327 Carnatscherijck
2105 3270 2359 3318 luijdende
2387 3270 2499 3315 naer
2525 3266 2779 3314 translaet
2806 3266 2892 3313 als
2911 3265 2949 3314 —

940 3386 1197 3448 volght

1402 3504 1828 3570 Baijst
1899 3504 2113 3558 van
2183 3479 2824 3548 Carnatica
2894 3472 2967 3520 —

1287 3511 1383 3570 ƒ

1205 3524 1226 3571 -

2243 3597 2598 3646 Janshouwer
2633 3598 2705 3643 en
2740 3596 2918 3645 Maere

931 3652 984 3698 Is
1009 3645 1090 3697 met
1115 3642 1169 3689 d'
1194 3634 1381 3687 pleyjck
1407 3632 1488 3678 van
1512 3623 1700 3676 sinsier
1721 3616 1805 3665 tot
1831 3614 1885 3660 8'
1911 3603 2123 3659 Neyjeken
2149 3602 2231 3651 van

947 3746 1006 3793 om
1035 3744 1123 3791 met
1150 3738 1268 3788 haer
1295 3734 1356 3781 te
1381 3724 1617 3776 handelen
1643 3717 1936 3767 verreijst,
1964 3712 2081 3760 ende
2110 3703 2343 3757 alreedst
2371 3696 2575 3747 gecomen
2603 3693 2692 3741 aen
2720 3689 2927 3737 d'ander

939 3847 1036 3894 syde
1060 3840 1182 3891 vande
1205 3834 1351 3883 revier
1374 3832 1521 3878 Taelon
1544 3829 1594 3876 in
1617 3828 1691 3873 een
1714 3827 1860 3872 plaets
1884 3826 2078 3871 genaempt
2102 3819 2394 3871 Tiropansalom
2416 3812 2588 3862 'twelcq
2610 3809 2661 3856 d'
2683 3807 2830 3853 Neijck
2851 3804 2927 3852 van

936 3957 1054 4007 Maere
1076 3946 1265 4001 vernomen
1287 3938 1475 3990 hebbende
1496 3931 1639 3983 seijde
1662 3930 1709 3975 't
1732 3929 1779 3974 nu
1802 3928 1873 3974 den
1896 3928 2061 3974 rechten
2084 3928 2178 3973 tijt
2200 3927 2295 3973 Was,
2318 3926 2412 3972 sijn
2435 3923 2529 3971 onse
2552 3920 2763 3968 vervallen
2786 3920 2857 3965 eer
2880 3915 2975 3965 bij—

922 4073 979 4123 De
1002 4063 1112 4116 mags
1133 4054 1191 4104 t.
1214 4050 1270 4097 te
1295 4045 1403 4095 doen
1429 4037 1723 4089 herstellen,
1749 4028 1989 4081 oversulcx
2014 4026 2095 4072 met
2121 4024 2335 4071 omtrendt
2360 4023 2415 4069 70
2440 4023 2468 4069 a
2493 4020 2574 4067 80l
2600 4018 2760 4065 mannen
2786 4013 3001 4063 omtrendt

927 4175 958 4223 8
980 4157 1196 4217 Maejs.t.
1215 4139 1643 4198 Comenedelegeren,
1669 4137 1775 4183 ende
1801 4137 1881 4183 dit
1908 4135 1987 4182 den
2013 4133 2146 4180 elick
2171 4131 2251 4177 van
2278 4125 2516 4176 Jansjoner
2542 4124 2648 4170 Meee
2673 4118 2901 4168 lmdtbaer

0 727 285 779 Coopman

0 826 179 873 acht

0 921 250 970 swesen

0 1129 57 1174 roo

0 3194 242 3248 Beuten

118 3551 188 3597 tta

77 3765 190 3813 was

0 3976 246 4031 enbeede
