3573 4958
626 331 829 394 Juny
874 321 1025 374 ao.
1067 308 1270 362 1646

945 455 1221 516 gevallen
1254 453 1598 508 tenminsten
1630 465 1835 513 genegh
1868 467 1938 513 te
1972 468 2143 515 doen,
2176 467 2281 515 het
2313 472 2418 524 met
2449 481 2552 535 den
2586 491 2827 547 Coningh
2858 504 2999 560 door

941 574 1129 629 groote
1158 569 1530 618 schenckagies
1559 575 1837 628 afsmaect,
1866 583 1990 629 ende
2020 584 2083 631 nu
2113 586 2207 633 ons
2236 590 2484 646 overlast
2512 603 2759 656 geschiet
2789 612 3005 659 vandese

940 690 1192 740 Chinesen
1223 691 1475 738 soectmen
1505 695 1601 742 ons
1630 699 1757 746 maer
1786 699 1882 744 met
1913 698 2102 744 blauwe
2132 699 2385 751 blomkens
2414 707 2759 764 afstesetten
2791 719 2917 768 ende
2947 724 3010 771 te

934 806 1190 855 vreden
1232 810 1319 857 te
1358 810 1656 859 stellen

621 943 742 994 adij
768 932 890 985 23:e
919 931 1010 977 d:o
1039 929 1189 974 compt
1219 929 1308 975 den
1338 930 1579 980 schriver
1607 936 1786 984 vanden
1815 938 1995 984 Capado
2025 939 2295 988 ongadingh
2324 944 2384 989 in
2413 945 2473 992 de
2503 946 2654 992 logie
2682 948 2803 997 door
2831 953 2952 1002 wien

910 1035 1236 1087 vragenliet
1266 1042 1364 1088 off
1396 1042 1493 1088 S:r
1525 1041 1881 1088 Broeckhorst
1913 1042 2173 1092 vingents
2205 1048 2431 1096 (vanden
2463 1051 2658 1100 brandt
2689 1056 3079 1107 beschadight)

916 1154 983 1202 al
1014 1152 1242 1199 genesen
1274 1154 1470 1204 waren,
1501 1160 1826 1210 mitsgaders
1858 1166 1956 1212 hoe
1987 1166 2053 1212 't
2084 1166 2183 1216 met
2213 1165 2312 1214 S:r
2343 1164 2604 1211 heijcoop
2635 1165 2766 1214 was,
2797 1170 3026 1220 welcke—

914 1269 1170 1319 seijden,
1200 1272 1424 1319 datheel
1455 1272 1774 1324 sieckelijk
1804 1281 1933 1330 ende
1963 1286 2091 1334 door
2122 1289 2313 1339 groote
2342 1290 2504 1337 pijne
2535 1292 2663 1339 gaen
2693 1294 2821 1342 nogh
2853 1295 3012 1344 staen

920 1380 1100 1429 coste,
1129 1384 1370 1431 cunnende
1399 1387 1518 1434 oocq
1548 1389 1788 1439 weijnigh
1817 1395 2209 1449 Eetengenieten
2236 1406 2356 1453 daer
2385 1407 2506 1454 sigh
2535 1409 2626 1454 soo
2655 1410 2866 1462 tscheen
2894 1418 3044 1469 over„

909 1494 1183 1542 bedroeff
1217 1497 1493 1550 thoouden
1525 1507 1628 1557 S:r
1661 1513 2039 1566 Broeckhorst
2071 1523 2585 1577 recommandeerden
2618 1532 2722 1581 hem
2755 1537 2893 1586 sijn
2926 1541 3034 1590 m:r

905 1614 1000 1662 aen
1031 1614 1094 1661 te
1125 1616 1315 1664 porren
1345 1621 1440 1668 dat
1471 1623 1534 1669 te
1565 1624 1692 1672 wege
1722 1629 1880 1677 wilde
1910 1633 2131 1689 brengen
2161 1645 2257 1695 ons
2286 1651 2570 1700 tydelijk.
2601 1656 2917 1712 leverantie
2945 1669 3043 1720 van

903 1730 1046 1779 bijde
1073 1734 1242 1782 wierde
1269 1736 1468 1784 gedaen,
1496 1740 1638 1786 alsoo
1665 1741 1723 1788 t'
1749 1743 1920 1791 schips
1946 1747 2173 1798 vertreck
2200 1754 2258 1799 na
2285 1755 2344 1802 by
2370 1759 2484 1807 was,
2510 1763 2765 1820 denselven
2792 1777 3082 1842 antwoorden

901 1855 1035 1901 nogh
1067 1853 1201 1900 niet
1232 1855 1569 1903 jngekomen:
1599 1860 1734 1907 maer
1766 1864 1900 1911 door
1932 1867 2000 1913 de
2032 1869 2233 1919 maij=t
2265 1874 2365 1920 tot
2398 1875 2799 1937 Jnsamelinghe
2830 1893 3031 1948 alomme

895 1982 1020 2029 last
1050 1983 1269 2030 gegeven
1300 1981 1425 2027 was,
1456 1981 1612 2027 edogh
1643 1980 1862 2027 vermits
1893 1982 1957 2028 de
1986 1985 2143 2034 sobre
2172 1990 2330 2040 teelt
2360 1995 2706 2051 seerqualijk
2734 2008 2798 2056 te
2827 2012 3048 2067 bekomen

681 2105 812 2153 adij
842 2107 970 2155 24:'
1001 2107 1099 2155 d:o
1129 2108 1387 2156 Smorgens
1419 2111 1548 2158 sond
1579 2114 1677 2164 den
1706 2120 2188 2176 Capadoongadingh
2219 2132 2316 2178 den
2347 2133 2637 2187 schrijver
2668 2143 2861 2196 hangin
2892 2151 2991 2200 ter

897 2216 1073 2263 logie,
1101 2219 1248 2265 doonr
1276 2219 1394 2266 dien
1421 2221 1510 2267 ons
1539 2222 1599 2268 op
1626 2224 1685 2271 de
1713 2226 1890 2277 gister
1918 2232 2095 2283 gedane
2121 2238 2445 2292 aenmaninghe
2472 2248 2619 2301 weten
2647 2257 2795 2311 liet.
2822 2268 2910 2315 dat
2938 2271 2999 2319 te

875 2328 1101 2375 aensien
1133 2329 1293 2375 vande
1325 2329 1519 2376 sobere
1550 2331 1711 2381 teelt
1742 2336 1903 2383 desen
1935 2338 2064 2387 Jare
2095 2342 2225 2393 nogh
2255 2349 2546 2406 geensijde
2576 2363 2642 2413 in
2672 2370 2706 2416 s
2736 2372 2995 2430 Coninghs

835 2445 1196 2495 packhuysen
1231 2449 1340 2494 was
1375 2450 1700 2503 gebracht,
1735 2459 2025 2512 alhoewel
2060 2468 2169 2515 aen
2204 2472 2457 2524 grooten
2492 2480 2637 2531 daer
2672 2487 2782 2540 toe
2813 2495 2963 2543 last

878 2554 999 2603 ware
1028 2559 1269 2608 gegeven,
1297 2564 1358 2610 de
1387 2565 1568 2614 welcke
1597 2569 1658 2617 om
1687 2572 1779 2623 dat
1807 2579 1929 2626 hare
1957 2582 2168 2634 portie,
2197 2590 2318 2639 niet
2346 2595 2438 2641 ten
2466 2598 2649 2652 vollen
2676 2609 2738 2656 in
2766 2613 2979 2669 hadden,

875 2667 1203 2724 geendorsten
1232 2679 1292 2725 te
1322 2680 1442 2727 hove
1470 2683 1680 2731 brengen
1709 2687 1949 2741 bevooren
1977 2697 2127 2749 haren
2155 2705 2246 2752 tap
2274 2708 2305 2754 t
2333 2709 2545 2764 voldoen
2572 2721 2752 2772 conden
2780 2728 2871 2777 wij
2899 2733 3020 2782 ant:

875 2790 1076 2840 woorden
1105 2795 1249 2843 onder
1277 2799 1335 2844 de
1363 2800 1566 2849 grooten
1593 2805 1853 2857 sekerlijk
1879 2813 1997 2864 veel
2023 2821 2139 2869 syde
2167 2825 2371 2877 school,
2396 2835 2686 2892 dierhalven
2712 2849 2999 2907 versoghten

857 2903 973 2957 sijn
997 2914 1110 2963 H„re
1137 2917 1222 2962 den
1250 2915 1446 2962 Coningh
1474 2915 1644 2966 onsent
1670 2923 1784 2971 wege
1810 2927 1953 2981 wilde
1978 2937 2288 2991 voordragen,
2315 2946 2513 3000 deselve
2538 2957 2737 3015 mochten
2763 2971 2988 3031 g'ouden.
3015 2986 3044 3032 t

851 3028 1047 3080 werden
1078 3034 1146 3080 d'
1177 3036 1472 3084 Jnvooraet
1503 3040 1766 3091 hebbende
1796 3048 1864 3097 op
1894 3054 1962 3100 te
1991 3057 2254 3112 brengen,
2285 3068 2417 3118 want
2448 3074 2515 3120 de
2545 3077 2680 3133 Comp
2707 3092 2970 3157 verleden

785 3153 967 3201 Jare,
1003 3150 1112 3199 met
1148 3150 1221 3195 's
1257 3150 1549 3203 Coninghs
1584 3159 1949 3215 resterende
1983 3172 2203 3227 schult
2238 3183 2494 3242 genoegh
2528 3200 3002 3260 g'Intresseert

808 3267 877 3317 is
907 3274 1206 3328 gebleven.
1239 3283 1305 3328 en
1336 3282 1437 3328 dit
1470 3281 1703 3330 saysoen
1735 3286 2198 3347 wedersoodanigh
2231 3301 2564 3358 uytvallen:
2594 3316 2664 3367 in
2692 3326 3035 3391 toecomende

843 3404 1177 3460 lichtelijk
1208 3417 1341 3462 niet
1373 3416 1839 3469 g'anthoriseert
1871 3425 2072 3478 souden
2103 3434 2303 3488 werden
2335 3444 2503 3491 weder
2534 3447 2635 3494 soo
2666 3450 2801 3501 veel
2832 3458 3002 3509 gelts

846 3519 978 3577 uijt
1009 3531 1076 3577 te
1108 3531 1305 3583 keren,
1337 3539 1467 3588 door
1500 3543 1697 3593 welcke
1728 3549 2022 3606 onlusten,
2054 3560 2153 3607 die
2185 3563 2317 3612 daer
2348 3568 2675 3618 uijtsouden
2707 3573 2905 3621 cunnen

829 3652 1104 3703 onsstaen
1137 3659 1617 3714 consequentlijk
1649 3668 1720 3714 by
1753 3670 1892 3719 onse
1924 3676 2233 3729 overigh:t
2266 3685 2370 3733 als
2403 3688 2506 3735 den
2540 3689 2781 3740 Coningh
2814 3696 2951 3746 geen

809 3769 945 3816 goet
977 3773 1315 3829 contentem.
1347 3785 1382 3830 t
1415 3786 1516 3833 sal
1549 3787 1819 3845 geschept
1852 3800 1988 3850 werd
2021 3804 2088 3850 en
2122 3804 2192 3852 /.

623 3896 820 3947 adyr5:
849 3898 950 3947 d:o
982 3898 1114 3945 quam
1145 3900 1472 3954 voornoemde
1504 3909 1835 3973 ongadinghs
1862 3932 2124 3986 grootste
2156 3930 2417 3977 schryver
2449 3932 2549 3980 ter
2580 3936 2744 3987 logie
2775 3943 2974 4007 seggen

2694 4086 2878 4137 dat

2865 333 3042 380 731
