3410 4985
516 430 841 483 Martius
887 431 980 477 ao
1026 426 1258 477 1646.

2524 412 2625 459 In
2676 414 2894 466 sedo

1042 670 1276 724 Vergrood
1305 670 1511 717 geasen,
1540 673 1745 722 doncker
1775 677 1922 724 Camer
1950 679 2127 728 gladen
2156 683 2274 731 ende
2302 686 2479 733 anders
2507 688 2625 735 voor
2654 690 2772 736 sijn
2800 689 2918 735 Ed:t
2947 689 3065 736 mede
3094 692 3183 739 ge„

1077 782 1271 832 gracht
1302 787 1528 834 wederom
1559 788 1624 834 te
1656 789 1850 842 Ruwbe,
1881 798 2107 848 gewethe
2138 804 2235 849 aem
2266 805 2363 851 net
2395 805 2653 852 miswegen
2684 808 2749 853 na
2779 805 2845 852 't
2877 798 3070 850 berugt

1051 893 1204 942 vande
1233 898 1415 948 tolck,
1444 904 1657 952 vermits
1686 908 1808 955 geen
1837 911 1929 959 van
1958 914 2109 963 allen
2140 918 2231 965 hem
2260 920 2352 966 wel
2381 922 2623 969 gevallen

862 1049 978 1096 Adij
1007 1049 1123 1098 7„en
1152 1053 1297 1099 ditto
1326 1054 1443 1102 laes
1471 1057 1617 1110 inden
1645 1066 1791 1115 avond
1819 1070 1936 1116 deEd
1964 1072 2053 1121 den
2080 1076 2226 1124 heere
2255 1079 2604 1130 Sukingodonne
2631 1085 2719 1131 den
2747 1085 2893 1131 tolck
2922 1084 3101 1134 roepen

1081 1158 1138 1205 op
1165 1161 1334 1210 morgen
1361 1166 1558 1215 vroechn
1585 1170 1698 1217 voor
1725 1173 1810 1221 den
1837 1176 1951 1226 dage
1977 1183 2173 1232 tsijnen
2201 1187 2370 1236 huijse
2397 1191 2454 1236 te
2482 1192 2650 1238 comen,
2678 1193 2819 1239 sulcx
2846 1194 3128 1242 verhoopten

1073 1275 1280 1324 verlosf
1309 1280 1398 1326 tot
1427 1282 1663 1333 vertreck
1692 1288 1751 1334 de
1781 1289 2047 1337 Boodschap
2076 1293 2224 1339 soude
2253 1292 2371 1340 sijn

902 1425 1047 1473 adrij
1074 1427 1160 1474 8:e
1189 1428 1332 1475 ditto
1361 1430 1447 1476 den
1474 1431 1618 1479 tolck
1647 1434 1848 1484 volgens
1875 1439 2134 1493 ontbieden
2161 1448 2248 1496 van
2276 1451 2506 1500 gisteren
2533 1455 2648 1501 sich
2676 1456 2764 1502 ten
2791 1459 2963 1507 huijse
2991 1462 3078 1509 van

1086 1534 1484 1585 sickingodonne
1513 1541 1789 1595 vervoecht
1820 1550 2095 1604 hebbende,
2125 1560 2309 1608 wierde
2339 1564 2432 1610 hem
2461 1566 2646 1613 belast
2676 1569 2737 1615 te
2767 1569 3012 1616 vernemen
3042 1568 3165 1615 ofte

1080 1644 1175 1692 oot
1204 1646 1390 1698 ijmand
1419 1655 1574 1703 onder
1604 1658 1667 1704 de
1696 1661 2066 1713 Nederlanders
2095 1668 2281 1721 sijnde
2310 1677 2404 1725 die
2433 1681 2741 1734 vurwercken
2771 1689 2833 1735 en
2864 1690 3141 1740 affuijten

1063 1757 1149 1804 tot
1178 1758 1382 1806 geschid
1408 1763 1554 1810 conde
1581 1766 1813 1817 maacken,
1840 1773 2013 1822 sonder
2041 1778 2360 1838 eenichsints
2386 1795 2475 1844 van
2501 1800 2732 1853 vertreck
2760 1809 2818 1855 te
2847 1810 3134 1869 vermanen,.

1060 1889 1215 1936 ditto
1245 1891 1463 1937 omtrent
1493 1893 1585 1939 den
1616 1894 1833 1946 middach
1863 1902 2111 1954 dieldons
2141 1910 2668 1978 sabroseijmondonne
2697 1935 2853 1984 weten
2883 1940 2978 1988 ons
3006 1945 3103 1995 ten

1073 1998 1250 2053 huijse
1278 2008 1454 2055 vanden
1483 2009 1630 2057 hetke
1659 2013 2011 2066 sukingodonne
2039 2023 2099 2070 te
2126 2026 2420 2083 vervoegen,
2448 2038 2801 2094 dienvolgende
2828 2050 3033 2099 neffens
3063 2054 3155 2104 den

1070 2127 1411 2176 ondercoopman
1438 2131 1525 2178 Jan
1552 2134 1610 2181 de
1637 2138 1780 2186 groot
1806 2143 2062 2195 derwaerts
2088 2151 2290 2206 gegaen,
2315 2164 2401 2211 nae
2428 2166 2514 2212 een
2542 2167 2685 2213 wijle
2711 2170 2938 2218 wachtens
2966 2172 3087 2226 sijn

1070 2244 1131 2291 de
1161 2243 1342 2292 heeken
1372 2247 1736 2300 sukingodonne
1763 2257 1826 2303 en
1854 2259 2397 2327 sabrosehijmondonne
2426 2282 2547 2330 uijt
2577 2285 2759 2334 'thoff
2788 2291 3029 2342 gecomen,
3058 2296 3123 2347 en

1069 2364 1151 2412 ons
1177 2365 1283 2410 voor
1309 2366 1415 2411 haer
1441 2366 1574 2415 Ed:le
1600 2370 1840 2421 geroepen,
1864 2377 1945 2426 ons
1970 2382 2262 2434 verscheijde
2287 2389 2474 2440 zaacken
2499 2396 2766 2451 bevelende,
2790 2407 2871 2454 als
2896 2410 2924 2456 t
2949 2412 3111 2462 onder„

1069 2476 1240 2528 houden
1268 2483 1382 2528 ofte
1410 2484 1610 2533 nacomen
1636 2490 1722 2539 des
1750 2495 1978 2543 keijsers
2005 2499 2206 2550 geboden
2232 2507 2601 2560 principalijck
2629 2515 2686 2560 de
2714 2516 3084 2578 christenleijt

1079 2599 1436 2647 belangende,
1466 2603 1596 2652 ende
1627 2608 1692 2654 in
1724 2609 2047 2663 substantie
2078 2619 2273 2669 tseeke
2302 2624 2401 2670 mij
2432 2626 2562 2676 door
2593 2631 2658 2678 de
2690 2631 3045 2683 Rrijerraden

1082 2715 1191 2761 uijt
1217 2715 1245 2760 s
1272 2715 1491 2763 keijsers
1517 2719 1626 2765 name
1653 2720 1789 2772 13:en
1816 2727 2007 2775 passado
2034 2731 2306 2785 aengeseijt
2333 2740 2633 2791 verhalende,
2659 2747 2770 2794 daer
2795 2751 2877 2797 bij
2904 2752 3123 2799 voegende

1078 2836 1165 2881 den
1192 2834 1398 2881 keijser
1427 2835 1485 2880 de
1514 2835 1865 2889 Cristenheijt
1892 2846 2097 2896 althans
2125 2852 2416 2904 vijandiger
2444 2859 2619 2908 sijnde
2648 2863 2736 2909 als
2765 2864 2911 2911 oijt,
2938 2865 3027 2911 ooc
3056 2864 3144 2910 dat

1066 2956 1159 3003 van
1189 2955 1251 3001 so
1280 2953 1499 3001 grooten
1530 2953 1717 3000 saacke
1746 2956 1840 3002 als
1870 2958 1932 3004 't
1963 2959 2212 3014 ontslaen
2240 2971 2334 3020 der
2364 2976 2735 3033 wederlanders
2766 2988 2830 3036 in
2858 2993 3014 3040 nambo
3042 2994 3137 3041 ge„

1067 3083 1278 3131 vongen,
1307 3083 1548 3128 hebbende
1577 3082 1698 3129 haer
1727 3084 1877 3131 tegen
1906 3087 1966 3132 de
1996 3087 2206 3138 Iapanse
2235 3093 2415 3144 wetten
2444 3099 2775 3151 vergrelpen,
2803 3107 3100 3156 ingevolge

1068 3195 1162 3241 met
1193 3194 1351 3241 recht
1382 3196 1539 3244 mogen
1569 3198 1697 3245 doen
1727 3201 1916 3250 dooden
1946 3205 2042 3252 tot
2072 3208 2230 3256 pande
2260 3212 2386 3260 ende
2418 3215 2577 3262 omtre
2605 3219 2701 3268 der
2731 3224 3108 3273 wederlanders

1069 3315 1185 3361 maer
1213 3314 1330 3360 uijt
1358 3314 1504 3359 piere
1533 3314 1911 3367 genegentheijt
1939 3322 2027 3369 des
2055 3325 2317 3378 keijkers,
2344 3333 2462 3380 alle
2489 3335 2665 3383 tleven
2691 3337 3012 3385 geschonken,
3040 3336 3101 3383 te

1076 3442 1297 3489 gansce,
1329 3441 1580 3487 weijnice
1611 3441 1769 3487 werck
1800 3442 2020 3491 gemacht
2051 3446 2178 3495 ende
2209 3451 2273 3498 te
2303 3454 2555 3502 geringen
2586 3456 2965 3503 geachtwierde
2995 3460 3092 3506 wij

1072 3568 1359 3614 antwoorden
1386 3569 1473 3616 met
1501 3571 1901 3620 eerbiedicheijt
1929 3575 1987 3621 de
2015 3576 2216 3622 bevelen
2244 3577 2330 3623 des
2358 3578 2588 3625 keijsers
2615 3580 2673 3627 in
2701 3583 2845 3629 alles
2872 3584 3106 3638 trachten

1067 3683 1130 3731 na
1158 3685 1219 3731 te
1248 3687 1399 3734 comen
1428 3689 1548 3737 daer
1578 3692 1667 3737 toe
1697 3692 1788 3739 ooc
1817 3695 1937 3740 alle
1967 3695 2116 3741 vlijt
2146 3696 2476 3748 aenwendende
2505 3702 2715 3750 gelijck
2745 3705 2835 3750 tot
2864 3706 2985 3751 noch
3014 3707 3104 3752 ge„

1065 3808 1319 3859 deurende
1348 3816 1444 3864 dat
1474 3820 1853 3879 nederlanders
1883 3836 2198 3887 frequentie
2229 3842 2293 3888 in
2323 3843 2481 3890 Japan
2511 3841 2701 3888 tgebod
2731 3840 2827 3886 des
2858 3842 3112 3891 keijsers

1073 3929 1233 3976 noijt
1264 3932 1712 3988 gecontrarieert
1742 3944 1840 3992 is,
1870 3948 1935 3994 ho
1966 3950 2094 3998 werd
2125 3954 2381 4008 nochtans
2412 3962 2572 4009 tegen
2603 3961 2668 4007 de
2699 3959 2923 4006 meninge
2953 3958 3054 4011 ene

1077 4061 1139 4106 't
1169 4059 1354 4106 seggen
1384 4060 1477 4106 van
1507 4062 1630 4110 haer
1661 4064 1784 4110 Ed:e
1815 4064 1877 4110 't
1906 4065 2155 4120 ontslaen
2184 4076 2277 4123 der
2307 4079 2615 4129 vibangenen
2645 4084 2737 4129 van
2768 4084 2953 4131 namoo,
2982 4085 3140 4133 hoogh

1064 4180 1200 4226 ende
1232 4183 1499 4229 welkdich
1531 4181 1633 4228 bij
1666 4181 1734 4227 de
1766 4183 2168 4236 wederlanders
2200 4192 2401 4239 geacht
2434 4193 2568 4241 ende
2601 4197 2702 4244 zal
2734 4199 2936 4247 ninwer
2968 4203 3104 4251 ver:

2429 4354 2706 4404 geten
2762 4354 3204 4407 werden/.
