3587 4883
1327 387 1451 438 ende
1480 384 1542 430 de
1572 384 1758 433 wormen
1786 389 2062 443 gestorven
2091 400 2306 456 bennen,
2335 412 2397 458 en
2427 414 2705 470 ingevolge
2732 427 3100 476 sobrenateelt
3129 432 3434 500 gecauseert

1296 500 1520 550 (heeft,
1551 500 1646 547 dat
1677 502 1741 549 de
1772 504 2184 566 principaelste
2213 523 2532 584 obstaculen
2559 542 2751 597 waren,
2780 554 3096 608 onvermogen
3127 564 3222 612 syt
3253 568 3443 623 gewees

1328 614 1419 662 den
1446 619 1622 668 Eijsch
1650 623 1709 668 te
1738 623 1975 679 voldoen,
2001 637 2295 690 omwelckers
2322 646 2470 699 wille
2497 655 2615 707 oocq
2643 662 2703 711 te
2731 667 3026 727 resoluyten
3053 684 3320 741 verstaen,
3343 700 3443 752 dat

1308 739 1439 786 (den
1472 739 1833 797 sidenhandel
1866 752 1998 805 sigh
2029 761 2261 818 opulent
2292 774 2622 834 vertoonen)
2653 790 2787 842 sult
2817 799 2983 848 mogen
3015 804 3083 852 na
3113 809 3347 868 Batavia

1332 867 1561 922 langeren
1588 878 1761 930 (edogh
1787 886 1873 933 ten
1902 888 2046 940 alder
2072 897 2417 959 uijttersten)
2443 916 2529 963 150
2556 918 2729 967 picols
2756 923 2930 975 sijde,
2956 931 3043 979 dat
3070 936 3128 983 20
3155 939 3214 986 p.
3241 942 3270 988 s
3298 943 3414 994 meer

1321 1002 1416 1051 als
1445 1008 1540 1056 den
1570 1012 1758 1062 Eijsch
1788 1017 1882 1065 is,
1913 1019 2132 1071 gemerct
2161 1028 2289 1079 onse
2317 1037 2443 1087 h=rn
2473 1043 2815 1103 principalen
2846 1058 2910 1106 in
2940 1062 3222 1114 Nederlant
3251 1070 3411 1121 anno-

1270 1134 1530 1184 passado,
1561 1141 1981 1193 omaengeroerde
2013 1149 2240 1201 redenen
2270 1157 2498 1209 omtrent
2528 1165 2594 1213 de
2625 1169 2724 1219 30:
2754 1175 2787 1220 a
2818 1176 2885 1222 40
2915 1179 2980 1226 p.
3012 1181 3045 1226 s
3076 1182 3272 1236 minder
3301 1192 3399 1239 als

1311 1261 1581 1311 verwacht
1613 1266 1817 1317 hadden
1848 1271 2052 1319 hebben
2083 1272 2354 1320 bekomen,
2386 1276 2522 1323 door
2555 1278 2790 1326 oorsake
2824 1281 2925 1326 als
2958 1282 3027 1330 in
3059 1286 3093 1331 u
3126 1286 3398 1347 advijsen

1304 1375 1509 1431 (daer
1546 1383 1793 1436 nevens
1833 1392 2240 1443 versonden)
2281 1396 2567 1443 vermelt
2606 1395 2691 1445 is
2726 1401 2810 1448 /.

1142 1548 1320 1599 Omde
1363 1548 1627 1597 duyrte
1671 1552 1804 1599 der
1846 1556 2242 1604 Cassieus,
2285 1554 2637 1601 waermede
2680 1552 2813 1601 den
2856 1548 3121 1596 handel
3163 1551 3340 1599 hier

1324 1675 1487 1723 werdt
1518 1676 1776 1722 gedreven
1806 1678 1936 1728 (dat
1966 1677 2192 1723 usoowel
2224 1677 2321 1722 als
2351 1676 2449 1722 ons
2480 1675 2674 1722 bekent
2704 1674 2803 1721 is)
2832 1671 3027 1721 bennen
3059 1671 3412 1718 ditsaijsoen

1320 1795 1479 1843 inden
1509 1798 1668 1844 prijs
1698 1798 1953 1845 dersijde
1983 1800 2078 1846 tot
2110 1801 2174 1846 op
2204 1802 2299 1847 17.
2329 1800 2426 1847 16
2457 1797 2584 1844 ende
2615 1797 2678 1842 16
2710 1795 2932 1843 faccaer
2963 1796 3026 1842 de
3058 1794 3216 1842 beste
3247 1790 3405 1838 witte

1305 1921 1465 1970 sijde
1494 1927 1840 1974 gesteijgert
1871 1927 2092 1973 vermits
2122 1928 2405 1976 deluijden
2433 1928 2656 1975 deselve
2687 1927 2876 1974 minder
2908 1929 3033 1975 niet
3065 1929 3160 1974 wel
3190 1930 3410 1980 tuijgen

1301 2057 1509 2103 hebben
1543 2058 1787 2107 cunnen,
1817 2062 1958 2109 daer
1992 2065 2096 2110 toe
2130 2061 2268 2110 oocq
2303 2061 2441 2107 veel
2475 2061 2684 2108 gedaen
2716 2059 2892 2107 heeft
2923 2061 2995 2107 de
3028 2063 3202 2110 sobre
3236 2064 3412 2111 teelt

1294 2187 1425 2237 door
1457 2192 1556 2239 die
1587 2196 1848 2246 sterffte
1880 2201 1978 2247 die
2010 2202 2173 2250 desen
2204 2204 2335 2250 Jare
2365 2201 2532 2249 onder
2562 2203 2856 2251 denwoorm,
2888 2207 2987 2254 als
3018 2210 3117 2258 die
3147 2214 3411 2266 Chinesen

1278 2321 1479 2372 hinder
1511 2324 1610 2372 die
1642 2327 1709 2375 de
1741 2330 1907 2376 Comp.
1939 2331 1974 2378 e
2005 2334 2301 2385 indenwegh
2334 2337 2499 2385 sijn,
2532 2336 2665 2387 waer
2695 2343 2829 2392 door
2860 2348 2927 2394 't
2959 2350 3224 2403 Capitael
3256 2359 3425 2412 tene

1257 2438 1429 2488 mael
1463 2443 1601 2490 niet
1635 2445 1705 2494 is
1738 2450 1944 2500 cunnen
1978 2455 2219 2507 verseth
2253 2462 2493 2514 werden,
2527 2469 2597 2517 en
2628 2471 2975 2523 tenaensien
3007 2480 3112 2530 als
3144 2486 3386 2535 geseijt

1286 2572 1521 2622 tegend'
1553 2577 1885 2625 aenstaende
1918 2580 2150 2634 nateelt
2183 2589 2615 2642 d'apparentien
2648 2597 2948 2646 redeli.jk
2979 2603 3278 2650 schijnen,

1285 2690 1448 2743 dient
1479 2700 1545 2747 te
1575 2704 1900 2758 betrachten
1929 2716 2284 2767 (doendelijk
2315 2722 2541 2768 sijnde)
2573 2721 2799 2770 deselve
2830 2724 2992 2772 weder
3024 2728 3089 2774 op
3120 2730 3186 2777 18
3216 2733 3281 2778 en
3313 2733 3410 2779 de-

1280 2829 1452 2879 Witte
1487 2834 1626 2884 syde
1659 2840 1730 2889 op
1753 2841 1831 2891 17
1865 2842 2106 2891 faccaar
2140 2846 2419 2896 brenght,
2451 2853 2625 2903 edogh
2656 2858 3003 2905 vermercken
3037 2859 3176 2908 mits
3209 2862 3314 2911 der

1289 2959 1547 3014 Cassiens
1578 2970 1837 3024 duijrte,
1867 2981 1997 3028 daer
2027 2985 2157 3031 geen
2188 2987 2510 3035 beteringe,
2541 2991 2670 3039 maer
2702 2994 2799 3041 ter
2830 2995 3121 3044 contrarie
3151 2997 3248 3044 wel
3280 2998 3377 3045 eer

1284 3088 1600 3146 ergernisse
1632 3101 2047 3158 aenbespeuren)
2075 3115 2266 3166 del.jk
2296 3121 2394 3168 met
2423 3125 2616 3177 souden
2645 3134 2837 3181 cunnen
2866 3137 3121 3188 behouden
3151 3142 3410 3193 blijven,

1278 3224 1473 3275 mooght
1504 3230 1602 3277 wel
1633 3233 1731 3280 een
1762 3236 1956 3290 sacaar
1987 3245 2149 3291 weder
2181 3246 2536 3304 steijgeren,
2567 3260 2632 3307 op
2664 3262 2761 3311 dat
2792 3266 2922 3314 door
2953 3269 3211 3319 altehard
3243 3274 3309 3322 op

1280 3362 1470 3411 minder
1499 3368 1594 3417 als
1625 3372 1719 3418 den
1750 3372 2191 3431 tegenwoordigen
2221 3388 2379 3436 prijs
2409 3392 2662 3443 staende,
2692 3400 2818 3447 niet
2848 3402 3038 3455 traegh
3068 3409 3415 3464 intaentelen

1266 3487 1506 3539 gemerct
1538 3495 1744 3550 werden
1776 3506 1846 3554 en
1878 3510 2219 3570 dienvolgen
2252 3526 2695 3581 g'intresseert
2728 3535 2934 3583 blijft
2965 3539 3070 3591 den
3100 3549 3271 3597 Eysch
3305 3551 3375 3597 te

1271 3629 1568 3685 erlangen,
1600 3640 1734 3687 daer
1766 3643 1866 3691 toe
1898 3647 1964 3693 al
1997 3649 2063 3694 tt
2095 3649 2360 3704 verstant
2392 3661 2525 3712 moet
2556 3668 2920 3729 gebruijken,
2952 3685 3116 3734 alsoo
3148 3689 3251 3744 ten

1235 3755 1590 3812 principalen
1621 3768 1655 3815 u
1685 3772 1911 3819 bekomen
1942 3775 2296 3835 ervarenth:t
2327 3791 2455 3843 ende
2487 3798 2714 3850 beleijt
2744 3807 2906 3857 sulcx
2937 3813 3163 3865 bevolen
3193 3821 3354 3872 laten

1266 3893 1583 3951 mitsgaders
1612 3907 1740 3953 sigh
1769 3910 1990 3962 natijts
2021 3917 2336 3972 gelegenth.
2367 3928 2401 3975 t
2429 3933 2555 3981 ende
2586 3935 2715 3985 dese
2742 3941 2871 3988 onse
2901 3943 3061 3997 ordre
3089 3955 3154 4002 te
3183 3959 3387 4023 dragen

3071 4100 3115 4147 3
3148 4101 3288 4149 soo
