3703 4828
1382 587 1481 635 den
1510 590 1742 642 welcken
1773 598 1872 646 ick
1904 601 2133 650 geseijt
2165 606 2329 657 hadde
2360 612 2460 658 een
2491 613 2655 659 oolle
2687 615 2753 660 te
2785 616 2983 667 willen
3013 623 3340 675 schrijven,
3372 629 3509 682 maer

1384 702 1560 748 hebbe
1594 703 1910 754 geewoolle
1943 710 2327 762 geschreven,
2361 717 2431 764 op
2465 719 2571 765 dat
2605 718 2746 764 niet
2780 720 3024 766 ijemant
3058 721 3164 770 met
3198 725 3303 773 uE:
3338 728 3516 781 weder

1383 808 1618 856 eenige
1656 812 2082 861 verwarringe
2119 817 2198 863 en
2235 820 2468 867 mochte
2506 822 2816 869 maecken,
2854 824 2932 871 en
2970 827 3010 872 u
3047 828 3126 875 E:
3163 831 3280 877 sal
3318 832 3438 883 mij

1378 923 1763 972 vrientschap
1797 924 1937 970 doen
1971 923 2076 969 mij
2110 923 2424 969 antwoorde
2458 923 2528 969 te
2562 923 2737 970 laten
2771 925 3050 971 toecomen
3084 926 3154 973 is
3189 928 3502 975 portugese

1374 1024 1697 1073 letteren,
1731 1024 1840 1070 ick
1876 1024 2056 1070 hebbe
2090 1024 2199 1070 dan
2234 1025 2379 1071 niet
2413 1028 2594 1073 meer,
2628 1029 2736 1075 als
2772 1030 2881 1076 dat
2915 1033 3059 1081 onse
3095 1036 3275 1087 heere
3306 1042 3347 1088 u
3379 1042 3454 1089 E:

1377 1131 1567 1178 leven
1603 1133 1680 1179 en
1718 1132 2135 1178 gesontheijt
2173 1130 2476 1177 verlange
2514 1129 2666 1177 &=a,

2281 1262 2358 1310 In
2396 1262 2817 1314 Tegenapatam
2854 1259 2969 1305 den
3006 1256 3199 1304 27„en
3237 1247 3429 1300 Junij

2136 1414 2270 1475 Van
2312 1413 2439 1461 UE:
2477 1409 2566 1456 en
2606 1403 2735 1452 was
2776 1386 3326 1447 onderteyckent
3367 1379 3494 1428 int

2460 1500 2967 1563 Mallabaers,
3012 1494 3332 1544 Binanna
3377 1491 3515 1539 Cit
