3567 4883
1516 749 2118 810 Saterdagh
2184 749 2385 799 7„e
2447 738 2783 796 Julij
2848 735 2983 783 ao
3048 731 3316 781 1646

1288 1069 1533 1117 Taert
1578 1068 2020 1115 herwaerts
2068 1064 2752 1114 geprojecteerde
2800 1061 3142 1110 secours
3190 1058 3336 1105 van

1266 1185 1657 1253 Batavia
1712 1179 1878 1229 met
1931 1164 2264 1219 groodt
2318 1150 2815 1208 verlangen
2869 1130 3312 1194 dagelicx

1304 1294 1467 1344 uijt
1507 1282 1750 1336 gesien
1786 1274 1912 1325 tot
1951 1267 2115 1317 dato
2154 1260 2318 1310 noch
2356 1251 2520 1302 niet
2559 1236 3006 1295 verschenen,
3046 1226 3372 1280 middeler

1256 1399 1489 1464 wijle
1532 1389 1672 1442 den
1716 1381 1900 1431 tijt
1944 1375 2082 1424 ten
2127 1358 2584 1418 meerendeel
2627 1340 3040 1401 verloopen
3082 1325 3405 1383 sijnde,

1285 1513 1422 1569 dat
1466 1506 1602 1555 Bij
1643 1494 1781 1548 den
1825 1487 1915 1535 E.
1959 1480 2140 1533 h„r„
2184 1463 2634 1524 gouverneur
2669 1459 2768 1506 d'
2809 1425 3353 1504 jaerlicxsche

1273 1613 1756 1679 viesietie
1808 1596 2024 1654 naer
2076 1574 2667 1637 masulipatan
2717 1561 3042 1617 gedaen
3095 1546 3363 1603 werde

1294 1735 1614 1799 draeght
1656 1722 1839 1777 zijn
1883 1716 1975 1766 E:
2018 1707 2155 1757 den
2198 1694 2425 1749 raedt
2468 1686 2651 1739 voor
2695 1675 2877 1729 ende
2920 1660 3147 1716 geeft
3185 1645 3374 1703 haer

1295 1871 1392 1925 E:
1434 1856 1531 1911 jn
1574 1826 1996 1896 bedencken
2040 1819 2182 1869 off
2227 1810 2461 1863 sulcx
2505 1792 2788 1854 sonder
2831 1777 3114 1834 langer
3159 1769 3346 1819 naer

1272 1979 1318 2026 t
1343 1956 1674 2026 gemelte
1715 1930 2032 1997 secours
2076 1923 2256 1974 ende
2299 1908 2661 1966 advijsen
2700 1904 2839 1956 van
2884 1895 3064 1948 haer
3107 1884 3289 1937 Ed:e

1308 2079 1405 2132 te
1449 2058 1918 2122 tardeeren,
1962 2033 2384 2100 midtsdien
2429 2021 2803 2076 t'sedert
2849 2009 3320 2065 t'vertreck

1293 2175 1599 2230 vanden
1649 2151 2257 2220 oppercoopman
2308 2149 2410 2195 S.
2457 2140 2511 2189 r
2560 2107 3169 2183 Bartholomeus
3214 2098 3323 2150 de

1296 2294 1672 2350 gruijter
1717 2280 1999 2336 eenige
2042 2251 2652 2321 veranderingen
2697 2229 3119 2294 derwaerts
3166 2223 3353 2273 voor

1245 2413 1640 2475 Gevallen
1682 2400 1937 2456 sijn,
1984 2391 2184 2443 niet
2228 2383 2332 2433 en
2377 2363 2776 2426 behoorde
2822 2350 3320 2407 voortganck

1288 2536 1381 2584 te
1427 2530 1703 2584 nemen,
1748 2522 1932 2573 ende
1973 2506 2254 2565 tschip
2297 2483 2666 2547 schiedam
2711 2483 2803 2532 op
2847 2484 2941 2532 6e
2986 2473 3216 2528 deser
3262 2473 3403 2520 van

1253 2649 1572 2706 persia
1621 2639 1836 2692 over
1887 2621 2259 2682 Ceijlon
2310 2614 2470 2663 met
2518 2610 2576 2660 4
2628 2603 2787 2652 stx
2833 2585 3222 2645 paerden

1287 2780 1514 2832 ende
1569 2773 1795 2823 252.
1849 2767 1908 2815 @
1960 2741 2357 2808 guldens
2411 2724 2864 2784 contante
2918 2704 3259 2767 realen

1283 2902 1563 2958 alhier
1607 2897 1749 2946 ter
1792 2875 2073 2939 rheede
2116 2846 2629 2916 verscheenen
2674 2842 2768 2890 en
2812 2818 3418 2886 jegenwoordich

1274 3016 1843 3092 seijlveerdich
1885 2995 2279 3058 leggende,
2320 2988 2496 3038 daer
2540 2987 2670 3033 toe
2706 2984 2802 3032 t'
2844 2965 3412 3030 projecteeren,

1290 3157 1337 3205 t
1378 3136 1910 3200 voorschreven
1953 3131 2086 3180 van
2126 3123 2307 3174 sijn
2350 3121 2439 3167 E:
2475 3116 2659 3166 medt
2702 3107 2924 3160 goede
2967 3088 3368 3150 voordacht

1281 3263 1797 3334 overleijdt,
1842 3252 2032 3307 ende
2077 3226 2734 3295 geconsidireert
2780 3213 3109 3270 sijnde,
3152 3204 3296 3258 hoe

1250 3381 1772 3463 hooghnodigh
1818 3370 2055 3424 sijn,
2101 3365 2197 3413 E:
2232 3351 2432 3408 sich
2477 3337 3094 3395 persoonelijck
3140 3329 3330 3379 omme

1232 3521 1471 3584 voors
1512 3495 2179 3564 veranderinghen
2225 3472 2745 3536 behoorlijck
2790 3467 2887 3516 te
2931 3453 3408 3509 redresser„

1281 3647 1378 3696 op
1417 3634 1568 3687 een
1611 3619 1901 3677 goeden
1945 3605 2139 3662 voet
2185 3598 2281 3647 te
2326 3586 2709 3640 brengen,
2754 3579 2948 3631 ende
2993 3566 3233 3621 alsoo
3279 3553 3376 3609 s'

1205 3763 1518 3819 Comp„s
1567 3739 2034 3806 affaijren
2082 3731 2188 3782 in
2238 3715 2860 3776 gewenschsten
2909 3702 3221 3756 standt
3270 3691 3376 3744 te

1283 3865 1856 3929 conserveren,
1902 3851 2332 3908 derwaerts
2365 3843 2617 3895 dient
2663 3839 2761 3888 t'
2808 3817 3332 3882 vervoughen,

1273 3997 1544 4056 werdt
1596 3988 1759 4040 een
1808 3969 2243 4030 stemmich
2295 3958 2565 4011 goedt
2608 3943 3049 4003 gevonden
3101 3930 3318 3986 ende

1278 4105 1885 4184 gearresteerdt
1929 4100 2072 4148 dat
2107 4082 2305 4144 sijn
2351 4082 2445 4128 E:
2489 4077 2678 4127 naer
2725 4074 2866 4122 dat
2909 4069 3006 4118 al
3052 4061 3384 4112 voorens

1279 4259 1421 4309 tot
1468 4224 1987 4300 regulemendt
2034 4218 2129 4267 jn
2164 4205 2365 4260 sijn
2411 4185 2789 4246 absentie
2837 4177 3405 4233 gerequireerd

1292 4369 1502 4426 ende
1550 4348 1968 4409 volcomen
2016 4338 2279 4391 ordre
2327 4331 2486 4382 ten
2537 4321 2901 4375 meesten
2953 4307 3317 4366 dienste

2819 4484 3262 4545 Vande
