3553 4917
2796 279 2988 335 663

1282 558 1593 618 Eersame
1637 553 2128 602 voorsienige
2172 553 2350 601 seer
2394 546 2796 601 discreete
2840 543 2974 590 p=r

483 973 599 1022 Van
631 962 790 1017 Ziam
826 961 979 1009 sijn
1016 960 1246 1008 alhier
1283 963 1437 1010 13:e
1474 962 1779 1011 Augustij
1817 960 2085 1007 passado
2122 960 2237 1005 wel
2274 959 2313 1004 a
2350 959 2656 1007 engeland
2693 958 3000 1007 defluijt

875 1050 1130 1099 scheepen
1161 1048 1447 1096 berckhout
1477 1051 1605 1097 ende
1637 1051 1859 1098 Coninck
1890 1053 1985 1098 van
2017 1048 2239 1098 voolen,
2270 1047 2461 1093 tsamen
2492 1047 2588 1093 met
2619 1048 2714 1094 een
2746 1049 3033 1102 Cargasoen

882 1133 1291 1180 monteerende
1328 1134 1588 1183 volgens
1624 1137 1886 1186 factura
1921 1143 1959 1188 ƒ
1996 1143 2218 1193 42021:
2253 1143 2330 1191 3.
2364 1141 2478 1187 12.
2513 1139 2626 1186 dat
2662 1137 2812 1184 alle
2848 1137 2924 1185 in

879 1216 1195 1267 qualiteijt
1227 1216 1354 1263 doch
1385 1219 1512 1266 niet
1543 1221 1608 1267 't
1638 1223 1891 1270 eenerael
1923 1224 1987 1270 in
2018 1222 2366 1272 quantiteijt
2396 1220 2492 1267 wel
2523 1213 3003 1264 geconditioneert

896 1302 1234 1351 ontfangen
1270 1308 1345 1354 is
1381 1309 1644 1361 neffens
1677 1316 1904 1363 welcke
1941 1316 2240 1363 becoomen
2277 1314 2389 1360 ick
2426 1312 2688 1359 missive
2723 1306 2875 1356 ende

879 1390 1146 1439 gehouden
1179 1390 1314 1437 dacr
1346 1392 1614 1443 register
1646 1398 1780 1444 daar
1814 1399 1948 1444 uijt
1980 1400 2048 1445 de
2080 1400 2281 1446 ziamse
2314 1401 2715 1448 geleegenthzt
2748 1401 3016 1451 volcomen

886 1475 1169 1527 verstaen
1204 1475 1521 1524 danckbaar
1555 1479 1872 1528 blijvende
1906 1483 2047 1530 voor
2083 1485 2434 1533 soodanighe
2465 1486 2857 1536 bedeelinghe

884 1555 983 1603 ten
1014 1556 1245 1603 aensien
1278 1557 1344 1605 de
1376 1561 1868 1609 extraordinarise
1900 1564 2130 1613 winsten
2161 1568 2261 1618 opt
2293 1573 2458 1618 siams
2489 1572 2785 1619 Cargasoen
2818 1573 3019 1624 vallen

883 1643 1058 1690 waare
1094 1643 1516 1693 werschelijck
1549 1650 1656 1697 den
1690 1653 1900 1700 eijsch
1935 1655 2041 1701 van
2076 1657 2217 1706 hier
2251 1661 2428 1709 hadde
2460 1663 2672 1710 connen
2707 1663 2953 1711 voldaen

885 1730 1256 1782 werden/.

422 1993 510 2042 de
539 1968 1031 2032 hertevellen
1074 1970 1249 2018 sijn
1293 1973 1512 2020 gaaff
1553 1973 1732 2021 ende
1772 1977 2035 2027 schoon
2079 1982 2297 2027 aende
2340 1982 2604 2029 Merckt
2646 1986 2998 2045 gecoomen

880 2068 1158 2114 jngevolge
1187 2068 1373 2115 bester
1404 2070 1496 2116 als
1527 2071 1589 2116 't
1619 2071 1897 2118 verleeden
1927 2073 2051 2119 jaar
2081 2073 2392 2121 rendeeren,
2420 2077 2483 2124 't
2512 2080 2729 2130 gebeurt
2758 2084 3039 2131 zomwijlen

862 2155 1001 2208 door
1035 2155 1103 2200 de
1137 2155 1579 2203 wrevilicheijt
1612 2159 1715 2205 der
1748 2160 2089 2211 Japanderen
2122 2167 2190 2213 in
2224 2168 2360 2215 Siam
2393 2169 2496 2216 die
2530 2171 2836 2221 ordinarie
2870 2176 2977 2222 tot

884 2246 949 2293 't
978 2241 1170 2289 packen
1201 2241 1297 2287 der
1327 2243 1518 2289 hertte
1549 2244 1741 2290 vellen
1769 2246 2086 2296 gebruijckt
2118 2251 2307 2298 werden
2339 2253 2498 2301 grote
2528 2257 2972 2314 verhinderinghe

869 2327 1066 2375 lijden
1097 2327 1197 2374 bij
1228 2329 1424 2376 aldien
1456 2332 1749 2378 sulckjets
1781 2333 2075 2383 voorcompt
2106 2339 2271 2388 heeft
2301 2344 2367 2390 uE
2398 2345 2529 2394 sich
2562 2349 2660 2396 aen
2692 2351 2823 2400 haar
2855 2356 2987 2404 niet

837 2414 906 2460 te
939 2412 1177 2460 binden,
1211 2412 1346 2459 ende
1380 2414 1584 2463 moocht
1617 2419 1958 2471 vrijelijck
1990 2427 2059 2473 't
2092 2429 2195 2476 zij
2227 2433 2533 2484 Chineesen
2566 2439 2703 2485 ofte
2735 2441 2939 2489 andere

867 2498 1193 2544 arbeijders
1225 2498 1356 2544 daar
1388 2499 1486 2546 toe
1518 2502 1910 2554 gebruijcken,
1940 2509 2039 2556 als
2072 2511 2203 2561 maar
2234 2516 2627 2568 geobserveert
2658 2525 2853 2572 werden
2886 2526 2952 2573 de

860 2581 1288 2641 zoorteringhen
1320 2582 1419 2629 ter
1451 2585 1682 2635 naesten
1713 2591 1812 2637 bij
1844 2592 2041 2642 eguael
2074 2597 2239 2646 valt,
2270 2601 2402 2650 oock
2434 2605 2501 2652 of
2532 2607 2598 2654 't
2630 2609 2796 2657 selve
2827 2612 2928 2661 met

875 2669 1178 2719 patanisse
1211 2668 1347 2713 ofte
1380 2669 1583 2717 Siamse
1616 2673 1886 2725 rottangh
1919 2681 2188 2732 geschiet
2222 2687 2290 2732 is
2323 2688 2560 2736 almeede
2592 2692 2728 2738 niet
2761 2694 3034 2742 geleegen

886 2759 1130 2809 vermits
1163 2758 1235 2804 de
1266 2758 1653 2806 coopluijden
1687 2762 1827 2810 niet
1861 2765 1967 2813 nae
2000 2768 2036 2813 t
2070 2768 2279 2816 packen
2314 2771 2524 2818 nochte
2558 2773 2663 2823 wat
2697 2778 2980 2835 rottangh

868 2848 967 2902 het
998 2847 1093 2892 zij
1125 2845 1251 2891 maar
1281 2844 1377 2890 nae
1407 2844 1472 2890 de
1502 2844 1818 2891 sorteringe
1848 2846 1977 2894 ende
2006 2850 2165 2898 goede
2196 2853 2355 2902 sturs
2384 2858 2543 2905 zien,
2573 2861 2764 2911 altijt
2794 2866 3047 2923 lettende

807 2938 1026 2991 deselve
1056 2933 1152 2982 wel
1183 2932 1403 2978 asschen
1433 2932 1559 2979 ende
1591 2932 1748 2979 dicht
1778 2934 1842 2980 te
1873 2935 2000 2985 doeh
2029 2940 2219 2989 packen
2249 2946 2344 2994 dat
2375 2949 2784 3003 ongetwijffelt
2814 2959 3038 3014 groote„

845 3026 1030 3076 „lijck
1060 3020 1245 3071 teegen
1275 3019 1337 3064 't
1366 3016 1521 3064 eeten
1550 3016 1644 3062 der
1674 3018 1859 3065 wormen
1889 3021 2257 3072 preserveert,
2287 3028 2351 3075 op
2379 3032 2441 3079 de
2471 3035 2779 3086 koehuijden
2808 3041 2936 3096 vald

864 3113 1039 3165 meede
1072 3108 1211 3156 niet
1245 3107 1314 3153 te
1348 3106 1590 3152 seggen,
1624 3107 1866 3154 everwel
1900 3109 2108 3157 moogen
2141 3113 2211 3160 op
2244 3116 2384 3166 veel
2417 3122 2522 3170 nae
2554 3127 2624 3174 de
2658 3130 3038 3188 voorjaarige

858 3198 1078 3249 winsten
1109 3198 1234 3243 niet
1265 3196 1610 3243 bereijcken,
1641 3195 1954 3243 ontstaande
1985 3198 2112 3248 door
2141 3204 2236 3253 den
2266 3208 2487 3259 grooten
2517 3215 2738 3266 toevoer
2767 3221 2865 3269 der

877 3287 1179 3339 chineesen
1213 3287 1347 3332 uijt
1381 3286 1649 3332 Combodia
1682 3288 1749 3334 en
1782 3289 1984 3340 elders
2017 3295 2186 3343 Japan
2218 3298 2420 3346 deesen
2453 3302 2621 3352 jaare
2653 3308 2856 3356 gedaan

573 3523 743 3571 Swart
776 3525 911 3574 lacq
945 3529 1013 3576 is
1046 3529 1215 3576 meede
1249 3527 1553 3574 redelijck
1587 3527 1688 3573 van
1722 3528 1925 3578 deucht
1958 3533 2431 3581 bevondehechter
2464 3534 2532 3579 in
2565 3534 2735 3581 prijs
2768 3536 3038 3586 gedaelt,

863 3622 1027 3671 heeft
1058 3618 1190 3666 oock
1222 3616 1353 3663 meer
1386 3615 1485 3661 ols
1517 3616 1812 3662 ordinarij
1841 3616 2172 3664 onderwicht
2204 3620 2498 3667 gegeeven,
2531 3620 2695 3667 zulcx
2727 3622 2956 3670 naedien

856 3711 924 3758 de
956 3706 1157 3755 potten
1189 3701 1423 3750 volgens
1456 3699 1690 3745 factura
1723 3700 1790 3746 in
1822 3700 1990 3749 getal
2022 3704 2389 3751 malcanderen
2421 3704 2622 3751 duchte
2656 3704 2789 3750 ofte
2822 3705 2922 3752 wel

856 3795 1083 3848 abusive
1114 3791 1501 3840 affgescheept
1533 3789 1598 3835 en
1629 3789 1824 3835 eenige
1855 3789 2049 3835 potten
2081 3790 2500 3837 overgebleeven
2531 3788 2694 3837 mogen
2724 3784 2856 3832 zijn

861 3886 932 3932 't
965 3882 1139 3930 welck
1171 3878 1278 3927 int
1313 3873 1660 3922 aenstaande
1694 3872 1902 3918 geerne
1936 3873 2214 3921 vernemen
2249 3875 2388 3922 niet
2422 3877 2839 3933 tegenstaende
2872 3888 2979 3938 den

862 3965 1104 4015 grooter
1137 3959 1483 4009 onderwicht
1517 3958 1794 4004 bevinden
1828 3957 2001 4004 ruijm
2034 3960 2174 4006 cent
2207 3962 2311 4008 p:r
2345 3963 2519 4012 cento
2552 3969 2794 4016 avance,
2828 3971 3001 4017 zulks

849 4056 910 4104 in
939 4049 1268 4103 toecoomende
1297 4048 1357 4094 al
1386 4046 1596 4092 wederom
1626 4046 1835 4093 pertije
1864 4048 2103 4094 gesonden
2133 4049 2282 4096 dient
2312 4050 2700 4099 vernamentlijk
2730 4054 2819 4100 ten
2849 4055 3074 4108 civilen

857 4141 1059 4191 prijse
1093 4139 1195 4186 als
1227 4137 1296 4184 nu
1329 4137 1464 4182 twee
1497 4135 1634 4181 ofte
1666 4136 1802 4182 drie
1835 4136 2038 4183 Jaaren
2071 4134 2375 4182 herwaarts
2409 4135 2713 4183 ingecocht
2746 4139 2988 4192 become„

877 4227 1164 4291 „lijcke
1203 4218 1488 4270 zijnde.
1527 4218 1568 4264 —

2118 4555 2661 4611 Derochevellen.
