3567 4801
2750 527 2932 576 915

742 624 1159 698 Janduarij
1201 605 1389 667 Anno
1433 594 1620 646 1646

943 785 1037 838 met
1067 778 1278 829 proffyt
1306 766 1639 822 t'handeren,
1669 763 1790 811 ende
1819 758 1940 806 niet
1969 755 2090 803 omme
2120 755 2211 801 aen
2241 756 2421 803 eenige
2451 758 2663 805 slooten
2691 754 2873 803 gelden

949 881 1173 949 tegeven,
1199 873 1390 925 alwaert
1417 871 1554 918 sulcx
1577 870 1662 917 bij
1688 859 2015 914 forcesochten
2042 857 2097 904 te
2123 856 2315 904 krijgen
2341 860 2396 906 no
2422 861 2613 908 wanneer
2640 864 2803 911 marcht
2829 862 2970 910 hebbe

955 985 1061 1034 ende
1086 979 1375 1029 andtwoorden
1401 978 1480 1023 kan
1506 977 1611 1023 twee
1637 977 1716 1022 dae
1742 975 1979 1021 drijemael
2004 976 2266 1022 meergelden
2293 975 2398 1021 (als
2424 975 2503 1021 mij
2528 976 2739 1023 afpersen
2764 975 2948 1022 wilden)

950 1092 1029 1143 met
1052 1085 1330 1136 deffenderen
1356 1085 1406 1130 te
1431 1084 1658 1131 gasteren,
1683 1084 1834 1130 anders
1859 1084 2011 1130 doende
2035 1084 2161 1129 soude
2187 1084 2439 1130 swaerlijck
2463 1083 2766 1130 beschuldicht
2790 1080 2946 1129 worden

955 1202 1052 1251 ende
1073 1198 1148 1246 soo
1171 1197 1220 1243 d'
1244 1195 1364 1243 Mags.
1387 1197 1412 1242 t
1435 1196 1556 1241 wilde
1579 1194 1724 1241 seggen
1748 1194 1796 1239 al
1819 1193 1868 1239 en
1892 1192 2061 1238 goefick
2084 1193 2156 1238 het
2179 1192 2276 1238 niet
2300 1193 2372 1239 dat
2396 1193 2468 1239 het
2492 1193 2804 1239 d'Coopluijden
2824 1190 2902 1238 dan

948 1309 1097 1357 gaven,
1119 1307 1172 1354 de
1195 1302 1469 1351 Coopluijden
1494 1302 1594 1348 hier
1618 1301 1668 1347 en
1693 1301 1792 1346 sijn
1817 1300 2016 1346 soorijck
2040 1301 2140 1346 niet
2165 1301 2239 1346 dat
2264 1300 2339 1346 met
2363 1299 2463 1345 haer
2488 1298 2637 1345 eijgen
2660 1294 2786 1343 geldt
2808 1286 2985 1337 cunnen—

934 1413 1166 1470 handelen,
1190 1410 1294 1458 maer
1318 1407 1447 1454 alles
1472 1403 1575 1451 moet
1600 1403 1677 1449 ons
1702 1403 1830 1449 eygen
1855 1403 2009 1449 geldt,
2034 1403 2137 1449 ende
2161 1404 2493 1450 tegenwoordich
2519 1403 2621 1449 sijn
2645 1402 2723 1448 ons
2747 1395 2852 1447 Vele

937 1524 1195 1579 schuldich,
1219 1521 1298 1568 soo
1323 1520 1401 1565 dat
1425 1518 1503 1563 wat
1528 1517 1580 1562 d'
1606 1517 1889 1562 Coopluijden
1914 1516 2043 1562 gaven
2068 1512 2172 1560 uijt
2197 1512 2275 1558 ons
2300 1513 2454 1559 eijgen
2479 1512 2583 1558 Burs
2608 1512 2737 1558 soude
2760 1508 2917 1557 Comen.
2938 1505 2969 1553 —

926 1640 1037 1690 sijn
1061 1629 1255 1683 maijs.t
1282 1629 1337 1674 ds
1363 1626 1447 1672 een
1473 1622 1665 1670 Coninck
1692 1621 1775 1668 van
1801 1620 1966 1667 groodt
1994 1620 2267 1667 verstandt,
2294 1616 2514 1665 daeromme
2540 1616 2623 1662 hem
2650 1613 2787 1662 desen
2814 1603 3035 1658 schrijve

934 1750 994 1798 op
1020 1743 1109 1793 dat
1135 1735 1252 1786 mach
1279 1728 1453 1779 weeten
1481 1728 1568 1774 het
1596 1728 1654 1773 in
1682 1726 1884 1772 mijnder
1913 1726 2056 1772 macht
2085 1726 2200 1772 niet
2229 1726 2286 1771 en
2315 1726 2373 1771 Es
2399 1722 2545 1771 geldt
2573 1720 2631 1766 te
2660 1716 2833 1765 geven,
2861 1712 2976 1760 maer

929 1856 1044 1910 sijn
1070 1849 1211 1899 mais.
1238 1849 1266 1894 t
1293 1842 1489 1894 belieft
1515 1839 1572 1886 te
1598 1835 1822 1884 dencken,
1849 1834 1934 1880 dat
1961 1832 2045 1878 met
2073 1832 2184 1877 onse
2212 1830 2407 1877 negotie
2433 1826 2546 1874 alle
2572 1820 2796 1870 aerbeyts
2822 1813 3019 1863 luijden

939 1971 1014 2023 Jnt
1034 1962 1157 2014 landt
1179 1954 1467 2006 onderhouden,
1489 1952 1586 1998 stem
1608 1950 1682 1997 van
1705 1948 1801 1995 dese
1825 1947 1945 1993 stadt
1968 1946 2064 1991 ende
2087 1944 2327 1990 omliggende
2349 1941 2494 1989 landen
2517 1935 2733 1985 ontfanghn
2754 1931 2828 1980 18'
2850 1926 2972 1976 mags.
2991 1923 3020 1971 t

945 2076 1079 2131 groote
1097 2066 1252 2119 tollen,
1272 2063 1360 2111 ende
1381 2059 1555 2107 saerlicx
1576 2058 1685 2104 Comen
1706 2057 1750 2103 d'
1770 2055 1901 2101 maijs.
1922 2055 1945 2101 t
1966 2055 2031 2101 met
2053 2055 2162 2100 goede
2181 2051 2422 2099 schenckagie
2441 2047 2638 2095 enkennen,
2659 2044 2746 2092 ende
2765 2036 2920 2088 wanneer

933 2188 1027 2234 dese
1047 2178 1215 2233 plaetse
1237 2173 1333 2222 jets
1354 2168 1567 2217 overcompt
1590 2168 1661 2214 wij
1684 2162 1967 2213 d'effenderen
1990 2161 2061 2207 die
2084 2160 2155 2205 ten
2178 2156 2344 2204 dienste
2366 2155 2484 2202 vande
2507 2152 2625 2200 mags.
2648 2151 2673 2197 t
2694 2150 2766 2197 dit
2789 2146 2907 2194 alles

929 2301 1004 2351 syn
1024 2296 1075 2344 de
1098 2289 1315 2340 proffyten
1338 2286 1411 2333 die
1434 2285 1483 2331 d'
1506 2281 1626 2329 mays.
1650 2278 1747 2326 moet
1769 2272 1986 2322 reeckenen
2009 2270 2082 2316 van
2106 2268 2178 2315 ons
2202 2267 2250 2312 te
2274 2263 2466 2312 trecken,
2489 2257 2682 2307 hieromme
2705 2254 2778 2302 uyt
2801 2247 2948 2298 goeder

919 2404 1072 2456 liefde
1096 2399 1173 2448 die
1197 2398 1249 2443 d'
1274 2396 1401 2443 mays.
1426 2396 1502 2442 tot
1527 2394 1578 2440 on
1602 2392 1780 2438 draeght
1806 2391 1983 2437 gelieft
2007 2387 2059 2434 te
2084 2384 2261 2431 bevelen
2284 2380 2464 2429 maleije
2487 2375 2641 2425 alled'
2665 2366 2818 2419 Cleden
2842 2364 2920 2410 die

950 2506 1028 2553 van
1053 2503 1131 2550 ons
1156 2502 1286 2548 heeft
1311 2501 1492 2547 gerooft
1517 2499 1699 2547 wederom
1724 2494 2086 2544 gerestitueert,
2112 2492 2215 2539 ende
2240 2491 2293 2536 d'
2317 2485 2603 2536 bleckeringe
2628 2484 2707 2530 van
2730 2480 2835 2527 hier

925 2622 1178 2677 opbreeckt,
1202 2619 1303 2666 Item
1327 2615 1578 2664 ordonneert
1603 2615 1653 2660 d'
1678 2612 1854 2660 negotie
1878 2608 2130 2657 vrijelijck
2154 2606 2230 2652 als
2254 2604 2305 2650 te
2329 2601 2480 2648 vooren
2505 2599 2631 2646 Cours
2656 2597 2831 2644 nehempt
2855 2593 2933 2641 als

923 2725 1100 2774 wanneer
1124 2723 1175 2770 d'
1200 2721 1326 2767 mags.
1351 2721 1376 2766 s
1401 2721 1502 2769 naem
1526 2720 1703 2768 grooter
1728 2720 1904 2767 werden,
1929 2722 2029 2767 ende
2054 2720 2105 2766 's
2129 2718 2256 2765 lands
2280 2714 2456 2763 blijven
2481 2713 2582 2759 sal,
2606 2707 2708 2757 ende
2731 2703 2808 2750 soo
2832 2695 2935 2747 niet

920 2836 975 2886 en
998 2831 1078 2879 sal
1103 2829 1181 2875 ons
1206 2827 1310 2873 geen
1336 2826 1491 2872 landen
1516 2824 1595 2870 ome
1620 2825 1672 2870 t'
1698 2823 1957 2870 negotieren
1982 2821 2293 2868 ontbreecken,
2318 2820 2448 2867 maert
2473 2818 2551 2864 sal
2576 2814 2758 2863 verdert
2781 2811 2863 2859 van

865 2943 995 3000 Mais.
1019 2941 1070 2987 ts
1094 2936 1249 2986 landen
1271 2935 1401 2985 wesen
1425 2934 1579 2980 voorts
1604 2934 1655 2979 op
1681 2934 1783 2979 hope
1808 2934 1885 2979 dat
1909 2932 1961 2978 d'
1986 2931 2114 2977 mays.
2138 2929 2267 2976 desen
2291 2927 2420 2973 brief
2444 2922 2623 2971 lesende
2648 2920 2776 2966 recht
2800 2914 3006 2964 oordelen

899 3052 1003 3102 sal,
1027 3047 1157 3096 hebbe
1183 3046 1286 3092 dese
1312 3046 1415 3091 Voor
1440 3045 1493 3090 d'
1518 3045 1647 3093 leste
1672 3048 1776 3094 mael
1801 3044 2163 3094 afgevaerdight,
2187 3041 2291 3088 ende
2315 3038 2394 3086 tot
2420 3036 2601 3083 meerder
2625 3031 2808 3080 geloofs
2832 3032 2910 3081 met
2934 3035 2961 3080 —

906 3162 1011 3209 mijn
1037 3162 1167 3208 eygen
1193 3160 1323 3207 handt
1349 3156 1739 3205 onderteijckent,
1764 3157 1868 3203 alle
1894 3158 2050 3204 andere
2075 3156 2258 3204 saecken
2283 3153 2362 3200 sal
2387 3147 2674 3197 ramabgaeren
2698 3144 2752 3191 d'
2776 3139 2908 3188 mais.
2930 3135 2959 3182 t

906 3269 1157 3321 verhalen,
1184 3268 1241 3313 en
1268 3267 1381 3313 hier
1408 3264 1604 3311 eenigen
1631 3264 1800 3311 dienst
1825 3265 1995 3314 cunnen
2020 3264 2134 3311 doen
2162 3265 2273 3311 heet
2301 3265 2357 3310 te
2385 3259 2692 3310 Commanderen

808 3425 872 3475 An
895 3418 930 3465 4
957 3413 1019 3461 d.
1046 3409 1078 3456 o
1106 3406 1287 3453 werden
1316 3405 1465 3452 Voord
1494 3406 1734 3452 Waerheyt
1763 3407 2120 3454 g'Informeert
2148 3403 2239 3450 den
2268 3398 2448 3448 Vyandt
2477 3388 2864 3443 Jegenwoordigh

920 3515 1026 3563 niet
1053 3512 1184 3560 Boven
1210 3512 1263 3557 d'
1288 3510 1369 3557 500
1394 3510 1526 3555 pions
1553 3509 1686 3555 byden
1710 3511 1895 3556 anderen
1921 3511 1974 3558 op
1999 3510 2316 3559 wansjewacke,
2341 3507 2447 3555 ende
2473 3506 2526 3552 d'
2552 3503 2816 3550 resterende
2841 3500 2948 3549 wijt

908 3633 1013 3682 ende
1039 3632 1116 3678 syt
1141 3624 1400 3676 verstroijt
1425 3621 1554 3669 sijn,
1578 3619 1683 3666 ende
1709 3619 1812 3664 door
1838 3619 1967 3664 faute
1993 3619 2070 3664 van
2096 3618 2354 3664 Betaelinge
2379 3617 2483 3663 haer
2508 3612 2715 3661 soldaten
2741 3610 2948 3657 beginnen

920 3750 974 3795 te
998 3741 1320 3793 muijteneren,
1342 3737 1453 3786 ende
1479 3735 1613 3781 veele
1639 3735 1692 3781 te
1719 3735 1986 3781 verloopen,
2012 3734 2120 3780 ende
2145 3735 2386 3782 aengesien
2411 3733 2492 3779 den
2518 3731 2705 3777 Vyjandt
2731 3730 2785 3776 nu
2812 3728 2948 3775 swack

907 3855 1018 3903 ende
1045 3855 1155 3901 onse
1183 3856 1320 3901 macht
1348 3853 1595 3901 suffisant
1622 3853 1898 3900 g'oordeelt
1924 3855 2063 3901 werdt
2089 3854 2200 3901 omme
2226 3853 2310 3899 den
2336 3849 2530 3897 Vijandt
2557 3849 2695 3895 onder
2720 3846 2914 3895 d'ooge.

916 3971 967 4017 te
990 3967 1142 4015 comen,
1167 3966 1267 4012 ende
1291 3966 1342 4012 op
1366 3966 1442 4012 den
1466 3964 1616 4011 selven
1641 3964 1691 4009 t'
1716 3964 1966 4010 attenteren
1991 3965 2066 4010 als
2091 3965 2191 4011 oocq
2216 3965 2266 4011 82
2290 3963 2441 4010 prince
2466 3955 2691 4008 stuckjens
2714 3952 2791 3999 die
2814 3946 2916 3996 door

899 4098 953 4144 't
978 4089 1191 4142 breecken
1217 4088 1270 4134 d'
1297 4078 1588 4133 Cooppaerden
1613 4077 1720 4123 ende
1745 4076 1852 4122 hart
1877 4075 2117 4121 vervolgen
2143 4076 2222 4122 der
2248 4073 2434 4120 vyanden
2459 4069 2540 4118 bij
2566 4066 2725 4113 d'onse
2750 4060 2990 4110 voordesen

893 4204 1311 4265 achtergelaeten,
1338 4200 1450 4248 ende
1477 4194 1755 4244 dienvolgen
1781 4191 1837 4238 In
1865 4191 1948 4239 des
1975 4191 2171 4239 vyandts
2197 4190 2363 4238 handen
2391 4184 2641 4235 vervallen
2667 4182 2779 4229 sijn

0 1280 35 1325 18

125 1273 194 1324 de

130 1376 194 1424 si

0 1696 180 1743 innen

143 3886 205 3932 85,
