3567 4801
2712 540 2884 593 908

365 521 643 587 Decemb.
678 515 838 567 1645

919 733 1059 784 gansch
1083 731 1292 778 distituyt
1316 731 1409 776 syn,
1432 731 1525 776 ende
1548 729 1735 776 eschaers
1758 730 1851 776 niet
1874 730 1944 775 soo
1967 729 2131 775 veelbij
2154 728 2317 775 d'Cassa
2340 729 2503 775 hebben,
2525 726 2620 774 omme
2642 725 2690 772 't
2710 722 2946 769 guarnisoen

921 834 1226 895 behoorlijck
1253 832 1309 878 te
1336 826 1557 876 voldoen,
1583 820 1749 870 hebben
1775 817 1886 864 dese
1914 816 2107 862 Vrunden
2134 817 2189 863 d'
2217 815 2492 863 Engelschen
2519 813 2602 859 tot
2627 798 2850 857 d'Comste

908 950 996 1005 van
1019 943 1077 992 't
1102 927 1404 987 eersteschip
1428 923 1513 971 van
1539 919 1676 968 Batas
1702 916 1758 963 ia
1785 914 1894 961 ofte
1921 912 2003 959 wel
2029 912 2221 960 Tagouan
2247 910 2330 958 met
2356 908 2412 954 d'
2438 897 2794 952 gevongelijcke
2817 891 2875 941 te

912 1048 1046 1103 heden
1070 1037 1388 1092 uijtgestelt,
1411 1029 1545 1080 sulcx
1569 1027 1650 1074 den
1674 1018 1912 1072 Engelsman
1938 1015 2070 1063 weder
2095 1012 2201 1059 sijn
2227 1008 2464 1057 afscheyjt
2489 1005 2596 1052 nam,
2621 1003 2674 1049 en
2698 997 2808 1046 naer

910 1153 1126 1212 masulip
1156 1146 1279 1197 atam
1308 1132 1678 1190 retourneerde

687 1323 750 1380 An
771 1312 832 1363 14
856 1308 887 1355 .
908 1301 943 1350 o
968 1285 1190 1341 verstaen
1216 1281 1328 1330 uijt
1353 1273 1521 1324 teeger
1547 1269 1660 1318 door
1686 1261 1936 1313 schrijven
1961 1254 2130 1306 vanden
2156 1246 2406 1298 Ondercoop
2432 1243 2517 1289 men
2543 1233 2710 1287 Willem
2735 1226 2859 1276 Pauw

914 1381 1320 1452 wardapadagelicx
1346 1376 1455 1425 seer
1480 1372 1589 1421 hart
1615 1364 1750 1416 vande
1777 1360 1912 1409 Sious
1938 1359 1992 1405 om
2018 1357 2127 1404 haer
2153 1351 2342 1401 mossaer
2369 1349 2477 1395 ofte
2502 1341 2692 1393 maend't
2716 1335 2883 1385 gelet—

928 1489 1311 1553 getravailjeert,
1334 1483 1438 1533 ende
1462 1471 1744 1527 aengemaendt
1768 1466 1923 1515 werdt,
1948 1463 2050 1511 doch
2076 1460 2229 1508 datter
2255 1458 2357 1505 geen
2381 1450 2612 1503 Contanten
2636 1444 2715 1494 bij
2738 1441 2790 1487 de
2815 1431 2945 1485 Casse

981 1601 1175 1652 waeren,
1199 1594 1313 1646 ende
1340 1591 1423 1639 van
1450 1581 1782 1636 d'Engelechen
1806 1572 2002 1625 ontseth
2029 1567 2169 1616 hadde
2192 1559 2416 1614 becomen,
2441 1555 2499 1603 om
2525 1547 2719 1599 d'selve
2745 1541 2830 1592 tot
2857 1533 2968 1584 haer

922 1717 1050 1771 haere
1072 1700 1349 1760 maendtgeldt
1372 1697 1424 1744 te
1448 1692 1648 1741 betaelen
1672 1690 1748 1736 met
1771 1683 1947 1734 belofte
1971 1682 1997 1727 t
2021 1675 2222 1726 resteren
2246 1672 2322 1720 sij
2346 1670 2496 1718 Corten
2518 1663 2621 1713 mede
2644 1652 2845 1707 genieten
2867 1643 2994 1695 soude

739 1906 797 1954 Af
819 1897 879 1947 15
899 1883 989 1940 tot
1012 1876 1098 1926 19:
1123 1871 1209 1919 d.o
1233 1869 1319 1915 syn
1344 1865 1429 1914 soo
1455 1860 1539 1908 van
1565 1857 1622 1904 de
1648 1850 1842 1902 Vyandts
1868 1840 2091 1894 sterckte
2116 1836 2201 1884 als
2227 1834 2311 1880 der
2338 1827 2504 1878 stadts
2531 1824 2697 1872 punten
2723 1819 2807 1868 van
2834 1811 3000 1863 weeder

921 1983 1046 2039 syden
1066 1971 1315 2025 diveersche
1339 1964 1513 2016 schoten
1537 1957 1710 2007 gedaen,
1732 1948 1931 2001 hebbende
1955 1946 2030 1992 den
2052 1941 2202 1990 vyandt
2224 1936 2300 1985 tot
2323 1933 2424 1981 noch
2446 1928 2571 1977 eneen
2595 1924 2768 1973 schaede
2790 1913 2893 1969 Inde

921 2088 1060 2147 stadt
1084 2077 1248 2132 konnen
1273 2069 1542 2121 bewercken,
1568 2066 1649 2113 wat
1674 2059 1890 2110 operatie
1916 2055 2024 2103 onse
2047 2046 2239 2099 schoten
2263 2035 2479 2090 omtrendt
2505 2033 2586 2079 den
2611 2022 2801 2077 vijandt

925 2191 1166 2253 gemaeckt
1194 2187 1403 2237 hebben,
1431 2183 1493 2231 Is
1521 2180 1612 2227 ons
1641 2175 1730 2223 tot
1759 2171 1879 2219 noch
1907 2165 2028 2215 niet
2056 2158 2236 2209 bekent
2265 2144 2503 2202 geworden

744 2416 782 2467 A
802 2399 889 2452 20.
909 2392 945 2442 e
969 2384 998 2430 d
1024 2382 1053 2428 o
1077 2365 1273 2426 becont:
1299 2354 1577 2409 vorseekene
1604 2349 1742 2398 rloos
1769 2343 1963 2393 hioedat
1989 2338 2073 2387 den
2099 2330 2266 2382 Connck
2293 2326 2377 2374 van
2403 2317 2680 2370 Curinatica
2706 2301 2928 2361 verstaen

950 2471 1150 2527 hebbende
1174 2464 1324 2515 sijnen
1348 2458 1473 2508 vader
1497 2451 1648 2502 nevens
1672 2450 1722 2495 d'
1747 2445 1872 2495 drije
1895 2437 2120 2489 rleijcken
2144 2427 2419 2481 namentlijck
2443 2423 2519 2471 van
2542 2414 2719 2467 sinsuer

944 2581 1264 2650 Tansjousser
1289 2568 1409 2623 ende
1435 2561 1582 2611 madre
1610 2556 1727 2604 haer
1754 2541 2162 2600 geconjungeert,
2191 2535 2308 2586 ende
2334 2531 2424 2579 een
2451 2522 2656 2575 formele
2683 2510 2860 2565 wacht—

938 2701 1015 2751 soo
1037 2691 1189 2744 peerde
1211 2686 1288 2735 als
1310 2680 1413 2730 Voed
1436 2673 1587 2724 tvolcq
1609 2666 1736 2717 byden
1760 2660 1935 2710 anderen
1959 2653 2183 2705 Versamelt
2206 2646 2383 2698 hadden,
2407 2643 2482 2689 met
2505 2634 2731 2688 voornemen
2755 2621 2930 2678 daermet

931 2803 1108 2860 volgens
1131 2797 1233 2846 haer
1256 2790 1407 2841 langhn
1430 2780 1656 2834 voordesen
1679 2769 1879 2824 besloten
1903 2765 2054 2815 accort
2077 2759 2228 2809 Iegens
2252 2757 2352 2804 sijn
2374 2751 2501 2800 mags.
2526 2751 2551 2796 t
2575 2748 2626 2795 op
2649 2744 2700 2791 te
2723 2735 2925 2788 trecken,

931 2925 1004 2975 den
1023 2915 1168 2968 selven
1190 2908 1309 2959 allen
1329 2894 1590 2951 mogelijcken
1612 2886 1801 2938 afbreucq
1822 2883 1872 2930 te
1892 2876 1989 2927 doen
2011 2874 2059 2920 en
2082 2867 2341 2919 practicabel
2363 2861 2505 2911 sijnde
2527 2858 2599 2905 met
2621 2851 2810 2902 geweedst
2831 2843 2928 2896 uijt

923 3046 998 3097 syn
1019 3025 1332 3089 Coninckerijck
1354 3021 1404 3069 te
1425 3008 1666 3065 verjaegen,
1688 3004 1738 3051 en
1759 2994 2000 3048 dienvolgen
2022 2990 2096 3038 des
2117 2983 2263 3033 Maijs.
2286 2981 2310 3027 s
2334 2974 2526 3026 Broeders
2549 2970 2645 3018 soon
2667 2967 2717 3014 In
2738 2955 2933 3011 desselfs

914 3151 1107 3210 plaetse
1130 3146 1188 3195 te
1213 3131 1513 3189 surrogeren,
1539 3125 1676 3176 heeft
1701 3121 1757 3169 8'
1783 3113 1920 3164 mays.
1945 3111 1975 3157 t
1998 3102 2110 3153 sijn
2134 3091 2381 3146 gandtsche
2406 3085 2543 3135 macht
2570 3079 2760 3129 bijden—

934 3265 1119 3320 anderen
1141 3251 1406 3308 versamelt,
1432 3245 1538 3295 ende
1562 3236 1878 3289 geresolveert
1902 3229 2114 3281 daermiet
2139 3226 2219 3274 tot
2244 3221 2533 3271 resistentie
2555 3214 2691 3266 vande
2715 3206 2901 3258 seycken

922 3385 1162 3445 Voornemen
1187 3364 1532 3428 persoonelijck
1557 3359 1664 3408 uijt
1690 3354 1849 3404 Delour
1874 3351 1929 3398 op
1954 3348 2035 3395 den
2060 3345 2167 3392 wegh
2190 3340 2273 3390 van
2297 3332 2484 3384 sintier
2510 3330 2617 3377 naer
2642 3318 2856 3373 seeckere

951 3500 1156 3558 sterckte
1179 3488 1384 3543 leggende
1408 3485 1460 3532 op
1484 3481 1562 3529 een
1585 3475 1739 3525 hoogen
1762 3468 1891 3519 Bergh
1916 3467 2069 3513 sijnde
2094 3465 2145 3512 10
2170 3464 2196 3510 a
2218 3462 2272 3510 12
2295 3452 2526 3505 duijtsche
2549 3448 2703 3496 mijlen
2728 3445 2804 3492 van
2829 3443 2982 3489 Delour

950 3628 1004 3678 te
1028 3613 1309 3672 vertrecken,
1332 3607 1436 3656 ende
1460 3601 1563 3652 sich
1587 3594 1741 3645 aldaer
1765 3589 1919 3637 tegens
1943 3586 2021 3633 den
2044 3582 2199 3630 aenval
2222 3580 2300 3626 der
2323 3569 2529 3625 seijcken
2553 3561 2707 3613 sterck
2731 3559 2784 3605 te

945 3743 1133 3797 maecken,
1154 3735 1251 3787 ende
1271 3730 1321 3778 d'
1343 3723 1462 3774 selve
1484 3721 1532 3767 't
1553 3713 1697 3765 verder
1719 3708 1932 3757 marcheren
1955 3706 2049 3753 naer
2072 3701 2214 3750 Recour
2235 3698 2285 3744 te
2307 3692 2520 3743 beleften,
2542 3687 2637 3736 doch
2659 3684 2708 3732 d'
2729 3678 2919 3728 leijcken

941 3871 1018 3920 met
1040 3865 1118 3914 een
1141 3849 1393 3908 Couragieus
1417 3840 1544 3893 leger
1567 3836 1619 3884 te
1642 3831 1769 3880 velde
1793 3830 1844 3876 en
1869 3830 1945 3875 aen
1970 3827 2146 3875 gemelte
2170 3822 2372 3873 sterckte
2393 3813 2572 3867 gecomen
2596 3809 2773 3857 sijnde,
2797 3807 2951 3856 hebben

926 3995 1034 4046 seer
1058 3980 1248 4038 furieus
1271 3955 1676 4023 sturmenderhandt
1701 3950 1864 3999 daerin
1890 3946 2132 3995 gevallen,
2158 3942 2267 3990 voor
2293 3938 2428 3986 eerst
2453 3933 2588 3982 veele
2615 3932 2776 3979 dooden

952 4117 1071 4171 ende
1095 4094 1422 4158 gequetsten,
1450 4086 1569 4138 doch
1596 4073 1892 4129 eijndelyck
1921 4066 2098 4118 door't
2125 4057 2274 4110 langh
2302 4050 2479 4101 durigh
2507 4046 2714 4095 sturmen
2743 4044 3010 4092 d'overham

953 4231 1069 4283 ende
1095 4219 1326 4275 victorie
1352 4205 1583 4262 becomen,
1610 4200 1669 4247 d'
1694 4190 1925 4243 sterckte
1954 4182 2211 4235 Verovert,
2238 4174 2354 4226 ende
2380 4168 2468 4217 des
2497 4165 2726 4213 Coninghs
2753 4166 2897 4214 leger

155 1378 205 1425 een,

143 4207 166 4252 te
