3567 4801
2695 487 2893 561 950

900 977 956 1022 Op
980 970 1067 1019 het
1091 958 1317 1012 contract
1343 954 1428 1002 van
1455 951 1594 1000 Mlacq
1620 946 1844 996 Juweelen
1871 943 2039 991 bijden
2067 942 2400 988 Carnatischen
2428 939 2623 987 Coninck
2650 938 2734 985 aen
2761 934 2845 982 die
2872 933 2956 979 Van

939 1057 1194 1118 visiapour
1220 1047 1474 1100 behaelven
1500 1039 1838 1092 d'oliphanten
1866 1037 1951 1084 die
1978 1034 2147 1081 alrede
2174 1031 2511 1078 g'Intrageert
2538 1029 2651 1076 sijn
2678 1023 2819 1073 heeft
2843 1017 2904 1068 de

914 1164 1076 1227 maijs
1105 1160 1139 1207 t
1169 1145 1578 1205 genoodtsaeckt
1609 1141 1829 1189 geweest
1860 1138 1955 1185 syn
1986 1129 2301 1181 alderbeste
2330 1124 2458 1173 ende
2487 1112 2834 1169 dierboerste

937 1270 1020 1320 die
1045 1265 1127 1314 hem
1153 1260 1234 1308 soo
1259 1255 1366 1304 lief
1391 1251 1473 1299 als
1498 1248 1580 1296 syn
1604 1243 1739 1293 leven
1762 1237 1926 1287 waeren
1952 1230 2086 1281 sende
2112 1222 2326 1274 daeromme
2352 1220 2432 1266 Iin
2458 1210 2752 1265 overleveren
2777 1200 2966 1253 thamnen

942 1370 1233 1431 geschreijt
1260 1360 1434 1413 heeft)
1460 1356 1520 1404 te
1547 1349 1664 1399 doen
1691 1341 1951 1393 tacxeren,
1979 1338 2095 1385 ende
2123 1335 2354 1382 bevonden
2382 1332 2441 1379 4½
2468 1325 2584 1376 lacq
2612 1321 2670 1368 te
2697 1314 2960 1365 monteren,

939 1492 996 1539 't
1020 1485 1164 1536 welcq
1190 1478 1305 1529 must
1331 1467 1529 1522 afschan
1554 1462 1698 1512 heeft
1724 1457 1838 1506 doen
1864 1448 2176 1501 notificeren
2203 1442 2429 1493 daermede
2457 1438 2542 1486 syn
2569 1434 2739 1483 Hoocht
2766 1424 2935 1477 Moeste
2961 1421 3019 1467 te

939 1594 1101 1648 vreden
1126 1589 1261 1638 sijn,
1285 1583 1420 1632 alsoo
1445 1579 1526 1627 t't
1551 1574 1659 1624 syjn
1684 1565 1898 1618 presente
1923 1559 2110 1609 gansche
2136 1551 2349 1603 rijckdom
2374 1549 2455 1595 was
2482 1548 2535 1594 t'
2561 1538 2827 1593 resterende
2852 1530 2986 1582 soude

938 1699 1092 1755 vande
1119 1692 1362 1743 reijcken
1392 1681 1692 1737 voorderen,
1718 1674 1842 1725 ende
1871 1668 2052 1718 alsdan
2081 1663 2202 1712 haer
2231 1655 2472 1707 volcomen
2499 1640 2862 1699 Contentement
2889 1633 3013 1683 doch

946 1810 1087 1858 niets
1112 1805 1199 1855 soo
1225 1798 1368 1849 lange
1394 1793 1480 1842 met
1506 1787 1621 1837 dese
1647 1775 1929 1830 betaelinge
1957 1767 2266 1821 opbreecken,
2294 1764 2351 1812 en
2377 1760 2435 1808 te
2462 1753 2604 1803 rugge
2627 1745 2716 1795 tot
2740 1738 2830 1787 de.

909 1921 1118 1982 plaetse
1147 1911 1325 1965 arnour
1353 1907 1474 1955 daer
1501 1902 1622 1950 voor
1650 1894 1800 1945 desen
1829 1879 2155 1937 bescheijden
2183 1872 2303 1923 sijn
2331 1861 2539 1916 geweest
2567 1850 2777 1906 trecken
2803 1840 3013 1892 moeste,

928 2043 1009 2094 tot
1033 2038 1113 2087 dat
1137 2030 1269 2082 volgh
1292 2024 1399 2073 he't
1422 2014 1685 2066 resterende
1708 1998 2023 2057 versoeckende
2046 1994 2126 2042 met
2150 1988 2282 2039 eenen
2307 1980 2517 2032 sachasij
2541 1976 2620 2023 een
2644 1970 2776 2021 syner
2801 1963 3012 2014 oversten

937 2146 1034 2197 met
1061 2142 1097 2190 2
1126 2128 1378 2185 Opaerden
1408 2124 1503 2171 tot
1532 2115 1691 2167 Hulpe
1720 2111 1848 2159 bide
1876 2104 2035 2154 mags.
2064 2102 2097 2148 t
2129 2095 2317 2147 tegens
2347 2094 2411 2140 d'
2440 2078 2881 2138 Colcondaetsche

939 2255 1021 2303 als
1044 2243 1208 2297 andere
1234 2236 1370 2287 deser
1395 2229 1532 2280 rijcx
1556 2221 1747 2273 vyanden
1773 2218 1828 2265 te
1854 2213 2017 2261 willen
2042 2207 2205 2257 laten,
2230 2204 2313 2251 met
2338 2200 2448 2249 alle
2473 2194 2636 2244 Welcke
2661 2183 2964 2239 voorstellen

937 2349 1272 2415 Mustafschan
1300 2345 1363 2392 te
1391 2335 1574 2388 vreden
1603 2329 1755 2378 synde
1785 2325 1937 2374 heeft
1965 2318 2179 2369 d'Mays.
2208 2316 2270 2363 't
2297 2310 2451 2361 voors
2480 2301 2754 2353 daeronder
2783 2295 2905 2345 oocq
2933 2294 2969 2342 —

933 2465 1203 2531 verscheijd
1228 2462 1284 2509 en
1309 2450 1471 2506 silver
1496 2444 1605 2493 ende
1629 2436 1765 2487 goudt
1790 2430 1899 2480 was,
1923 2421 2167 2474 gesonden,
2192 2418 2247 2465 't
2272 2413 2408 2461 welcq
2433 2409 2515 2457 bij
2541 2403 2836 2454 mustafschan
2857 2399 2892 2447 —

924 2578 1225 2651 gevisiteert
1247 2561 1441 2622 sijnde,
1463 2552 1575 2603 maer
1598 2548 1655 2596 op
1680 2542 1763 2592 een
1789 2537 1898 2585 lacq
1923 2529 2194 2581 getacxeert
2219 2526 2275 2573 se
2301 2519 2544 2570 geworden,
2570 2509 2814 2563 oversulcx

930 2698 1092 2760 voors
1118 2666 1464 2739 Mustafschan
1492 2651 1745 2709 d'Magjs.
1773 2647 1838 2694 t.
1868 2640 1993 2691 doen
2025 2633 2305 2685 aenseggen
2335 2628 2492 2678 heeft
2523 2623 2679 2673 selve
2711 2622 2773 2668 op
2803 2620 2898 2667 een
2927 2618 2960 2663 —

921 2812 1038 2867 sacq
1063 2801 1180 2855 maer
1206 2781 1550 2844 gewaesldeert
1577 2776 1692 2825 was,
1718 2769 1835 2819 ende
1860 2756 2205 2813 dienvolgende
2231 2755 2290 2802 d'
2317 2754 2461 2800 Eeste
2488 2753 2660 2800 moeste
2688 2751 2897 2801 senden,

932 2931 1025 2984 met
1050 2920 1172 2974 dese
1197 2902 1465 2963 verkeerde
1492 2890 1730 2947 tijdinge
1757 2886 1848 2934 was
1876 2882 1937 2929 d'
1964 2878 2113 2926 mags.
2141 2877 2172 2923 t
2201 2870 2467 2920 teenemael
2494 2859 2820 2914 Verslaegen,
2848 2847 2999 2902 wiste

932 3038 1061 3095 geen
1090 3015 1466 3081 meerderhaedt
1496 3010 1592 3059 tot
1619 3000 1778 3052 geldt
1809 2995 1997 3045 nochte
2027 2981 2309 3038 machtomme
2339 2978 2434 3025 hem
2464 2974 2528 3022 te
2558 2962 2908 3017 deffenderen

932 3147 1019 3196 dit
1043 3135 1189 3190 selve
1215 3122 1417 3178 sahasij
1442 3112 1559 3165 (die
1585 3105 1673 3155 als
1700 3094 1957 3148 middelaer
1985 3091 2071 3138 hem
2099 3088 2213 3136 inde
2239 3081 2413 3133 saecke
2440 3076 2555 3125 liet
2583 3064 2927 3119 gebruijcken)

932 3237 1255 3304 adviserende
1282 3227 1401 3280 ende
1427 3215 1633 3270 daerbij
1659 3209 1837 3259 vougen
1865 3202 2099 3253 verniets
2127 3199 2245 3246 geen
2273 3194 2449 3243 middel
2476 3192 2595 3238 meer
2622 3190 2682 3236 en
2707 3180 2858 3234 wiste

933 3362 1060 3417 ende
1088 3343 1336 3405 daermede
1365 3336 1490 3387 niet
1519 3321 1921 3380 gecontenteert
1949 3313 2197 3364 wesende,
2226 3309 2320 3356 dat
2349 3306 2444 3354 dan
2472 3294 2782 3350 Voornemens
2812 3291 2905 3338 Was
2935 3290 2967 3337 —

920 3484 1006 3541 soo
1030 3463 1325 3525 langeleefde
1346 3455 1431 3506 hem
1456 3451 1512 3499 te
1535 3438 1805 3494 verweeren,
1830 3436 1884 3482 en
1910 3432 2018 3480 daer
2044 3431 2098 3476 te
2124 3430 2338 3476 sterven,
2363 3424 2445 3473 sah
2470 3422 2578 3468 abij
2602 3414 2845 3465 voornomdt
2871 3411 2978 3458 door

929 3581 1229 3651 verscheijde
1252 3564 1497 3625 middelen,
1521 3557 1630 3608 ende
1655 3553 1764 3601 over
1789 3550 1845 3598 en
1869 3545 2113 3594 wedergaen
2139 3542 2355 3590 bestelde
2380 3541 2435 3587 d'
2460 3537 2650 3585 saecken
2676 3535 2730 3581 in
2757 3535 2945 3582 sulcker

928 3702 1095 3758 vougen
1120 3696 1204 3746 dat
1228 3691 1286 3739 d'
1310 3679 1449 3734 mags.
1474 3676 1503 3722 t
1529 3669 1667 3720 bij't
1694 3659 2076 3712 vorigegesonden
2103 3656 2213 3703 noch
2239 3653 2403 3700 eenige
2430 3651 2731 3700 Costelijcke
2758 3642 3005 3696 Juweelijk

936 3790 1315 3861 gecontrisueert
1340 3782 1502 3834 heeft,
1527 3778 1583 3826 't
1608 3773 1743 3821 welcq
1768 3769 1850 3817 soo
1874 3764 1956 3812 met
1982 3761 2037 3808 't
2063 3760 2143 3806 een
2169 3758 2250 3804 als
2275 3756 2330 3802 't
2356 3753 2491 3801 ander
2515 3749 2651 3798 aller
2677 3747 2731 3793 t'
2758 3744 2892 3792 samen
2917 3744 2946 3791 —

930 3902 992 3948 op
1022 3902 1052 3947 3
1081 3893 1265 3947 sacken
1293 3878 1627 3936 gewaerdeert
1652 3867 1900 3922 geworden
1929 3864 2021 3911 &s,
2049 3861 2142 3909 met
2171 3857 2354 3905 welcke
2382 3849 2657 3903 Juweelijk
2685 3838 2929 3892 gemelten

903 3995 1142 4056 salasij
1174 3990 1277 4040 tot
1309 3978 1679 4033 mustafschan
1712 3970 2015 4021 vertrocke
2046 3964 2182 4013 onme
2215 3962 2317 4009 die
2348 3959 2450 4005 aen
2483 3957 2585 4004 hem
2618 3954 2753 4002 over
2785 3952 2855 4000 te

914 4100 1143 4153 leveren,
1170 4096 1228 4143 of
1255 4092 1313 4140 In
1338 4085 1482 4136 alles
1508 4081 1567 4128 nu
1593 4078 1679 4125 wel
1708 4075 1905 4123 overeen
1933 4072 2075 4120 Comen
2102 4069 2217 4116 ende
2244 4064 2499 4114 valideren
2527 4064 2612 4109 sal
2640 4063 2868 4111 leereden
2894 4062 3008 4113 tijt

1502 696 1706 747 Volght
1739 692 1876 740 noch
1910 692 2014 737 een
2046 694 2217 741 ander
2250 696 2388 742 ende
2418 696 2591 744 Nader
2623 695 2931 743 translaet

1531 768 1618 814 van
1645 762 1962 813 verscheyjde
1990 761 2145 808 Movos

5 710 33 756 de

176 1185 285 1236 sscha

105 1696 278 1743 tenteert

0 1699 48 1744 van

0 1909 51 1954 len

117 2009 210 2055 ck

159 2579 205 2624 der

12 2898 27 2943 f
