3567 4801
2687 559 2859 611 845

784 714 949 773 Van
1003 703 1330 756 Monaer
1375 702 1547 749 van
1601 696 1984 747 parijs:
2038 695 2148 742 jn
2200 692 2475 740 India
2526 696 2911 745 gecomen

822 864 884 910 a
936 834 1188 907 1635
1248 831 1433 877 met
1493 825 1800 875 schip
1859 817 2166 869 wesel
2226 811 2472 862 voor
2531 796 2962 855 soldaet

1025 793 1077 840 l

889 934 1388 989 naderhant
1441 927 1936 984 gevordert
1990 929 2155 974 tot
2210 926 2321 972 d'
2375 921 2925 973 qualiteijt

848 1070 1007 1123 van
1059 1065 1530 1114 adelborst
1580 1068 1636 1115 a
1685 1072 1738 1118 ƒ
1789 1072 1895 1120 14
1936 1069 2157 1119 pro.
2206 1062 2523 1109 maendt
2574 1059 2992 1112 hebbende

818 1223 1023 1273 Sich
1067 1204 1224 1262 een
1274 1195 1729 1247 geruijmen
1778 1194 1982 1242 tijt
2032 1196 2133 1243 in
2183 1193 2386 1241 alle
2437 1191 2995 1243 voorvallend

850 1348 1357 1399 diensten
1419 1343 1548 1392 te
1609 1336 1928 1386 deser
1988 1332 2562 1384 fortresse
2624 1323 2879 1374 well

932 1447 1087 1509 e

1065 1473 1776 1537 Gecomporteert,
1826 1466 2029 1517 ende
2079 1466 2282 1515 dien
2332 1462 2738 1514 volgende
2788 1450 2991 1505 goet

905 1661 1651 1736 Contentemendt
1705 1643 1937 1700 ende
1993 1632 2452 1687 genougen
2507 1625 2682 1677 aen
2738 1623 2974 1675 sijn

835 1797 1491 1868 overicheden
1549 1788 2024 1841 gegeven,
2077 1786 2320 1832 wert
2378 1783 2557 1833 ten
2616 1778 2854 1826 dien

870 1944 1341 2009 jnsichte
1400 1937 1576 1989 als
1633 1927 1869 1980 door
1924 1920 2280 1971 ruijme
2336 1912 2865 1978 experatie

805 2099 1152 2175 sijnes
1207 2081 1661 2139 jonghste
1717 2077 2172 2127 verbandt
2227 2078 2341 2124 en
2397 2077 2514 2129 d'
2562 2081 2966 2134 luijden

860 2251 1036 2300 die
1092 2244 1325 2298 haer
1381 2232 1614 2288 well
1671 2214 2368 2276 comporteeren
2424 2216 2659 2264 meer
2710 2215 2946 2267 ende

819 2406 1055 2473 meek
1110 2388 1230 2447 in
1286 2381 1347 2429 s
1404 2371 1757 2426 Comp=s
1799 2362 2168 2414 dienst
2222 2364 2342 2415 t'
2399 2358 2928 2417 annmeeren

843 2527 1213 2592 d'novel
1261 2517 1474 2575 voor
1525 2511 1787 2558 drije
1829 2491 2521 2556 naestvolgende
2569 2493 2885 2541 jaeren

836 2669 1497 2755 aengenomen,
1554 2661 1796 2709 ende
1855 2658 2394 2706 gevordert
2451 2654 2634 2703 tot
2693 2655 2817 2704 d'

852 2815 1406 2873 qualiteijt
1461 2814 1627 2859 van
1681 2805 2347 2859 lantspassaet
2395 2794 2734 2846 nevens
2787 2788 2955 2837 een

867 2961 1487 3017 tracktament
1542 2957 1713 3009 van
1762 2953 2217 3012 sesthien
2274 2941 2668 2997 guldens
2721 2935 2895 2985 ter

788 3116 1058 3170 maent
1107 3114 1218 3164 jn
1270 3104 1593 3156 gaende
1644 3100 1754 3148 d'
1807 3094 2452 3148 verbeteringe
2502 3084 2665 3133 van
2718 3080 2987 3129 gagie

836 3254 1072 3305 ende
1128 3251 1190 3297 t
1248 3246 1957 3294 nieuverbandt
2015 3242 2251 3292 dato
2309 3237 2488 3286 als
2546 3238 2899 3307 vooren

864 3469 1426 3530 Hendrick
1494 3443 2127 3511 Pietersen
2195 3431 2618 3485 vander
2682 3419 2992 3477 gouw

840 3619 1027 3680 int
1085 3609 1389 3665 landt
1445 3593 1870 3649 gecomen
1930 3586 2110 3638 met
2170 3574 2473 3632 Schip
2531 3561 2968 3614 Egmondt

820 3780 942 3834 Ao
999 3766 1235 3822 1630
1291 3749 1411 3805 in
1466 3730 2057 3789 qualiteijt
2112 3729 2292 3778 van
2347 3717 2942 3778 Bootgesoll

842 3904 1123 3960 nader
1179 3891 1401 3949 hant
1455 3863 1957 3932 gevordert
2010 3857 2179 3908 tot
2235 3844 2792 3904 andelborst

1931 3970 1975 4017 v

796 4059 1219 4125 hebbende
1270 4051 1376 4104 d'
1426 4043 1481 4092 E
1531 4023 1792 4083 Comp.
1840 4022 1897 4069 e
1938 4015 2054 4066 nu
2105 3998 2523 4058 ongevoer
2575 3994 2994 4045 sesthien

835 4206 1157 4266 achter
1210 4198 1371 4251 een
1422 4180 1851 4241 volgende
1901 4160 2223 4222 jaeren
2276 4150 2383 4201 in
2432 4143 2916 4194 diversche

2229 4389 2950 4461 D„regentheden

2126 4335 2356 4382 ll

200 681 218 726 ia

179 779 208 824 t

94 2425 196 2472 goede
