3369 4883
2352 962 2564 1018 1056

1232 775 1440 822 Leeren

1216 1010 1697 1083 Achtbro

647 1316 871 1362 Vermits
903 1316 999 1362 dat
1030 1316 1095 1362 iu
1124 1314 1318 1361 eenige
1350 1316 1542 1362 laeren
1571 1314 1861 1362 herwaerts
1893 1314 2021 1362 door
2052 1315 2117 1361 U.
2149 1316 2373 1363 Aachts,
2402 1311 2534 1362 niet

733 1407 791 1460 na
810 1413 1038 1461 vereijsch
1063 1413 1140 1458 met
1165 1411 1342 1458 noodige
1367 1408 1545 1455 boecken
1570 1408 1748 1454 versien
1772 1408 1875 1454 sijn
1898 1408 2127 1457 geworden,
2152 1411 2304 1457 sonder
2330 1410 2508 1457 twijfel

760 1497 843 1543 wot
870 1497 1088 1543 oorsaec,
1114 1495 1278 1542 gelijc
1305 1495 1387 1542 wij
1414 1494 1496 1540 wot
1522 1494 1577 1539 de
1604 1494 1876 1540 hadelijcke
1903 1495 2094 1541 missive
2121 1495 2203 1541 van
2230 1495 2284 1540 de
2310 1492 2475 1539 Clusse
2500 1492 2588 1541 van

735 1582 989 1632 Walcheren
1016 1578 1183 1626 hebben
1211 1577 1378 1623 connen
1405 1577 1656 1624 afneemen,
1684 1578 1879 1624 vermits
1907 1579 1991 1625 dat
2018 1581 2241 1628 verstaen
2268 1579 2436 1626 hebte,
2460 1575 2551 1623 dat

757 1664 809 1711 de
834 1662 1013 1708 boecken
1037 1661 1140 1706 hier
1166 1661 1216 1706 in
1242 1661 1421 1707 sulcken
1446 1663 1675 1711 overvloot
1700 1666 1879 1715 waeren,
1904 1670 1981 1715 dat
2006 1671 2133 1717 lagen
2159 1672 2210 1717 en
2235 1669 2490 1717 vergingen,
2514 1663 2625 1713 waer

757 1746 859 1793 over
883 1745 985 1790 voor
1010 1745 1136 1791 desen
1161 1746 1212 1791 in
1237 1746 1338 1792 onse
1362 1747 1539 1795 missive
1564 1750 1741 1798 gedient
1766 1752 1943 1802 hebben,
1965 1756 1993 1802 &
2018 1754 2169 1801 hebben
2193 1753 2371 1800 gesegt,
2395 1751 2471 1797 dat
2496 1748 2573 1795 het

759 1824 855 1869 sijn
879 1824 1047 1872 onritte
1070 1827 1166 1873 ende
1190 1828 1455 1876 ondienstige
1478 1831 1671 1879 boecken,
1693 1834 1741 1880 de
1765 1835 1862 1884 welc
1885 1840 1958 1886 wij
1981 1841 2125 1887 achten
2149 1843 2221 1888 dat
2244 1844 2388 1890 sonder
2412 1844 2484 1889 uwe
2507 1843 2652 1888 order,

765 1914 870 1964 ende
895 1912 1100 1958 speciael
1125 1910 1253 1957 weten
1278 1909 1355 1955 ons
1380 1910 1610 1959 toecomen,
1635 1914 1738 1962 dach
1762 1918 1866 1968 daer
1889 1924 1992 1971 door
2017 1926 2069 1972 is
2094 1926 2324 1972 geschiet,
2348 1925 2426 1970 dat
2450 1921 2554 1969 seer

758 1997 836 2044 van
860 1998 962 2044 alle
986 1996 1164 2042 noodige
1188 1992 1366 2040 boecken
1392 1992 1595 2040 ontbloot
1619 1995 1697 2044 syn
1720 2001 1949 2050 geworden,
1973 2005 2075 2052 ende
2100 2007 2177 2053 van
2201 2009 2353 2056 andere
2378 2011 2506 2059 klen

758 2082 928 2130 buyten
956 2084 1154 2129 schult,
1181 2083 1523 2129 aengeclaegt,
1551 2083 1666 2131 even
1692 2088 1750 2136 of
1777 2092 1864 2141 wij
1890 2097 1976 2144 wel
2003 2100 2202 2147 versien
2230 2102 2344 2148 sijn
2370 2097 2485 2147 e,mt
2513 2091 2599 2141 ge=

760 2165 862 2212 bre
895 2165 1432 2215 bleven,derhalven
1466 2169 1568 2214 soo
1600 2171 1801 2217 werden
1834 2172 2037 2225 wisons
2070 2180 2172 2228 tot
2204 2185 2272 2231 V.
2304 2183 2506 2232 Achtb,

770 2248 1012 2295 ernstelyc
1037 2250 1386 2301 versoeckende,
1412 2255 1493 2300 dat
1519 2254 1600 2300 ons
1626 2255 1708 2302 van
1733 2259 1788 2305 de
1813 2261 2135 2312 onderstaende
2161 2268 2349 2314 boecken
2376 2267 2456 2313 met
2480 2262 2537 2312 de

768 2327 942 2377 naeste
970 2333 1345 2381 gelegentheijt
1372 2333 1577 2381 gelieft
1604 2335 1662 2382 te
1690 2337 1924 2387 versien.

696 2425 789 2475 een
819 2425 970 2472 casse
998 2427 1088 2473 met
1118 2427 1478 2475 Psalmboecken
1507 2429 1598 2475 van
1627 2429 1749 2479 alle
1776 2433 2108 2480 sorteringe.

615 2508 741 2556 6000
771 2507 834 2553 A.
864 2509 926 2556 B.
956 2510 1019 2556 C.
1048 2507 1265 2554 boecken
1296 2505 1512 2552 Duijts.

617 2594 758 2646 1000
792 2591 998 2640 Groote
1032 2589 1375 2636 Catechismi

631 2682 761 2729 1000
792 2679 989 2727 Cleine
1020 2681 1119 2729 van
1150 2686 1250 2733 Mr:
1279 2687 1410 2736 Burs
1442 2687 1508 2733 te
1539 2689 1864 2746 Niddelburg
1892 2697 2123 2746 herdric
2155 2698 2221 2745 en
2251 2693 2648 2745 vermeerdert.

697 2766 765 2811 50
799 2765 1119 2816 Postillen

702 2852 783 2898 25.
808 2847 1134 2897 Portugijsche
1160 2847 1458 2897 Dictionaria
1484 2853 1700 2905 Cardosi,
1726 2861 1784 2911 in
1807 2869 1916 2918 dien
1941 2874 2050 2922 noch
2076 2878 2186 2925 niet
2210 2879 2427 2926 gesonden
2453 2878 2644 2925 mochten

809 2934 937 2983 sijn,
961 2937 1013 2984 op
1037 2937 1114 2983 den
1139 2936 1291 2982 eijsch
1316 2936 1419 2984 vant
1443 2940 1573 2988 jiaer
1594 2945 1733 2999 1644.

644 2993 743 3042 100
767 3004 956 3060 Bibels
987 3012 1051 3059 is
1083 3014 1309 3064 Octavo,
1337 3021 1434 3068 orc
1465 3022 1658 3070 eenige
1689 3025 1754 3071 in
1784 3028 1946 3078 felio
1976 3034 2073 3081 met
2103 3037 2423 3088 annotatien
2454 3040 2583 3088 vara

596 3142 726 3189 1000
757 3143 1050 3197 historien
1081 3153 1179 3203 van
1209 3160 1374 3215 David
1403 3172 1533 3219 ende
1565 3173 1796 3225 Tobias.

602 3242 719 3289 1000
746 3242 1152 3290 Vraegboecxkens
1180 3244 1268 3290 van
1296 3246 1557 3298 Alegonde,
1585 3254 1673 3299 int
1701 3255 1905 3305 Luijts,
1933 3261 2049 3309 &nde
2077 3265 2252 3315 sooder
2280 3271 2398 3319 noch
2424 3275 2598 3322 eenige

894 3328 981 3375 int
1009 3329 1211 3376 Valeyts
1239 3330 1298 3375 te
1325 3329 1528 3378 becomen
1556 3333 1701 3382 sijn,
1729 3337 1817 3382 die
1844 3338 1961 3385 alle
1989 3341 2107 3391 voor
2132 3348 2192 3396 de
2219 3352 2335 3401 klen
2362 3357 2449 3405 van
2478 3360 2626 3411 Banda

894 3413 986 3462 &ne
1015 3411 1265 3461 Amboina.

788 3493 868 3540 int
893 3495 999 3543 jaer
1025 3499 1159 3549 1644
1182 3506 1288 3551 sijn
1315 3506 1631 3557 overgesonden
1657 3512 1819 3565 eenige
1841 3522 2000 3572 Palmen
2026 3528 2105 3574 int
2131 3529 2369 3581 Waleijts,
2394 3536 2474 3581 als
2499 3535 2581 3582 oo=

795 3583 953 3629 eenige
979 3584 1058 3630 int
1084 3585 1345 3635 Portijgijs
1371 3589 1608 3639 ingestelt
1633 3595 1714 3642 dan
1737 3599 1894 3648 Abrah:
1920 3603 2157 3654 Rogertin,
2182 3609 2235 3655 om
2260 3610 2444 3659 gedruct
2468 3610 2525 3657 te

802 3658 989 3711 worden.

797 3742 877 3791 int
901 3743 1004 3791 vaer
1030 3746 1158 3795 1645.
1181 3746 1286 3793 sijn
1310 3747 1617 3797 overgesonden
1643 3752 1694 3797 om
1719 3752 1899 3800 gedruct
1923 3755 1975 3800 te
2000 3755 2179 3803 worden,
2205 3758 2283 3805 het
2307 3760 2639 3809 Vraegboeckgen

793 3828 877 3876 van
902 3832 959 3880 de
984 3837 1039 3882 Hr
1064 3829 1149 3882 van
1176 3830 1423 3878 Alegonde,
1449 3833 1560 3880 ende
1586 3834 1669 3879 den
1696 3834 1861 3882 cleine
1888 3836 2217 3888 Catechismus,
2244 3842 2354 3887 waer
2381 3840 2436 3886 by
2463 3839 2575 3886 door

803 3919 879 3965 N=r
903 3916 1008 3965 Burs
1032 3917 1135 3963 sijn
1160 3918 1212 3963 by
1236 3919 1389 3967 gedaen
1415 3922 1466 3968 de
1490 3921 1696 3971 plaetsen
1720 3926 1799 3973 der
1822 3928 1875 3974 h:
1899 3930 2207 3980 Schriftijer,
2230 3934 2333 3983 ende
2356 3926 2511 3978 eenige
2535 3920 2639 3970 corl

792 4000 846 4045 te
871 4001 1190 4053 verclaringe,
1215 4008 1374 4054 beijde
1401 4009 1506 4054 door
1533 4009 1693 4058 Abrah:
1718 4014 1930 4061 Rogerusz
1956 4016 2036 4062 int
2062 4017 2300 4066 Portigijs
2327 4012 2591 4066 overgeset:

793 4093 906 4140 item
935 4094 1020 4139 het
1048 4094 1275 4141 ordinaer
1301 4094 1531 4143 Waleijts
1558 4097 1757 4144 Postil,
1785 4100 1927 4146 twelc
1955 4100 2012 4147 in
2040 4103 2239 4149 Amboina
2267 4104 2381 4151 ende
2407 4100 2560 4147 Banda

807 4171 890 4221 van
914 4174 1105 4221 gelesen
1132 4173 1268 4219 wort.

772 4271 904 4320 soude
929 4269 1035 4316 seer
1060 4267 1219 4314 nodigh
1243 4265 1376 4311 sijn,
1402 4266 1483 4312 dat
1506 4269 1587 4317 het
1611 4274 1926 4325 Dictionarien
1952 4278 2188 4325 Danckerdi
2214 4279 2450 4327 andermael
2475 4272 2636 4324 wierde

809 4342 1031 4391 herdric,
1059 4345 1169 4392 ende
1196 4346 1280 4392 dat
1307 4347 1363 4393 D.
1390 4347 1556 4395 Hurnus
1584 4349 1805 4398 versocht
1829 4349 1998 4398 wierde
2025 4351 2109 4397 met
2135 4349 2302 4396 eenige
2328 4347 2524 4397 woorden
2546 4334 2634 4387 het

815 4422 873 4469 te
902 4420 1280 4469 vermeerderen.
