3383 4883
2450 949 2632 997 1073

1124 753 1425 808 Leeren

809 1077 877 1126 so
905 1067 1073 1118 haart
1103 1064 1334 1110 nogelij
1366 1064 1563 1110 neeren
1594 1063 1661 1108 te
1692 1063 1824 1113 doen
1856 1067 2086 1117 volgen,
2118 1073 2249 1121 ende
2281 1076 2380 1123 dat
2412 1079 2681 1139 d'heeren

813 1241 941 1290 onse
972 1233 1227 1285 meesters
1259 1232 1354 1278 wel
1385 1231 1738 1280 expresselik
1768 1236 2024 1283 begeeren
2054 1239 2119 1285 de
2150 1240 2564 1287 retourschepen

815 1400 912 1449 uyt
943 1403 1104 1451 Jndia
1133 1395 1524 1446 gecombineert
1550 1402 1680 1451 ende
1710 1402 1775 1448 in
1807 1403 1904 1449 een
1935 1404 2128 1450 vloote
2159 1406 2449 1457 overcomen

815 1563 879 1611 om
908 1555 1095 1606 tegent
1125 1554 1187 1602 't
1217 1555 1404 1602 gewelt
1434 1555 1528 1601 der
1557 1556 1778 1603 Vyanden
1803 1561 2083 1619 allesints
2113 1573 2175 1620 te
2206 1573 2391 1620 cunnen
2421 1575 2640 1622 bestaan

821 1707 1177 1759 mitsgaders
1211 1709 1282 1757 de
1317 1711 1671 1763 rijcgelade
1704 1718 1955 1771 schepen
1988 1728 2097 1779 met
2129 1737 2308 1792 Godes
2338 1746 2519 1796 Hulpe
2553 1752 2591 1799 —

804 1869 866 1916 in
895 1867 1048 1913 salvo
1077 1866 1140 1912 te
1169 1867 1384 1917 brengen
1412 1873 1595 1924 sullen
1624 1879 1715 1925 uE.
1746 1880 1808 1927 de
1836 1883 2049 1929 gemelte
2079 1883 2295 1935 schepen
2322 1893 2414 1940 tot
2443 1897 2536 1947 25.
2563 1902 2595 1949 a

810 2028 909 2077 30.
940 2026 1104 2073 April
1136 2025 1462 2075 toecomende
1493 2029 1592 2076 aan
1624 2031 1690 2079 S.
1721 2034 1755 2080 r
1787 2036 1983 2084 Helena
2014 2040 2307 2087 inbachten
2338 2041 2600 2094 tusschen

808 2187 1017 2237 welcken
1046 2184 1167 2231 tijd
1195 2180 1317 2227 ende
1346 2181 1466 2232 vrij
1495 2185 1645 2231 ender
1674 2186 1764 2233 wij
1793 2187 2095 2239 vertrouwen
2121 2194 2183 2241 al
2212 2195 2303 2241 bij
2332 2196 2392 2242 de
2421 2197 2576 2250 vloot

803 2337 983 2386 sullen
1011 2337 1193 2385 wesen,
1222 2335 1344 2382 doch
1372 2337 1523 2384 april
1553 2340 1943 2397 verstreecken,
1969 2349 2123 2397 ende,
2152 2350 2213 2395 de
2242 2351 2393 2399 selve
2422 2354 2482 2401 't
2512 2355 2605 2406 zij

807 2492 976 2547 beide
1009 2488 1178 2536 oftel
1211 2486 1313 2533 gen
1346 2485 1447 2531 van
1481 2485 1584 2532 die
1616 2489 1752 2539 niet
1784 2495 2088 2546 gepareset
2120 2501 2324 2553 zinde,
2356 2509 2558 2556 zullen

810 2663 903 2710 uE.
930 2656 1117 2708 sonder
1148 2653 1332 2701 langer
1362 2651 1425 2697 te
1455 2652 1763 2702 verblijven
1792 2658 1884 2705 met
1914 2660 1978 2708 de
2006 2665 2100 2711 bij
2129 2667 2222 2713 een
2247 2662 2436 2710 wesene
2465 2663 2631 2710 vlote

807 2813 973 2860 anker
1005 2814 1205 2861 ligten
1236 2815 1370 2862 ende
1403 2817 1469 2862 in
1502 2816 1668 2862 Godes
1700 2817 1834 2864 Naam
1866 2820 1967 2867 nbe
1998 2824 2197 2876 reyjse
2230 2831 2429 2880 achter
2460 2832 2529 2879 vr
2559 2832 2629 2879 en

777 2985 1082 3035 Scholand
1119 2986 1197 3033 en
1233 2989 1272 3035 a
1306 2989 1386 3036 de
1423 2990 1689 3038 savenen
1726 2994 1840 3040 met
1878 2995 2220 3050 Vaerlande
2257 3005 2676 3056 bevorderen.

774 3363 1041 3425 Omtrent
1078 3363 1341 3419 Herland
1379 3373 1529 3419 daan
1567 3374 1642 3420 n.
1680 3375 1757 3422 E.
1793 3379 1869 3425 te
1905 3380 2131 3432 vinden
2169 3387 2245 3433 en
2282 3389 2436 3435 gade
2469 3394 2659 3444 vloot

815 3528 1026 3579 schepen
1053 3530 1116 3579 so
1141 3533 1235 3581 van
1263 3535 1413 3581 wegen
1442 3536 1503 3582 't
1532 3537 1652 3584 land
1681 3539 1772 3586 als
1801 3542 1862 3588 de
1890 3543 2042 3589 Comp.
2070 3545 2101 3591 e
2130 3546 2221 3593 met
2249 3549 2588 3607 verversingh

798 3695 892 3741 die
920 3691 986 3739 op
1016 3688 1111 3734 uE.
1142 3686 1268 3732 daar
1299 3685 1488 3734 sullen
1518 3689 1832 3737 cruijssen,
1863 3692 2083 3743 volgens
2113 3698 2176 3745 de
2208 3700 2617 3750 continueerene

807 3841 1034 3889 advisen
1065 3840 1229 3886 onser
1260 3842 1520 3890 geroerde
1551 3846 1748 3898 Heeren
1777 3856 2069 3905 Meesters,
2102 3860 2296 3906 welcke
2328 3861 2654 3914 ordonners,

768 4029 835 4077 U.
864 4028 931 4074 E.
964 4011 1387 4073 t'indachtigen
1418 4013 1517 4060 dat
1548 4016 1778 4062 omtrent
1808 4018 2069 4069 geseijde
2101 4020 2297 4067 landen
2328 4022 2688 4078 verschijnen

814 4186 917 4232 wel
950 4180 1122 4230 slach
1154 4172 1430 4222 vaardich
1463 4174 1600 4220 ende
1633 4175 1702 4224 in
1736 4179 1976 4230 posture
2010 4186 2112 4235 van
2146 4189 2420 4237 deseltie
2454 4189 2627 4236 maact

813 4346 887 4394 te
923 4341 1108 4394 wesen
1143 4337 1217 4385 om
1254 4335 1402 4383 door
1436 4340 1730 4398 Openbare
1766 4350 2061 4401 vijanden
2094 4356 2170 4402 of
2206 4356 2577 4405 geveijnsde

2358 4503 2615 4551 vrunden

0 1224 19 1269 o

0 1556 197 1603 blijven

0 2963 185 3014 ofte

0 3914 198 3965 Delft

172 4096 238 4144 llen

143 4278 182 4324 selve

14 4424 84 4470 s0
