3587 4937
961 255 1259 313 Januarij
1295 255 1408 302 a:o
1444 257 1598 310 1646

1048 428 1174 480 adij
1203 429 1295 475 7:e
1325 428 1418 474 d:o
1447 427 1815 474 schoonhelder
1844 428 2182 479 sonneschijn
2211 435 2395 484 weder,
2425 439 2548 486 ende
2577 441 2823 490 vertrect
2852 446 2945 495 den
2974 450 3190 501 Coningh
3219 455 3312 502 met

1325 547 1706 598 uijttermaten
1736 553 1927 602 groote
1958 557 2116 604 suite
2147 558 2243 604 van
2273 559 2527 608 galeijen
2558 563 2875 616 Oliphanten
2905 572 3032 619 ende
3063 575 3382 628 g'armeerde

1316 671 1599 721 soldaten,
1630 676 1724 723 soo
1755 678 2007 728 verstaen
2036 684 2225 734 kunnen
2255 690 2319 735 om
2349 691 2507 741 quade
2537 697 2819 745 fortuijne
2849 701 3225 755 t'ontflieden
3256 710 3352 757 die

1309 796 1407 844 hun
1438 796 1729 845 inbeelden
1760 800 1890 846 dese
1921 801 2083 849 maent
2114 805 2405 860 hierboven
2435 816 2790 864 onderworpen
2822 819 3048 869 bennen,
3077 824 3274 871 sijnde
3304 828 3371 876 na

1309 924 1705 972 harengeloven
1737 926 1804 972 de
1836 928 2101 980 quaetste
2133 936 2266 985 mane
2298 941 2431 988 vant
2463 944 2628 993 Jaer,
2661 948 2760 994 des
2792 948 2892 994 tot
2924 949 2991 996 't
3023 951 3223 1001 nieuwe
3254 958 3389 1009 Jaer

1318 1063 1443 1109 wegh
1473 1062 1536 1108 te
1566 1057 1940 1107 blyvenstaet,
1968 1064 2218 1118 ommesigh
2246 1075 2341 1121 met
2370 1077 2742 1127 saccrafitien
2772 1083 2834 1128 in
2865 1083 3145 1137 desselffs
3174 1094 3398 1150 vagoden

1312 1187 1464 1235 doort
1494 1191 1676 1239 gantse
1706 1193 1828 1240 land
1858 1196 2010 1243 onder
2040 1199 2284 1254 tusschen
2312 1210 2646 1262 g'occupeert
2676 1216 2738 1262 te
2767 1217 2981 1269 houden,
3010 1225 3254 1281 blyvende
3282 1237 3385 1289 den

1313 1319 1522 1370 Jongen
1555 1327 1798 1377 Coningh
1832 1332 2113 1387 regeren.

1103 1451 1144 1497 S
1183 1449 1585 1503 namiddaghs
1622 1457 1944 1504 comenons
1983 1459 2065 1507 de
2104 1463 2465 1519 Portugise
2503 1475 2745 1527 vadres
2781 1480 3105 1532 besoeken
3144 1488 3266 1537 die
3303 1494 3387 1545 na

1311 1583 1886 1634 vermogentracteerden,
1914 1590 2001 1636 soo
2029 1591 2202 1643 danigh
2230 1597 2318 1645 dat
2345 1601 2432 1648 des
2460 1604 2633 1652 avonts
2661 1608 2864 1655 doncker
2891 1611 3236 1661 welvernoeght
3264 1616 3385 1668 ende

1307 1711 1593 1763 verheught
1623 1718 1972 1766 vertrocken:
2003 1722 2098 1769 met
2129 1724 2509 1776 danckbaerh:t
2540 1732 2698 1779 overt
2729 1733 2856 1781 goet
2886 1736 3204 1787 tractament
3235 1740 3364 1788 haer

1300 1845 1603 1893 aengedaen,
1631 1848 1902 1897 nodigende
1931 1853 2053 1900 ons,
2081 1856 2532 1907 tegendonderdagh
2562 1862 2863 1911 aenstaende
2892 1867 3284 1919 tharenhuijse,
3313 1876 3375 1923 om

1303 1980 1396 2027 ons
1424 1977 1701 2025 Jnsgelijk
1731 1977 1825 2024 met
1854 1980 1976 2026 goet
2007 1981 2222 2031 onthael
2251 1987 2314 2033 te
2343 1990 2740 2040 verschuldigen
2770 1995 2893 2041 daer
2923 1996 3138 2045 'twoord
3168 2000 3260 2047 van
3290 2001 3384 2048 toe

1302 2102 1585 2151 segginge
1620 2106 1904 2155 toegaven
1938 2104 2011 2153 /.

888 2241 921 2286 A
953 2240 1055 2292 dij
1087 2248 1188 2295 8:o
1219 2248 1320 2296 d:o
1352 2245 1952 2294 couthuijrwinderigh
1984 2243 2185 2294 weder,
2217 2250 2584 2299 nietsonders
2616 2255 2882 2303 gepass:t
2915 2254 3015 2300 als
3048 2254 3148 2300 dat
3181 2247 3282 2300 des

1294 2378 1484 2426 avonts
1513 2378 1609 2424 den
1639 2377 1766 2422 ongh
1796 2378 2016 2426 Toemaan
2047 2381 2110 2427 op
2142 2382 2424 2430 desselffs
2455 2382 2832 2431 ontbiedinghe
2863 2380 2957 2427 met
2988 2381 3208 2427 cleijne
3240 2382 3365 2430 ver

1264 2503 1486 2553 eeringe
1512 2503 1898 2549 gingenbroeten,
1924 2500 1981 2548 de
2007 2498 2174 2544 welcke
2200 2499 2477 2547 danckelijk
2503 2501 2834 2549 accepteerden
2861 2501 2971 2548 ende
2998 2498 3081 2545 ons
3108 2496 3192 2542 met
3218 2493 3386 2541 fruijt

1274 2645 1391 2693 ende
1419 2641 1912 2689 arracqtracteerden
1939 2639 2027 2687 met
2055 2636 2230 2683 spelen
2259 2636 2317 2681 op
2345 2636 2403 2682 de
2431 2635 2577 2683 Fluyt
2606 2638 2664 2684 t'
2692 2639 2838 2685 onser
2866 2640 3098 2685 vermaeck
3127 2641 3243 2686 door
3271 2640 3390 2688 sijn

1250 2771 1391 2819 volcq
1417 2774 1667 2821 moverende
1694 2773 2054 2819 ondertusschen
2081 2772 2247 2818 eenige
2275 2772 2552 2819 discoursen
2579 2775 2662 2824 van
2690 2779 2912 2824 holland,
2938 2779 3078 2825 Japan
3104 2779 3215 2825 ende
3243 2779 3382 2826 andre

1265 2901 1466 2950 plaetsen
1490 2905 1566 2951 hoe
1591 2906 1692 2952 ende
1715 2906 1766 2952 op
1791 2904 1992 2950 watwijse
2017 2904 2192 2951 deselve
2217 2906 2443 2954 geregeert
2468 2909 2568 2957 ende
2593 2912 2845 2961 d'oorlogen
2869 2916 2995 2964 waren
3019 2919 3094 2966 als
3119 2921 3390 2970 diergelijk

1280 3028 1397 3077 daer
1426 3032 1513 3078 nae
1541 3032 1775 3078 vereysch
1803 3032 1891 3078 van
1920 3032 2067 3078 saken
2093 3033 2152 3080 op
2181 3033 2473 3084 antwoorden
2500 3040 2733 3090 waermede
2762 3045 2850 3091 een
2878 3047 2995 3096 goet
3023 3052 3169 3097 stuck
3198 3052 3344 3101 inden

1279 3157 1424 3204 avond
1452 3158 1597 3206 deint
1626 3161 1857 3209 brachten
1886 3164 1972 3209 als
2000 3163 2204 3209 wanneer
2232 3163 2292 3209 op
2319 3166 2407 3212 ons
2435 3167 2666 3217 versoecq
2695 3171 2955 3219 affscheyt
2984 3172 3215 3219 bequamen
3243 3170 3361 3220 ende

1277 3283 1598 3331 wedersijts
1630 3287 2047 3336 gecontenteert
2079 3290 2336 3338 terlogie
2367 3294 2560 3340 gingen

977 3411 1110 3458 adij
1142 3412 1242 3458 9:e
1275 3413 1375 3460 d:o
1406 3415 1772 3464 Contmottigh
1804 3419 1970 3468 weder
2002 3422 2103 3468 als
2135 3423 2368 3470 gister,
2400 3425 2764 3478 waeroverhet
2797 3433 2897 3482 den
2929 3434 3129 3483 Prince
3161 3433 3327 3479 duck

1236 3543 1495 3590 onghtzoo
1522 3544 1610 3589 het
1638 3545 1895 3595 affseggen
1924 3550 2010 3595 van
2038 3550 2182 3596 heden
2210 3551 2268 3598 te
2296 3553 2439 3601 synen
2468 3555 2640 3603 huijse
2667 3557 2725 3602 te
2754 3557 2898 3603 komen
2925 3560 3011 3605 tot
3040 3560 3212 3608 morgen
3240 3560 3327 3609 off

1273 3669 1650 3718 overmorgen
1687 3668 1914 3715 dattet
1951 3670 2065 3717 wat
2102 3671 2292 3718 beter
2329 3674 2519 3723 weder
2554 3679 2743 3726 wesen
2781 3671 3007 3725 mochte

965 3785 1078 3831 adij
1104 3788 1189 3834 10:
1217 3789 1300 3834 11:
1328 3789 1414 3837 12:
1438 3792 1552 3838 13:'
1580 3792 1664 3838 end
1692 3793 1804 3840 14:e
1831 3794 1915 3840 d:o
1943 3794 2055 3840 niet
2083 3794 2308 3842 noterens
2334 3797 2558 3845 waerdigh
2586 3799 2950 3847 voorgevallen,
2977 3801 3061 3846 als
3089 3801 3173 3847 dat
3201 3800 3342 3848 heden

1273 3912 1562 3960 namiddagh
1592 3915 1657 3960 op
1689 3914 1753 3960 de
1784 3914 2071 3960 menghmael
2103 3914 2295 3960 gedane
2326 3916 2677 3971 ontbiedingh
2709 3926 2807 3974 den
2834 3927 3030 3977 Prince
3059 3931 3402 3979 dickonghto

2976 4099 3260 4151 gewesen
