3642 4828
1013 543 1175 598 mey
1222 526 1440 587 1646

1414 682 1636 735 belasten
1662 680 1746 726 aen
1773 677 1965 725 gemelte
1992 675 2268 721 regeerders
2295 675 2378 721 van
2405 677 2597 724 onglijs
2625 679 2790 725 bandel
2817 680 2900 727 dit
2926 682 3009 729 ons
3035 680 3174 728 Conel

1415 783 1548 830 aende
1574 778 1813 827 hollandts
1839 776 1919 823 che
1946 773 2078 821 natie
2104 771 2343 817 verleendt
2370 771 2423 816 te
2450 771 2768 821 gehoorsamen,
2794 774 3113 822 onderhouden,
3138 773 3192 819 en
3219 770 3326 818 doen

1415 879 1736 932 onderhouden
1764 874 1969 923 gelijck
1998 872 2086 918 dat
2114 870 2348 916 behoort,
2378 871 2524 918 alles
2552 873 2611 919 op
2640 873 2728 918 ons
2757 870 3078 918 pruwelijcke
3107 869 3342 920 mandaen,

1409 988 1497 1039 met
1524 974 1922 1031 waerschouwinge
1948 971 2035 1017 aen
2061 966 2205 1015 allen
2232 965 2289 1010 en
2317 964 2403 1011 een
2430 963 2685 1012 vegelijck
2713 961 2799 1008 hin
2827 959 3054 1005 bysonder
3081 960 3167 1005 dat
3195 960 3280 1005 soo
3307 956 3394 1004 wie

1408 1080 1629 1134 bevonden
1655 1076 1739 1124 sal
1764 1070 1930 1120 werden
1956 1067 2067 1114 hier
2093 1063 2259 1111 tegens
2285 1062 2450 1110 gedaen
2477 1062 2532 1107 t'
2559 1058 2751 1108 hebben,
2777 1055 2861 1103 als
2887 1056 3025 1102 habel
3051 1054 3107 1100 en
3134 1052 3383 1100 verachten

1404 1188 1488 1239 van
1513 1183 1596 1232 ons
1621 1177 1785 1228 geboet
1811 1174 1893 1222 sal
1920 1172 2083 1219 werden
2110 1169 2353 1217 gestreft,
2379 1166 2569 1214 gegeven
2596 1166 2650 1211 in
2677 1166 2786 1212 onse
2811 1163 2948 1212 stadt
2975 1159 3110 1208 hagie
3136 1157 3273 1204 mahol

1402 1292 1483 1340 den
1507 1288 1563 1336 25
1588 1286 1616 1332 '
1641 1280 1775 1329 vande
1801 1276 1961 1324 maenst
1988 1272 2227 1321 sepueraer
2253 1270 2333 1316 dnt
2359 1266 2573 1315 achtende
2599 1266 2733 1312 Jaere
2759 1266 2812 1311 er
2839 1266 3079 1313 regeninge
3105 1269 3184 1314 van
3210 1268 3344 1314 onsen

1421 1388 1616 1441 vader
1654 1381 1925 1432 Chasjan

1819 1638 2154 1688 Translaet
2190 1642 2340 1688 uijt
2377 1640 2785 1688 'smandament
2822 1640 3046 1687 bijden
3082 1642 3309 1694 prince

1839 1743 2120 1791 sjasoesa
2155 1743 2262 1789 aen
2294 1744 2645 1791 melcqbeecq
2680 1745 2856 1791 Wegen
2891 1744 3241 1790 oliphanten
3275 1743 3346 1788 en

1838 1845 1905 1893 s'
1938 1844 2264 1890 Compagnies
2296 1845 2556 1890 schulden
2589 1845 2654 1890 te
2686 1844 2979 1890 betaelen,
3010 1843 3340 1893 geschreven

1354 2048 1639 2172 Gernt
1679 2147 1852 2218 den
1904 2172 2477 2224 nelegbercq

1383 2351 1466 2397 uE:
1491 2346 1632 2396 werdt
1659 2344 1715 2390 by
1742 2339 1881 2388 desen
1908 2339 2269 2387 expresselijck
2296 2342 2463 2390 belast
2489 2344 2545 2390 in
2572 2343 2794 2390 voortaen
2822 2345 2906 2391 met
2932 2347 2988 2392 't
3016 2347 3126 2392 doen
3153 2346 3237 2392 der

1391 2433 1648 2491 Hollanders
1672 2431 1749 2477 als
1774 2429 1851 2475 wat
1875 2426 2080 2473 goederen
2104 2427 2156 2472 in
2180 2426 2258 2471 ons
2282 2427 2410 2473 rijck
2435 2429 2639 2476 brengen,
2663 2431 2766 2476 niet
2790 2432 2892 2477 meer
2917 2432 2969 2479 te
2993 2434 3146 2480 sullen
3171 2434 3425 2480 senweijen,

1380 2528 1786 2578 voornamentlijck
1813 2526 1895 2572 soo
1921 2523 2111 2570 wanneer
2137 2522 2408 2568 Eliphanten
2435 2520 2625 2567 hebben,
2651 2523 2868 2572 eerlijck
2894 2527 2975 2573 dat
3001 2528 3110 2575 ghij
3136 2528 3218 2574 ons
3245 2528 3358 2577 laet

1375 2625 1509 2677 weten
1534 2623 1614 2670 hoe
1640 2622 1746 2668 veel
1772 2623 1877 2668 tstr
1902 2622 2062 2669 datter
2087 2624 2219 2670 sijn,
2244 2625 2324 2670 wat
2350 2625 2429 2670 den
2455 2625 2639 2671 Vercoop
2664 2625 2875 2672 aengaet,
2902 2626 3112 2673 daermede
3138 2628 3270 2674 heeft
3295 2627 3353 2675 ue

1360 2732 1464 2780 sich
1489 2730 1567 2776 als
1591 2726 1772 2774 geseght
1796 2724 1875 2770 int
1899 2723 2054 2768 minste
2080 2723 2183 2769 niet
2208 2724 2260 2770 te
2285 2724 2542 2772 bemoeijen,
2567 2724 2773 2771 doordien
2798 2724 2876 2769 wij
2902 2721 3030 2769 sulcx
3054 2720 3261 2768 sulcarne

1370 2829 1481 2877 omme
1507 2827 1728 2873 daermede
1755 2826 1837 2872 met
1865 2823 2195 2871 d'hollanders
2221 2824 2278 2870 te
2303 2826 2660 2876 veraccorderen
2687 2831 2825 2878 hebbe
2852 2834 2990 2881 laest
3017 2837 3236 2889 gegeven

1353 2975 1452 3023 wij
1484 2973 1747 3022 verstaen
1779 2973 1911 3019 ende
1943 2974 2107 3021 werdt
2139 2977 2238 3024 ons
2270 2979 2631 3031 aengediendt
2663 2986 2762 3031 dat
2793 2986 2925 3032 ghij
2957 2987 3354 3042 d'Eliphanten

1374 3073 1532 3120 welcke
1558 3073 1742 3118 voorons
1768 3074 1899 3120 vande
1925 3075 2189 3125 hollanders
2214 3081 2320 3129 hebt
2345 3085 2556 3134 gekocht,
2581 3089 2688 3137 noch
2712 3094 2976 3142 onbetaeldt
3001 3095 3133 3142 sijn,
3159 3094 3317 3141 daerom
3342 3090 3396 3139 uE

1370 3176 1423 3225 by
1440 3177 1568 3227 desen
1592 3177 1790 3222 belasten
1814 3178 1888 3223 soo
1913 3178 2037 3226 haest
2061 3182 2159 3227 onse
2183 3182 2406 3233 schrijven
2430 3188 2605 3240 becompt
2627 3196 2727 3244 haer
2751 3200 2949 3246 Volcomen
2972 3200 3072 3246 sult
3096 3201 3393 3248 Contenteren

1346 3276 1470 3324 ende
1501 3274 1778 3321 betaelen,

1345 3367 1781 3420 Jnragiemahiel
1815 3367 1915 3412 den
1947 3363 2016 3411 4.
2049 3363 2116 3410 en
2149 3365 2317 3415 Vande
2350 3370 2553 3418 maendt
2584 3375 2920 3424 Ispindiaer
2953 3378 3054 3426 Int
3087 3379 3155 3424 18
3187 3380 3327 3430 Jaer

1355 3471 1435 3518 der
1460 3468 1698 3515 regeringe
1723 3469 1802 3514 van
1828 3469 1960 3515 onsen
1985 3471 2143 3520 vaderl
2169 3475 2327 3522 haljan

1847 3683 2205 3734 TTranslaet
2240 3688 2349 3735 uyt
2382 3691 2455 3738 't
2489 3692 2812 3740 mandament
2847 3692 3026 3740 byden
3061 3689 3277 3740 prince

1859 3776 2097 3828 Sjasodsa
2125 3775 2214 3821 aen
2244 3775 2391 3821 Nabab
2420 3776 2774 3828 Mattegetchan
2801 3785 2949 3832 wegen
2978 3787 3213 3833 justicie
3242 3786 3360 3832 over
3389 3786 3448 3831 d'

1865 3869 2010 3917 doodt
2037 3868 2125 3914 van
2153 3869 2297 3915 Jacob
2325 3870 2412 3916 Van
2439 3871 2555 3919 Bost
2583 3874 2640 3920 te
2669 3875 2786 3924 doen
2812 3881 3131 3931 geschreven.

1331 3980 1605 4032 Aenden
1650 3978 1879 4025 nabab
1924 3980 2427 4030 Matekitchan

1311 4154 1404 4202 Een
1429 4142 1526 4196 der
1554 4140 1863 4186 Capiteynen
1893 4142 1986 4187 van
2016 4143 2078 4189 de
2108 4145 2415 4198 hollanders
2446 4153 2599 4200 heeft
2630 4155 2723 4202 ons
2753 4158 3121 4210 aengediendt,
3150 4154 3275 4207 ende

1344 4236 1596 4286 geclaeght
1622 4236 1789 4283 Hoeden
1815 4237 1981 4285 Boujen
2008 4240 2312 4292 Berrithagie
2339 4248 2395 4295 in
2421 4251 2614 4297 vipelij
2642 4250 2725 4296 een
2752 4250 2835 4296 van
2861 4249 2945 4296 hun
2972 4248 3111 4295 Volcq
3138 4250 3445 4300 sonderheden

3147 4340 3386 4399 hadde
