3567 4801
2776 557 2955 607 873

835 914 1101 975 tschip
1142 908 1364 958 nieuw
1406 906 1801 956 amsterdam
1845 910 1933 955 op
1976 910 2154 960 15en
2195 918 2415 968 Julij
2458 917 2722 966 alhier
2764 912 2900 960 ter

856 1022 1100 1078 rheede
1137 1020 1303 1067 uijt
1344 1022 1588 1069 versia
1628 1022 1791 1068 over
1831 1022 2117 1070 ceijlon
2157 1026 2320 1073 ende
2360 1025 2645 1071 carcall
2686 1025 2808 1070 met
2849 1024 2980 1073 een

891 1135 1289 1189 capitael
1335 1136 1686 1182 gemundt
1723 1133 1935 1181 ende
1984 1134 2432 1181 ongemundt
2481 1134 2730 1181 goudt
2778 1127 2979 1180 ende

880 1255 1174 1312 silver
1222 1251 1368 1299 ter
1415 1246 1757 1296 monture
1805 1247 1951 1293 van
1999 1248 2049 1293 ƒ
2094 1246 2388 1294 131000
2436 1240 2923 1290 mitsgaders

888 1383 1027 1437 182
1071 1378 1209 1427 stx
1253 1372 1528 1422 slaven
1573 1370 1756 1417 ende
1799 1358 2212 1414 slavinnen
2255 1358 2531 1408 nevens
2574 1364 2712 1411 103
2754 1360 2918 1411 soo

865 1496 1103 1551 heele
1148 1489 1292 1539 als
1339 1487 1576 1534 halve
1623 1487 1908 1535 packen
1952 1481 2523 1532 caijlpatamse
2571 1477 2903 1529 cleeden

889 1610 1075 1662 ende
1120 1607 1213 1655 11
1259 1601 1537 1651 Bossen
1581 1597 1952 1646 caeijer,
1998 1591 2506 1641 aengelanght
2551 1589 2737 1636 daer
2783 1588 2922 1634 van

889 1718 1228 1766 tsedert
1276 1712 1616 1762 ontlost
1663 1712 1761 1758 en
1810 1711 1955 1758 ome
2003 1707 2246 1756 weder
2293 1706 2536 1752 reijs
2585 1702 2682 1751 te
2729 1698 2925 1746 doen

872 1834 1253 1897 veerdigh
1298 1825 1629 1876 sijnde,
1675 1819 2005 1869 draeght
2052 1819 2194 1865 den
2240 1817 2711 1864 gouverneur
2758 1815 2901 1864 den

853 1960 1132 2016 Raedt
1184 1952 1407 2003 voor
1460 1944 1681 1996 ende
1735 1936 2011 1989 geeft
2066 1932 2286 1981 haer
2340 1929 2452 1976 in
2474 1928 3003 1981 bedencken

879 2064 1347 2126 aengesien
1397 2057 1762 2108 gemelte
1811 2050 2074 2101 schip
2115 2048 2384 2096 midts
2434 2044 2643 2093 door
2694 2043 2958 2091 storm

876 2194 1056 2243 ende
1100 2188 1412 2240 onweder
1456 2188 1546 2234 op
1588 2184 1679 2233 d'
1722 2172 2080 2227 jndische
2123 2168 2347 2216 custe
2391 2160 3015 2214 gerencontreert

882 2320 1073 2367 seer
1120 2310 1597 2367 verswackte
1645 2307 1836 2354 ende
1883 2303 2026 2350 tot
2073 2298 2551 2349 tvervoeren
2599 2296 2743 2343 van
2789 2297 3028 2345 veele

866 2442 1556 2509 Bederffelijcke
1600 2431 1900 2485 waeren
1948 2428 2393 2477 onbequaem
2442 2422 2986 2473 g'oordeeldt

868 2593 1017 2638 js,
1034 2583 1214 2632 off
1262 2576 1413 2626 men
1461 2570 1611 2621 der
1651 2555 1959 2614 halven
2005 2554 2306 2602 tselve
2356 2551 2555 2599 over
2604 2546 3003 2595 mallacca

844 2718 1017 2775 ome
1070 2710 1187 2759 d'
1243 2697 1584 2754 minste
1635 2674 2265 2741 perijckelen
2320 2668 2549 2717 naer
2603 2656 3009 2712 Batavia

882 2828 1025 2878 met
1071 2807 1593 2871 quantiteijt
1639 2801 1925 2852 slaven
1971 2796 2161 2847 ende
2207 2791 2398 2841 niet
2445 2788 2540 2835 en
2585 2769 2968 2832 behooren

881 2949 979 2998 te
1026 2935 1511 2993 largeeren,
1559 2916 2189 2979 tvoorschreven
2236 2912 2383 2961 van
2429 2901 2624 2955 zijn
2672 2900 2769 2946 E:
2813 2898 2964 2946 wel

887 3060 1601 3127 geconsidireerdt
1647 3047 1935 3105 sijnde
1980 3047 2077 3095 is
2123 3037 2315 3090 dien
2362 3027 2743 3080 volgende
2791 3024 2934 3072 met

867 3201 1266 3263 gemeene
1322 3189 1718 3245 stemmen
1772 3177 2000 3233 goet
2050 3159 2509 3222 gevonden
2564 3154 2792 3203 ende
2847 3156 2908 3205 —

893 3319 1557 3401 G'arresteert
1612 3309 1777 3360 dat
1829 3303 1942 3353 in
1976 3297 2217 3345 meer
2271 3288 2657 3341 gemelte
2711 3285 2988 3332 schip

888 3444 1157 3501 nieuw
1207 3425 1691 3487 amsterdam
1742 3416 2171 3469 eenlijck
2224 3414 2438 3461 ende
2490 3409 2705 3459 voor
2758 3404 2919 3457 soo

868 3572 1074 3626 veel
1124 3560 1480 3614 Buijten
1530 3544 1989 3605 Beduchten
2039 3539 2193 3588 van
2240 3528 2650 3582 Bederff.
2700 3526 2753 3574 e
2801 3522 2854 3569 —

879 3685 1421 3738 doenlijck,
1467 3675 1691 3730 ende
1743 3667 1962 3719 voor
2014 3653 2612 3710 namentlijck
2665 3647 2893 3696 omme

756 3817 1211 3905 Mallacca
1266 3806 1491 3860 (wel
1544 3792 1883 3848 nodigh
1935 3780 2164 3837 ende
2218 3761 2724 3822 dienstich
2779 3762 2948 3809 tot

839 3956 1230 4030 progres
1278 3935 1616 4000 vanden
1670 3920 2002 3980 handel
2055 3906 2553 3963 derwaerts
2606 3887 2939 3948 sijnde

873 4106 1062 4167 daer
1106 4100 1290 4149 uijt
1332 4076 1885 4144 geprovideert
1930 4070 2114 4119 ende
2159 4065 2526 4115 tverdere
2570 4052 2755 4108 haer
2800 4049 2949 4096 Ed:

883 4243 1029 4294 toe
1069 4226 1460 4288 gesonden
1508 4222 1604 4269 t'
1650 4216 1940 4265 werden
1987 4210 2132 4260 179
2178 4198 2468 4255 packen
2514 4184 2949 4241 diversche

886 4376 1392 4437 sorteringe
1440 4368 1594 4419 van
1644 4355 1998 4412 cleeden
2048 4347 2201 4400 600
2251 4336 2402 4390 stx
2449 4328 2756 4381 slaven
2806 4326 2911 4373 en

737 680 1246 752 Maendach
1307 676 1560 727 adij
1622 682 1750 730 13
1811 673 2316 731 augustij
2378 671 2506 720 ao
2567 670 2820 723 1646

2368 4504 2890 4573 slavinnen
