3703 4828
1343 615 1530 666 Voor
1575 612 1946 662 Mallacca
1991 610 2084 656 js
2130 608 2223 655 in
2269 607 2500 653 ditto
2546 600 2916 653 schiedam
2962 598 3148 644 door
3193 595 3426 645 ordre

1396 706 1574 756 vand
1618 691 2150 751 provisioneel
2193 680 2637 735 gouverneur
2680 675 2947 724 arnold
2989 673 3080 720 d'
3123 668 3479 717 vlamingh

1396 804 1525 857 van
1564 782 1949 847 Oudthoorn
1990 767 2374 825 gescheept
2415 764 2502 812 en
2543 765 2629 814 pr
2670 759 2926 813 Bergen
2968 757 3138 804 hier
3181 758 3524 812 gebracht

1390 903 1579 955 niet
1623 896 1810 947 meer
1854 889 1995 938 als
2039 880 2134 932 53
2176 874 2503 924 Bhaaren
2549 875 2688 921 185
2733 866 2826 923 lb
2870 862 3056 912 thin
3102 858 3288 910 waer
3333 853 3475 901 van

1394 995 1607 1045 niets
1647 990 1778 1040 van
1820 981 2076 1035 persia
2118 976 2290 1026 hebb
2330 971 2587 1023 Connen
2627 965 2886 1015 senden
2928 964 3014 1010 de
3056 961 3270 1009 wijle
3312 961 3484 1008 daer

1387 1105 1568 1159 mede
1612 1100 1702 1148 d'
1745 1072 2457 1143 gecontrackteerde
2501 1065 3036 1116 quantiteijdt
3080 1064 3439 1113 qualijck

1394 1204 1481 1252 is
1522 1190 1781 1246 connen
1822 1176 2123 1233 voldaen
2164 1168 2423 1221 werden
2465 1166 2551 1213 en
2594 1165 2765 1211 cost
2807 1163 2937 1210 met
2977 1161 3151 1208 alle
3194 1156 3451 1206 ongeld

1381 1305 1472 1360 (:
1510 1286 1814 1347 Comform
1855 1280 1943 1329 de
1983 1265 2200 1322 Copie
2242 1258 2543 1309 facture
2585 1256 2715 1302 No.
2757 1256 2930 1302 10:)
2968 1256 3015 1303 ƒ
3058 1246 3359 1301 6820„8„

1355 1399 1530 1457 waer
1571 1387 1745 1441 voor
1786 1369 2175 1429 tcomptoir
2216 1359 2563 1414 generael
2605 1353 2778 1403 mede
2820 1339 3338 1397 gecrediteert
3381 1334 3514 1382 is,

2333 1417 2422 1466 tles

1385 1481 1763 1537 contrarie
1803 1471 2057 1524 sullen
2098 1467 2310 1515 wed„e
2347 1461 2686 1518 gelieven
2727 1456 2812 1505 te
2853 1454 3063 1501 laten
3103 1446 3484 1499 geschied,

1385 1593 1509 1640 als
1548 1582 1839 1637 wanneer
1878 1575 2045 1625 niet
2085 1571 2168 1618 en
2209 1567 2581 1616 twijffele
2619 1565 2746 1612 off
2786 1562 2869 1608 te
2910 1558 3158 1607 sullen
3199 1556 3323 1604 met
3356 1549 3447 1604 de

1446 1690 1876 1741 Generaele
1923 1687 2161 1736 reeck
2208 1678 2734 1732 accordeeren

1417 1879 1757 1934 geseijde
1799 1879 2011 1927 jacht
2051 1881 2307 1932 Bergen
2349 1882 2435 1928 op
2477 1881 2646 1927 soom
2688 1881 2773 1928 is
2816 1881 2943 1928 mij
2985 1880 3452 1928 toegebracht

1398 1985 1533 2031 een
1577 1979 1894 2030 missive
1935 1977 2211 2024 vanden
2255 1978 2345 2023 E:
2381 1974 2843 2023 gouverneur
2885 1977 3067 2024 Ioan
3112 1970 3429 2020 Thijsen

1370 2071 1733 2129 gedateert
1772 2068 1894 2116 den
1933 2067 2014 2113 25
2052 2065 2415 2113 januarij,
2454 2060 2615 2109 jnde
2654 2059 2897 2108 welcke
2935 2064 3096 2110 sijn
3136 2064 3216 2109 E:
3252 2061 3419 2111 seer

1381 2175 1799 2232 ernstlijck
1840 2173 1924 2219 is
1965 2165 2509 2217 versoeckende,
2550 2165 2676 2212 dat
2716 2165 2843 2210 hem
2883 2161 3135 2209 (ndien
3176 2153 3427 2205 eenige

1355 2280 1724 2344 Wanlaade
1768 2273 2135 2324 scheepen
2181 2268 2364 2318 dien
2408 2265 2593 2312 wegh
2638 2262 2821 2310 over
2867 2258 3233 2306 quaamen)
3278 2256 3416 2303 met

1381 2392 1505 2444 10o
1543 2382 1786 2436 lasten
1825 2378 1987 2426 rijs
2025 2366 2429 2421 seconderen
2468 2363 2710 2412 wilden
2750 2362 2830 2408 en
2870 2360 2991 2406 dat
3031 2360 3273 2409 aldaer
3311 2362 3474 2413 400„

1369 2491 1663 2547 Bhaaren
1702 2482 1996 2535 canneel
2037 2479 2121 2526 in
2161 2468 2495 2523 voorraat
2536 2464 2786 2512 hadde,
2827 2464 2952 2510 die
2993 2464 3161 2511 door
3201 2462 3494 2510 gebrecq

1374 2599 1511 2650 van
1556 2593 1873 2645 scheeps
1918 2588 2236 2637 ruijmte
2280 2586 2463 2633 niet
2506 2586 2599 2633 en
2642 2576 2871 2630 soude
2915 2574 3188 2620 connen
3232 2573 3415 2621 naer

1330 2722 1629 2781 Batavia
1670 2701 2012 2765 gesonden
2054 2691 2310 2744 werden
2352 2690 2438 2736 (:
2480 2686 2779 2735 gelijck
2821 2683 3034 2731 ditos
3077 2674 3506 2728 affschrift

1391 2839 1471 2884 No
1511 2833 1632 2885 11„
1667 2823 1831 2875 uijt
1870 2816 2112 2867 wijsen
2150 2808 2312 2860 sal)
2350 2802 2472 2852 soo
2512 2801 2592 2847 en
2632 2800 2792 2846 hebb
2832 2798 2992 2844 daer
3033 2797 3153 2843 toe
3192 2794 3354 2842 geen

1365 2933 1580 2984 schip
1620 2925 1881 2977 connen
1923 2920 2396 2970 affsteecken
2438 2917 2568 2965 als
2611 2917 2740 2963 d„o
2782 2915 3084 2962 Bergen,
3126 2912 3341 2959 alsoo
3384 2912 3474 2959 op

1367 3035 1555 3096 sijn
1600 3027 2055 3080 arrivement
2099 3025 2193 3072 de
2235 3020 2466 3071 paeuw
2509 3021 2648 3068 met
2693 3020 2967 3071 vracht
3010 3010 3379 3063 goederen

1379 3146 1763 3202 volladen,
1805 3143 1977 3190 ende
2019 3142 2105 3188 om
2147 3138 2533 3188 s'anderen
2574 3141 2788 3191 daags
2831 3146 2917 3192 te
2958 3144 3396 3194 vertrecken

1366 3256 1606 3314 gereet
1645 3254 1803 3300 was,
1842 3253 2039 3299 edoch
2079 3254 2355 3300 d'wijle
2391 3251 2512 3299 (op
2551 3251 2709 3298 d=os
2748 3251 3024 3301 compste
3064 3256 3379 3302 verdacht

1368 3372 1666 3432 sijnde,
1707 3367 1920 3416 daags
1960 3365 2046 3411 te
2088 3363 2344 3410 vooren
2384 3365 2512 3411 soo
2554 3365 2723 3412 veel
2766 3365 2978 3413 moors
3017 3359 3358 3407 goederen

1373 3480 1566 3533 (:om
1607 3475 1757 3525 hem
1803 3466 2234 3519 dadelijck
2281 3465 2377 3510 te
2424 3461 2950 3510 bevrachten)
2996 3457 3474 3507 aengenomen

1345 3578 1623 3640 hadde,
1667 3571 1806 3621 als
1852 3569 2037 3616 daer
2078 3567 2220 3616 toe
2265 3566 2541 3615 nodich
2587 3570 2863 3622 mochte
2907 3576 3138 3623 sijn,
3180 3573 3322 3620 ten

1350 3685 1669 3749 anderen
1712 3679 1893 3728 ende
1936 3681 2518 3729 principalijck
2562 3683 2698 3730 dat
2741 3686 2877 3731 Bij
2919 3685 3010 3732 de
3054 3683 3278 3729 mijne
3323 3684 3503 3734 vand

1369 3811 1454 3860 20
1490 3795 1828 3853 januarij
1867 3793 1953 3840 pr
1993 3794 2077 3840 na
2119 3791 2285 3839 souw
2327 3791 2535 3836 aende
2576 3791 2661 3838 E:
2701 3792 3117 3840 wollebrant
3158 3794 3492 3850 gelijns)

1407 3915 1822 3979 geschreven
1861 3902 2110 3958 hebbe,
2151 3900 2275 3947 dat
2316 3900 2440 3945 d„o
2480 3897 2687 3945 jacht
2728 3898 2894 3944 daer
2934 3899 3017 3947 t'
3058 3902 3389 3952 verwacht
3428 3898 3518 3946 en

3401 3966 3487 4013 les

1343 4038 1540 4098 hadde
1577 4031 1733 4080 tsij
1771 4025 1888 4074 dan
1927 4022 2082 4069 (om)
2117 4015 2354 4067 nevens
2393 4011 2821 4060 reijnsburgh
2857 4009 3132 4058 volgens
3169 4009 3442 4056 uEd=les

1336 4143 1556 4198 ordre
1596 4134 1773 4187 over
1814 4125 2121 4178 poincto
2162 4121 2339 4169 gale
2369 4121 2555 4168 naer
2598 4121 3076 4170 choromandel
3118 4122 3207 4169 t'
3250 4120 3514 4170 senden

1366 4249 1485 4299 off
1523 4247 1602 4292 t'
1640 4244 1759 4292 een
1798 4243 1916 4290 van
1953 4240 2229 4291 beijden
2268 4238 2426 4284 daer
2464 4240 2582 4286 tot
2621 4238 3091 4287 overvoeringh
3130 4240 3248 4285 van
3285 4233 3485 4285 sijde

2827 4457 3054 4516 Tot
3119 4454 3277 4500 jn
