3567 4801
2751 488 2893 540 897

904 720 1007 770 velt
1029 710 1208 763 buijten
1233 707 1412 754 sinsier
1435 708 1536 754 Iude
1562 707 1714 754 plaets
1738 705 2017 753 sacraporen,
2042 705 2118 751 des
2143 704 2320 751 Conincx
2344 705 2472 751 leger
2497 707 2623 755 light
2648 710 2699 755 In

893 816 1322 882 goedlafittamoer,
1348 815 1402 861 d'
1428 810 1642 859 reijcken
1668 807 1829 855 hebben
1853 804 1908 851 d'
1935 801 2229 849 Conincksche
2254 802 2335 847 tot
2361 802 2441 847 den
2468 802 2601 848 slagh
2627 802 2681 847 Jn
2707 798 2841 847 veldt

899 939 1006 991 uijt
1029 925 1266 982 geeijscht
1291 923 1371 969 dat
1396 920 1449 967 d'
1475 909 1762 964 Conincksche
1786 904 2101 953 accepteerden
2126 902 2231 949 ende
2256 897 2623 947 sanderendaeghs
2648 895 2702 941 d'
2725 881 2937 938 reijcken

903 1045 1042 1096 eerst
1069 1041 1153 1090 sin
1179 1035 1317 1085 verdt
1343 1027 1537 1078 comende
1563 1025 1619 1072 Io
1645 1014 1921 1069 Wedersijts
1947 1008 2388 1058 geschermitteert,
2415 1004 2553 1052 alsoo
2578 999 2663 1048 dat
2688 990 2828 1043 yeder

896 1151 1054 1204 eenige
1079 1143 1237 1195 dooden
1262 1140 1368 1188 ende
1393 1132 1630 1184 gequetste
1655 1120 1892 1176 becomende
1917 1119 1970 1164 te
1995 1114 2127 1163 rugge
2152 1106 2363 1159 trocken,
2388 1100 2494 1150 doch
2519 1093 2651 1143 snden
2674 1081 2912 1136 aftreckIs

861 1256 1092 1325 Tapacula
1119 1248 1320 1300 Rangepa
1346 1243 1434 1292 met
1459 1239 1519 1286 d'
1545 1235 1661 1283 syne
1686 1231 1832 1279 weder
1859 1225 2088 1275 sodanich
2116 1224 2173 1269 op
2201 1220 2259 1268 de
2285 1209 2600 1264 Conincksche
2628 1198 2970 1254 'Jngevallen,

892 1382 985 1437 dat
1011 1363 1308 1424 verstaende
1336 1358 1455 1406 ende
1484 1348 1750 1402 quetsende
1779 1342 1927 1392 Veele
1956 1341 2046 1387 des
2070 1326 2399 1387 Conincksche
2427 1320 2546 1370 haer
2573 1307 2871 1363 Vongeleger

900 1492 1058 1548 plaets
1082 1483 1265 1536 moesten
1289 1472 1550 1526 verlaeten,
1575 1471 1627 1516 en
1652 1470 1679 1515 t
1704 1468 1808 1515 mijl
1832 1458 2119 1512 achterwaerd
2143 1457 2222 1502 tot
2247 1445 2481 1501 getrocken
2505 1437 2636 1489 sijn,
2657 1428 2765 1480 dese
2788 1425 2817 1472 r
2840 1416 2997 1469 legers

888 1617 992 1673 sijn
1015 1614 1065 1660 nu
1087 1607 1214 1657 dicht
1236 1599 1362 1650 byden
1384 1594 1560 1642 anderen
1584 1593 1659 1638 soo
1683 1589 1759 1637 dat
1782 1586 1858 1633 het
1880 1580 1981 1630 sich
2004 1577 2056 1624 in
2079 1567 2378 1621 Weynichdagen
2400 1562 2477 1611 tot
2501 1562 2575 1609 een
2599 1558 2799 1609 verdragh
2821 1548 2923 1601 laet

900 1739 1163 1791 aensien,

908 1873 1027 1927 Den
1064 1854 1337 1917 Coninck
1373 1848 1453 1896 Is
1491 1845 1879 1900 Malcontent
1916 1838 2072 1889 over
2109 1830 2382 1881 Chinane
2421 1821 2734 1874 vermidts

923 1958 1272 2014 Tonnerechittij
1295 1956 1445 2004 tegens
1468 1951 1643 2000 sinsier
1667 1949 1742 1995 hem
1766 1944 1866 1993 niet
1890 1944 1940 1989 na
1965 1943 2163 1989 behooren
2188 1941 2337 1988 quijt,
2361 1937 2461 1985 oocq
2484 1932 2610 1981 heeft
2634 1930 2709 1976 den
2733 1923 2908 1975 Coninck

911 2071 1018 2120 sijn
1043 2064 1177 2115 volcq
1202 2062 1283 2108 aen
1308 2056 1521 2106 Chinanna
1547 2050 1760 2101 gesonden
1784 2047 1839 2094 om
1864 2039 2130 2091 betaelinge
2155 2034 2289 2083 vande
2315 2032 2580 2079 resterende
2606 2030 2660 2076 13
2685 2025 2898 2075 Operdaus

924 2181 984 2228 1'
1012 2170 1195 2224 hebben

946 2311 1261 2362 'Engelsche
1290 2307 1387 2354 met
1416 2303 1575 2351 haere
1605 2292 1952 2348 schenckagie
1982 2290 2109 2336 sijn
2139 2288 2203 2334 in
2234 2283 2423 2333 Delour
2454 2281 2517 2327 g'
2548 2273 2832 2325 arriveert

918 2423 996 2469 wel
1021 2417 1251 2468 ontfangen
1276 2415 1379 2462 ende
1405 2412 1635 2460 kamelijck
1659 2409 1916 2456 gelogeert,
1941 2406 2069 2454 edoch
2094 2403 2172 2450 bij
2197 2404 2248 2449 d'
2272 2396 2452 2449 mags.:t
2477 2393 2606 2441 geene
2630 2385 2862 2439 audientie

916 2534 1150 2581 erlanght,
1174 2530 1253 2578 wat
1278 2528 1331 2573 in
1356 2525 1486 2572 haere
1511 2522 1667 2569 saecke
1693 2519 1771 2567 sal
1796 2516 2030 2563 passeren,
2056 2514 2134 2561 sal
2158 2510 2367 2558 daernaer
2392 2508 2445 2554 ul
2469 2498 2808 2553 aengeschreven
2833 2495 2989 2543 werden

764 2679 812 2727 Ay
832 2674 882 2723 11
900 2665 972 2716 tot
994 2663 1041 2709 14
1062 2659 1110 2707 d.
1132 2657 1156 2703 o
1177 2654 1271 2702 niet
1293 2647 1569 2698 sonderlinghs
1592 2645 1874 2692 Voorgevallen

843 2780 894 2829 15
914 2774 1011 2823 d.o
1032 2768 1152 2818 sagen
1174 2765 1294 2812 vande
1316 2763 1482 2811 stadts,
1505 2762 1600 2808 ende
1623 2758 1813 2807 Casteels
1835 2757 2001 2804 puncten
2024 2756 2095 2801 den
2119 2755 2284 2801 vijandt
2305 2750 2473 2800 omtrent
2494 2745 2544 2794 d'
2565 2730 2896 2788 steerbeckerije

900 2878 1001 2929 sich
1022 2869 1171 2923 stercq
1196 2861 1391 2914 gemaeckt
1415 2856 1562 2905 hadden
1585 2853 1733 2900 daerop
1756 2852 1830 2898 wij
1854 2850 2002 2897 eenige
2023 2847 2197 2896 schoten
2219 2843 2368 2892 deden,
2390 2839 2465 2887 die
2489 2835 2588 2883 haer
2611 2828 2783 2879 buijten
2806 2816 3002 2872 twijffel

907 2981 985 3027 wel
1009 2976 1165 3025 eenige
1190 2972 1346 3020 schade
1370 2966 1527 3017 sullen
1550 2959 1707 3009 gedaen
1732 2954 1887 3003 hebben

845 3119 897 3166 16
919 3115 972 3162 d.
995 3113 1022 3159 o
1045 3108 1248 3157 verstaen
1271 3104 1373 3152 voor
1396 3095 1699 3149 Waerachtich,
1723 3093 1799 3139 den
1823 3087 1975 3137 vyandt
1999 3087 2050 3133 op
2074 3080 2276 3131 gisteren
2299 3076 2452 3125 doord'
2474 3067 2778 3119 Canonschoten

929 3212 1037 3262 twee
1063 3207 1223 3256 dooden
1248 3201 1436 3252 becomen
1460 3194 1622 3245 hadden
1645 3191 1781 3238 sulcx
1805 3188 1940 3235 vande
1966 3179 2338 3233 steenbackerije
2364 3172 2657 3223 alverhuijst
2682 3170 2816 3217 waren

854 3347 905 3393 17
927 3344 980 3391 d.
1001 3342 1031 3389 o
1053 3335 1206 3384 become
1230 3332 1307 3379 een
1331 3330 1407 3376 Ole
1432 3329 1508 3375 van
1532 3326 1684 3373 Irekan
1708 3324 1809 3371 door
1835 3324 1910 3370 den
1934 3322 2061 3369 pion,
2086 3319 2287 3368 Polatius
2313 3311 2564 3364 geschreven
2589 3307 2766 3356 daerbij
2789 3302 2919 3351 onder

919 3448 1105 3500 anderen
1130 3441 1368 3493 Versoecqt
1394 3440 1473 3485 tot
1499 3435 1684 3484 meerder
1709 3430 2052 3479 versterckinge
2078 3430 2157 3477 van
2183 3431 2236 3476 't
2262 3425 2447 3475 eylandt
2471 3420 2657 3470 srrekan
2682 3416 2789 3465 niet
2814 3413 2920 3460 noch

914 3565 998 3613 een
1024 3560 1109 3608 wel
1134 3553 1329 3604 gemande
1356 3547 1523 3597 thonij
1549 3543 1689 3591 mocht
1714 3533 2047 3587 gesecondeert
2074 3529 2242 3578 Werden

831 3713 890 3764 18
910 3705 969 3754 en
996 3703 1051 3749 19
1075 3698 1131 3746 d.
1158 3697 1185 3742 o
1208 3692 1320 3742 niet
1346 3682 1697 3737 remarcquadels
1722 3673 2058 3725 Voorgevallen

799 3860 857 3906 20
879 3850 968 3902 do.
993 3836 1165 3892 sonden
1190 3830 1278 3879 een
1304 3823 1474 3874 thonij
1502 3818 1615 3867 naer
1642 3810 1869 3862 serekaen
1895 3801 2038 3854 bynee
2065 3798 2150 3844 tot
2177 3792 2375 3842 meerder
2402 3782 2777 3837 versterckinge

928 3939 1161 3995 gemandt
1191 3932 1293 3982 met
1325 3929 1392 3976 10
1423 3918 1656 3972 Coppen,

915 4108 972 4156 d.
995 4104 1026 4150 o
1050 4096 1215 4147 souden
1240 4093 1296 4140 P.
1322 4092 1350 4138 a
1375 4085 1567 4137 gemelte
1591 4079 1756 4129 thonij
1780 4074 1892 4124 over
1917 4065 2135 4118 Verekaen
2161 4056 2433 4109 pattamaers
2458 4054 2568 4100 naer
2595 4050 2785 4099 masulip
2812 4048 2920 4095 atam

931 4199 1017 4251 van
1043 4189 1291 4244 gelijcken
1316 4179 1564 4233 seeckeren
1591 4175 1783 4223 Bramine
1809 4174 1892 4220 met
1918 4169 2002 4218 een
2027 4165 2111 4213 Old
2137 4160 2303 4211 aenden
2327 4157 2494 4203 Neijck
2521 4155 2604 4202 van
2629 4151 2822 4199 sinsich

139 640 226 687 ouden

185 727 226 775 de

192 1032 218 1077 ders
