3573 4958
2783 313 2988 367 726

349 354 585 461 Jnno
639 328 816 387 ao.
873 318 1109 369 1646

963 486 1085 533 inde
1115 484 1298 530 nieuwe
1329 483 1574 530 gemaecte
1603 487 1878 533 Combuijs,
1908 487 2063 535 quam,
2091 492 2182 537 die
2213 492 2336 541 daer
2365 497 2579 550 omtrent
2609 506 2732 553 drie
2761 509 2823 556 a4
2853 511 3069 566 stadien

963 595 1308 647 voorstonde,
1338 595 1434 642 ene
1464 597 1841 644 dienvolgende
1872 598 2061 646 dichts
2089 601 2218 648 ende
2247 604 2406 655 eerst
2435 611 2655 662 aenende
2686 617 3038 671 onverhaelde

914 712 1216 760 packhuijs
1249 712 1418 759 woogh
1450 715 1752 762 bovendat,
1785 715 1987 761 indien
2020 717 2155 763 oock
2187 719 2256 767 de
2288 723 2591 776 galderije
2623 732 2725 778 die
2757 734 3059 790 vantwoon„

953 838 1111 886 huijs
1140 836 1267 882 in't
1298 837 1581 889 packhuijs
1611 844 2050 891 overstreckende
2080 844 2206 892 was,
2238 844 2333 891 met
2362 847 2551 896 hadden
2581 852 2677 899 met
2706 855 2895 907 craght
2925 862 3021 911 van

958 956 1120 1005 volcq
1152 960 1281 1006 uijt
1313 960 1377 1007 de
1409 962 1829 1012 Schepenhadden
1860 966 2182 1013 omgehaelt,
2214 966 2376 1012 soude
2407 965 2795 1015 nootsakelijk
2825 970 3020 1025 moeten

913 1076 1115 1125 volgen
1147 1078 1383 1124 hebben,
1415 1080 1517 1127 met
1549 1083 1751 1132 welcke
1782 1086 1984 1133 middel
2017 1088 2151 1135 nogh
2183 1088 2453 1137 behouden
2484 1089 2553 1137 en
2586 1088 2653 1134 de
2686 1088 2890 1135 Comp:e
2919 1093 3031 1146 aen

953 1199 1071 1245 hare
1099 1200 1362 1246 goederen,
1389 1202 1477 1248 die
1505 1203 1622 1251 daer
1651 1207 1796 1252 veele
1825 1207 2058 1255 inlagen,
2086 1210 2436 1259 onbeschadigh
2463 1215 2493 1261 t
2520 1215 2755 1263 gebleven
2783 1219 2871 1264 is,
2899 1215 3045 1265 synde

952 1321 1204 1369 eenlijk
1239 1322 1384 1369 230:
1420 1323 1529 1372 stx
1562 1326 1886 1373 Veelinghs
1921 1327 1994 1373 7:
2029 1327 2138 1373 stx
2173 1328 2496 1379 Nhioulaas
2532 1334 2569 1380 2
2604 1336 2892 1389 Fluwelen
2927 1341 3073 1391 twee

950 1437 1230 1484 Toncquinse
1258 1438 1454 1485 Cangans
1482 1441 1594 1488 ende
1621 1443 1734 1490 twee
1761 1445 1846 1490 str
1872 1441 2098 1490 Coninghs
2125 1440 2322 1488 hockjus
2349 1441 2545 1487 'tsamen
2573 1442 2657 1488 450
2685 1442 2769 1488 d:o
2797 1443 3050 1496 monterene

933 1554 1052 1605 ende
1080 1552 1140 1598 op
1169 1552 1228 1598 S:
1256 1552 1608 1600 Broeckhorsts
1636 1554 1784 1600 Camer
1811 1555 1871 1601 in
1900 1554 1988 1600 een
2017 1553 2134 1599 kist
2163 1552 2398 1600 leggende
2426 1553 2514 1599 tot
2543 1552 2661 1598 niet
2690 1552 2954 1602 verbrand,
2982 1558 3072 1605 dat

937 1673 1022 1719 een
1050 1673 1192 1719 groot
1218 1669 1389 1717 geluck
1417 1672 1530 1717 ende
1558 1672 1897 1719 dienvolgende
1926 1672 2152 1718 weijnigh
2179 1671 2236 1716 is
2265 1671 2547 1718 tenaensien
2575 1673 2688 1720 vant
2717 1675 2943 1720 perijkel
2971 1675 3084 1721 daer

956 1797 1018 1845 in
1048 1794 1230 1845 waren,
1260 1793 1352 1839 god
1378 1787 1686 1837 almaghtigh
1716 1788 1807 1833 wil
1836 1786 2051 1833 Comp.:s
2078 1786 2293 1832 ongeval
2323 1786 2749 1835 tegemoetkomen,
2777 1789 2900 1835 Item
2930 1787 3052 1834 hare

949 1910 1216 1959 ministers
1245 1908 1335 1954 die
1363 1907 1453 1953 der
1483 1904 1720 1952 demeeste
1749 1900 1928 1949 sonder
1956 1898 2135 1946 groote
2165 1898 2343 1944 schade
2373 1899 2462 1944 met
2491 1900 2788 1948 effgekomen
2817 1903 3028 1954 bennen—

948 2025 1031 2074 als
1057 2023 1278 2073 hebbende
1304 2022 1442 2068 doors
1468 2021 1607 2067 sulyt
1634 2020 1853 2067 branden,
1880 2017 2018 2064 alles
2044 2016 2183 2062 moet,
2209 2017 2264 2062 en
2292 2017 2430 2064 laten
2456 2019 2622 2067 staen,
2648 2023 2758 2070 daer
2785 2026 2867 2073 het
2894 2024 3060 2073 stondt

949 2147 1117 2194 sonder
1144 2146 1229 2192 dat
1256 2145 1396 2192 ijets
1423 2144 1786 2190 condenbergen,
1813 2143 2009 2189 eenlijk
2036 2139 2288 2187 ijdersigh
2315 2139 2593 2186 evenbesigh
2621 2141 2873 2188 houdende:
2900 2142 3043 2191 omme—

927 2273 957 2319 t
985 2261 1246 2317 packhuijs
1275 2261 1392 2307 daer
1420 2260 1623 2307 Comp.:s
1652 2261 1884 2307 middelen
1913 2261 1971 2306 in
2000 2261 2145 2307 lagen
2174 2263 2290 2309 ende
2318 2264 2435 2310 nogh
2463 2262 2579 2308 niet
2608 2262 2929 2312 aengesteken
2956 2268 3073 2314 was,

936 2388 1055 2437 voor
1084 2391 1173 2438 den
1202 2392 1350 2439 brand
1379 2391 1440 2437 te
1468 2390 1793 2438 preserveren
1822 2389 2207 2436 Jnvongenveele
2236 2389 2355 2435 alle
2384 2390 2503 2436 haer
2532 2392 2769 2439 cledinge
2797 2393 2857 2439 en
2887 2393 3066 2443 depen„

907 2500 1127 2553 „dentie
1157 2509 1407 2556 vandien,
1438 2508 1563 2553 daer
1594 2508 1657 2554 by
1687 2509 1969 2556 verlooren
1999 2508 2218 2554 welcken
2249 2509 2405 2557 brand
2436 2512 2531 2560 tot
2561 2516 2657 2564 den
2686 2521 2751 2570 /.

806 2645 902 2697 9:e
931 2643 1210 2691 'smorgens
1240 2641 1642 2689 continueerden
1673 2641 1981 2688 eerlenuijt
2011 2640 2228 2687 cregen,
2258 2638 2352 2687 als
2382 2636 2600 2683 wanneer
2628 2638 2846 2687 oirsake
2876 2642 3076 2695 namen:

937 2764 1067 2810 omme
1099 2763 1164 2809 te
1196 2761 1488 2809 versoeken
1519 2759 1650 2805 onse
1682 2759 1877 2805 pagger
1907 2756 2007 2804 wat
2038 2754 2233 2801 verder
2266 2754 2460 2803 achter
2491 2755 2558 2803 en
2590 2753 2817 2800 telijde
2849 2755 3015 2808 warts

935 2876 1036 2925 uyt
1068 2879 1302 2926 mochten
1335 2878 1568 2925 setten:
1601 2878 1668 2923 op
1700 2877 1801 2923 dat
1834 2877 1901 2922 de
1933 2872 2200 2922 gemeense
2232 2870 2366 2916 hare
2398 2868 2666 2915 bamboese
2699 2868 3001 2919 huijskens

928 3007 1021 3058 soo
1050 3005 1170 3052 veel
1200 3004 1379 3050 verder
1407 3002 1499 3049 van
1528 2999 1649 3046 onse
1678 2998 1828 3046 logie
1857 2997 2186 3044 genootsaect
2215 2996 2395 3042 bleven
2424 2994 2485 3040 te
2514 2992 2694 3038 bouwen
2724 2993 2844 3038 waer
2873 2993 2999 3040 door

929 3126 1018 3173 den
1046 3126 1195 3173 brand
1224 3122 1461 3170 eenelijk
1490 3122 1550 3168 in
1579 3122 1757 3170 Comp:s
1784 3121 2023 3170 huysinge
2052 3123 2201 3170 (daer
2229 3126 2348 3173 digh
2377 3124 2791 3173 tachterstonden
2821 3122 3059 3172 genaect)

929 3249 1056 3297 was,
1085 3248 1339 3297 sendende
1369 3242 1747 3292 dierhalvend'
1778 3240 2188 3289 ondercooplijk
2218 3241 2408 3287 Janvan
2438 3242 2721 3293 Riebeecq,
2750 3245 3008 3294 Heijcoop

879 3379 1010 3427 ende
1041 3373 1338 3426 alexander
1369 3371 1468 3417 van
1501 3368 1730 3416 harten,
1763 3367 1927 3414 naden
1958 3368 2352 3420 grootrechter
2385 3374 2648 3422 Ongahaij
2679 3377 2745 3423 en
2778 3377 2942 3427 onsen
2975 3378 3008 3427 —

935 3500 1145 3548 Capado
1180 3500 1531 3549 Ongadingh,
1565 3498 1846 3545 teneynde
1881 3498 2021 3544 sulx
2055 3498 2267 3545 onsent
2301 3500 2443 3547 wege
2476 3504 2618 3552 voor
2651 3507 2758 3555 den
2792 3511 3037 3569 Coningh

918 3622 984 3672 te
1014 3620 1327 3666 versoeken,
1359 3620 1578 3666 deselve
1609 3622 1891 3671 uytgaende
1922 3626 2361 3681 rescontreerden
2391 3637 2454 3684 op
2484 3639 2704 3688 denwegh
2735 3642 2862 3691 voor
2891 3647 3021 3701 gem:

930 3736 1219 3783 ongahaij,
1250 3736 1348 3782 die
1379 3737 1508 3784 sigh
1540 3738 1700 3784 vande
1732 3739 1861 3786 sake
1892 3742 1988 3790 soo
2020 3745 2213 3794 byster
2244 3749 2437 3798 vreemp
2468 3754 2501 3799 t
2533 3755 2661 3803 niet
2692 3758 2885 3807 scheen
2917 3761 3015 3808 te—

926 3854 1164 3905 houden,
1196 3861 1332 3907 ende
1365 3863 1567 3910 seijde
1600 3864 1804 3912 tegens
1836 3867 2142 3919 denavondt
2173 3876 2444 3928 terlogie
2477 3882 2848 3930 komenwilde:
2881 3880 3016 3926 omme

2617 4033 2938 4083 naerder
