3505 4801
2753 466 2933 524 1012

910 605 1368 658 scheepkens
1410 614 1683 660 (:naer
1728 613 2002 660 gamron
2046 616 2591 663 genavigeert,
2635 615 2954 663 welckes

925 699 1163 749 cargo
1209 699 1353 747 tot
1399 702 1637 748 heden
1683 694 1874 746 niet
1916 693 2157 740 hebbe
2203 692 2489 738 connen
2536 686 2920 740 vernemen

904 798 1086 850 noch
1129 796 1219 843 te
1263 790 1398 840 wat
1441 775 1889 834 sorteringe
1933 773 2245 821 cleeden
2290 773 2424 819 met
2468 769 2647 818 onse
2691 766 3049 815 scheepen

906 912 995 961 op
1034 900 1295 957 vracht
1335 891 1509 943 naer
1551 886 1810 935 parsia
1852 867 2324 930 overgevoert
2367 861 2582 911 sijn,
2623 861 2710 907 d'
2752 852 2970 905 wijle

903 1021 1048 1071 den
1092 996 1575 1066 gouverneur
1620 989 1767 1041 jnt
1812 981 2248 1034 vertollen
2292 981 2439 1028 der
2484 969 2775 1025 selver

923 1136 1107 1183 niet
1152 1129 1430 1181 anders
1474 1118 1614 1171 als
1652 1107 1752 1159 do
1796 1100 2074 1148 packen
2119 1096 2258 1146 van
2300 1079 2580 1138 ijeder
2626 1075 2952 1123 coopman

922 1241 1070 1291 int
1117 1236 1314 1284 gros
1356 1233 1557 1283 voor
1605 1227 1752 1277 een
1800 1221 2191 1270 seeckere
2240 1219 2484 1267 somme
2532 1204 3020 1264 getacxeert

900 1350 1158 1401 heeft
1210 1339 1623 1393 welckes,
1673 1331 2036 1383 taxatie
2086 1322 2294 1374 oocq
2342 1318 2448 1366 jn
2498 1310 2867 1361 gemelte

954 1445 1396 1499 notietie
1427 1428 2057 1489 g'annoteert
2111 1427 2388 1474 staat

907 1666 997 1721 In
1038 1660 1165 1707 een
1207 1656 1587 1705 versegelt
1629 1652 1883 1700 kasken
1925 1652 2010 1697 No
2052 1649 2137 1697 29
2179 1643 2432 1694 werden
2474 1641 2686 1687 ued=e
2728 1641 3068 1688 toegeson

915 1762 1007 1810 de
1050 1750 1370 1804 negotie
1413 1744 1733 1793 boecken
1777 1739 1914 1788 van
1959 1735 2277 1783 suratte
2321 1730 2550 1780 Agra,
2592 1727 2776 1774 ende
2822 1726 3004 1774 ama„

894 1855 1182 1920 „dabat
1226 1847 1371 1897 met
1418 1844 1514 1892 d'
1560 1837 1798 1887 logie
1846 1836 2036 1882 ende
2082 1830 2368 1881 oncost
2413 1814 2795 1872 Boeckjes
2841 1808 2938 1858 op

912 1976 1014 2028 op
1030 1952 1359 2013 ultimo
1397 1939 1656 1995 meijo
1700 1934 1755 1980 a
1799 1927 2152 1981 pascado
2196 1921 2400 1972 naer
2447 1901 2946 1965 jaerlijcks

900 2061 1304 2140 gewoonte
1345 2042 1801 2100 geslooten
1839 2035 2052 2086 waer
2100 2029 2252 2078 Bij
2298 2024 2502 2073 mede
2543 2019 2650 2067 de
2693 2002 3048 2061 jongste

902 2185 1252 2251 negotie
1267 2158 1699 2219 Boeckjes
1747 2149 1899 2201 van
1946 2142 2199 2193 mocha
2248 2136 2349 2186 en
2397 2122 2599 2178 dach
2643 2109 3048 2163 register

925 2307 1068 2362 van
1111 2293 1254 2348 dit
1298 2275 1674 2338 Comptoir
1719 2254 2094 2318 gevoecht
2139 2243 2374 2297 sijn,
2410 2238 2561 2287 ter
2608 2220 3035 2281 gelegener

908 2417 1096 2479 tijt
1139 2406 1279 2459 sal
1322 2387 1598 2448 gaerne
1643 2372 2056 2431 vernemen,
2100 2370 2239 2417 dat
2283 2357 2513 2412 alles
2557 2343 2880 2400 Correct

924 2517 1436 2603 Bevonden
1494 2497 1626 2554 is

855 2770 1064 2834 Ed=e
1113 2761 1473 2814 Heeren.
1523 2757 1677 2807 hoe
1727 2755 1880 2801 wel
1930 2740 2493 2800 taenstaende
2544 2737 2748 2785 Jaer
2794 2736 3003 2784 mijn

904 2874 1089 2929 drie
1134 2866 1451 2917 Jaerich
1492 2854 1813 2910 verbant
1857 2846 2039 2896 gaet
2080 2829 2492 2891 expireren
2536 2827 2718 2874 ende
2762 2821 2900 2871 wel

903 2980 1150 3041 soude
1194 2957 1738 3021 jnclineeren
1785 2950 1885 3000 om
1930 2940 2130 2993 mijn
2179 2934 2375 2983 naer
2422 2932 2523 2979 't
2571 2926 2866 2974 patria

907 3096 1004 3148 (:
1041 3078 1237 3136 daer
1283 3069 1424 3119 van
1469 3063 1564 3113 nu
1609 3048 1985 3106 weijnich
2031 3046 2172 3093 min
2218 3045 2360 3091 als
2384 3040 2499 3089 20
2545 3038 2827 3085 jaeren

904 3179 1220 3244 absent
1269 3157 1635 3221 geweest
1686 3152 1895 3201 ben)
1947 3150 2103 3197 ter
2154 3138 2884 3194 Transporteeren

904 3302 1055 3356 soo
1101 3286 1352 3343 hebbe
1399 3269 1700 3328 echter
1742 3249 2147 3312 presendt
2195 3244 2444 3293 mijne
2491 3236 3041 3289 verlossinge

904 3403 1063 3454 aen
1114 3390 1380 3447 uedts
1432 3379 1644 3431 niet
1696 3365 2013 3423 connen
2065 3352 2646 3406 versoecken,
2699 3349 2917 3397 maer

906 3499 1104 3561 mijn
1151 3476 1490 3541 genegen
1538 3462 1925 3519 gevonden
1973 3460 2070 3506 (:
2118 3452 2408 3504 jndien
2448 3445 2650 3496 mijn
2697 3435 2988 3490 dienst

891 3607 1154 3671 uEd=s
1202 3577 1672 3648 aengenaam
1720 3568 1880 3620 is)
1931 3562 2087 3610 een
2137 3551 2347 3605 jaer
2397 3543 2709 3593 langer
2761 3541 2920 3588 te—

907 3690 1541 3768 continueeren
1593 3683 1699 3732 om
1750 3676 2069 3726 uEd=le
2120 3663 2438 3721 gunste
2490 3651 3020 3705 tmijwaerts

915 3803 1262 3864 meerder
1302 3794 1409 3845 te
1452 3770 1952 3837 capteeren,
2000 3765 2198 3813 ende
2245 3764 2396 3810 een
2442 3750 2939 3811 favbrabile

911 3901 1320 3972 antwoort
1369 3895 1472 3943 op
1519 3882 1776 3936 mijne
1825 3871 2335 3926 ootmoedige
2385 3857 2944 3917 supplicatie

915 4025 1062 4083 van
1107 4013 1348 4067 uEd=s
1393 4005 1492 4056 te
1538 3985 2017 4048 verwerven,
2060 3984 2304 4031 welck
2351 3982 2447 4029 is
2493 3976 2639 4026 dat
2686 3974 2973 4027 uEd=ls

924 4123 1120 4179 mijn
1165 4104 1555 4165 gelieven
1603 4099 1750 4148 het
1797 4082 2283 4141 tractement
2330 4078 2574 4126 vande
2619 4078 3060 4125 voorgaend

910 4227 1386 4299 directeurs
1430 4215 1623 4271 vant
1668 4204 1907 4259 begin
1952 4193 2286 4247 mijnder
2331 4186 2759 4239 successie
2804 4176 2949 4231 toe

2684 4411 2914 4472 Ce

837 1688 879 1739 E

0 2231 184 2278 oors

0 2657 38 2708 v

0 2944 207 2993 schen
