3642 4883
871 535 1165 589 october
1204 544 1330 591 Ao.
1370 539 1539 590 1645

1367 768 1439 815 ter
1461 761 1769 812 behoorlijcker
1791 760 1863 806 tyt
1885 758 2122 805 aengecomen
2146 758 2335 804 Invougen
2358 760 2476 808 Alles
2499 764 2594 810 naer
2617 765 2760 813 wensch
2781 769 2900 816 (gode
2923 769 2995 815 sij
3017 771 3112 818 loff
3135 772 3419 820 gesuccedeert

1357 874 1444 925 ende
1465 874 1675 921 afgehoopen
1695 876 1759 922 de,
1777 875 1905 922 sonder
1926 874 1989 920 dat
2009 873 2094 919 niet
2114 873 2199 919 meer
2219 874 2282 919 als
2302 873 2367 918 een
2387 874 2534 920 persoon
2554 874 2618 919 van
2638 875 2680 920 d'
2701 874 2785 920 onse
2805 873 2890 919 door
2910 871 3037 919 quaede
3057 871 3246 918 toesight,
3267 873 3332 920 end

1356 985 1709 1040 onversichticheyt
1728 982 1796 1030 met
1817 981 1884 1027 een
1905 980 1971 1026 pot
1992 980 2190 1027 boscruijt
2212 982 2278 1027 dat
2299 982 2387 1028 door
2409 981 2474 1028 een
2496 980 2562 1026 van
2583 979 2628 1025 8'
2649 977 2825 1024 vyjandts
2846 975 2956 1021 volcq
2976 973 3021 1020 in
3043 972 3174 1018 brandt
3196 969 3415 1017 gesteecken

1363 1106 1514 1152 wiert,
1537 1097 1740 1150 weijnich
1763 1091 2041 1141 beschadight
2065 1092 2266 1137 geworden
2290 1090 2343 1137 Is

1307 1265 1565 1324 gemelte
1601 1262 1674 1309 30
1710 1254 2038 1307 persoonen
2074 1251 2292 1300 vanden
2327 1250 2583 1300 vijandt
2619 1251 2728 1298 ter
2763 1252 2946 1299 neder
2981 1247 3204 1296 gevelt

1350 1366 1392 1411 d'
1412 1362 1621 1411 resterende
1641 1361 1684 1407 op
1704 1362 1746 1407 de
1767 1361 1892 1407 vlught
1912 1360 2101 1406 geraeckt,
2122 1361 2205 1407 ende
2226 1362 2309 1407 omme
2330 1362 2477 1409 d'selve
2497 1363 2623 1409 Verder
2642 1362 2686 1408 te
2705 1360 2894 1408 vervolgen
2914 1359 2977 1405 bij
2998 1358 3061 1404 den
3080 1353 3290 1402 luijtenam,
3310 1352 3352 1398 en
3373 1352 3394 1397 —

1349 1469 1542 1518 d'verdere
1563 1468 1713 1514 erijghs
1733 1464 1948 1513 offecieren
1968 1462 2055 1509 niet
2076 1462 2270 1507 raedtsaem
2290 1463 2483 1510 g'ordeelt
2504 1464 2655 1510 sijnde,
2675 1465 2719 1510 te
2739 1463 2825 1509 meer
2847 1462 2975 1508 eenige
2997 1461 3061 1507 van
3082 1461 3125 1506 d'
3146 1458 3232 1506 onse

1349 1576 1440 1624 haer
1462 1574 1596 1621 geweer
1618 1573 1685 1619 ten
1707 1572 1930 1619 meerendeel
1951 1571 2019 1617 aen
2041 1568 2197 1616 stucken
2218 1566 2420 1613 gehouden,
2441 1566 2531 1612 ende
2553 1567 2597 1612 In
2618 1565 2687 1612 dit
2708 1564 2865 1610 geveght
2886 1561 2976 1608 (dat
2997 1556 3154 1605 omtrent
3176 1555 3243 1601 een
3263 1552 3354 1600 uijt

1348 1682 1652 1736 continueerde)
1674 1681 1883 1729 Vermoeijt
1906 1680 2046 1726 waren,
2068 1680 2161 1726 ende
2184 1679 2230 1725 d'
2253 1678 2462 1724 geruchten
2485 1676 2624 1723 liepen
2647 1675 2810 1720 meerder
2832 1674 2949 1720 Volcq
2970 1671 3111 1719 vanden
3132 1663 3297 1715 Vijandt
3316 1659 3372 1707 af

1351 1803 1397 1851 te
1418 1802 1528 1848 comen
1549 1798 1702 1847 stondt,
1724 1798 1811 1843 syjn
1832 1794 2117 1842 gesamentlijck
2138 1790 2336 1838 (alvorens
2357 1789 2401 1835 't
2420 1787 2619 1835 ganetsche
2640 1786 2728 1832 dorp
2750 1782 2946 1831 bestaende
2968 1781 3034 1827 ten
3055 1775 3319 1825 principaelen
3339 1776 3361 1822 —

1352 1919 1398 1965 In
1418 1912 1557 1964 stroij
1577 1906 1783 1955 huijsjens
1805 1905 1986 1952 Inbrandt
2008 1901 2257 1950 gesteecken,
2279 1901 2370 1947 ende
2392 1900 2483 1946 twee
2505 1895 2731 1944 gevangenen
2754 1893 2890 1940 eenige
2912 1890 3071 1938 hoofden
3092 1889 3161 1934 der
3182 1886 3323 1935 dooden

1345 2028 1422 2078 als
1443 2021 1592 2071 andere
1615 2015 1886 2066 prunderagie
1910 2008 2179 2059 namentlijck
2203 2008 2252 2053 10
2276 2005 2399 2053 roers
2423 2005 2447 2050 „
2472 2005 2521 2051 17
2545 2004 2717 2050 degens,
2739 2002 2790 2048 13
2813 1998 2986 2047 picken,
3009 1999 3034 2044 1
3057 1994 3206 2044 boogh,
3227 1988 3279 2036 en
3302 1987 3330 2034 —

1353 2134 1487 2181 eenige
1506 2127 1642 2178 pijlen
1663 2124 1753 2172 mede
1775 2120 1953 2168 genomen,
1975 2118 2153 2164 hebben:)
2174 2117 2242 2163 van
2263 2116 2353 2162 daer
2375 2115 2620 2161 Vertrocken,
2642 2114 2731 2160 ende
2753 2111 2887 2159 binnen
2908 2109 3042 2155 'tfort
3062 2104 3220 2154 Geldria
3242 2104 3267 2150 —

1346 2232 1666 2293 geretourneert
1690 2230 1764 2276 als
1787 2227 1959 2274 wanneer
1983 2226 2130 2272 doord'
2154 2226 2204 2271 E.
2225 2222 2277 2269 H.
2301 2221 2325 2266 r
2349 2218 2594 2267 Gouverneur
2616 2218 2667 2264 op
2691 2215 2813 2263 stont
2837 2210 3033 2259 bevolen,
3056 2208 3106 2255 en
3130 2195 3425 2252 g'ordonneert

1349 2345 1505 2394 wierdt,
1525 2341 1572 2388 d'
1591 2337 1683 2384 mede
1704 2333 1860 2382 gebragh
1882 2333 1927 2378 te
1949 2329 2127 2378 hooffden
2149 2327 2261 2374 dicht
2281 2324 2439 2371 buijten
2460 2324 2505 2370 d'
2527 2325 2639 2371 stadt
2660 2324 2727 2370 aen
2749 2320 2927 2369 seeckere
2949 2317 3061 2365 tancq
3082 2313 3172 2361 Voor
3193 2309 3261 2357 den
3281 2305 3372 2353 Vyam

1341 2454 1410 2505 tot
1429 2450 1497 2498 een
1518 2446 1716 2495 spectaeel
1737 2444 1803 2490 ten
1825 2441 1956 2489 thoone
1977 2439 2022 2485 te
2042 2432 2219 2483 stellen,
2240 2430 2328 2476 omme
2349 2428 2437 2475 onse
2459 2426 2634 2473 Intentie
2656 2424 2744 2471 (die
2765 2423 2831 2469 met
2852 2421 2940 2468 haer
2961 2419 3050 2466 mede
3071 2416 3181 2463 inden
3200 2413 3268 2461 sin
3289 2404 3443 2457 hebben)

1341 2556 1530 2607 daermede
1553 2554 1601 2600 te
1621 2548 1765 2597 kennen
1786 2547 1835 2592 te
1857 2543 1999 2592 geven,
2022 2541 2117 2587 want
2139 2537 2234 2585 dese
2256 2533 2375 2581 natie
2398 2531 2492 2578 (die
2514 2529 2586 2575 onw
2608 2528 2680 2574 den
2702 2524 2868 2573 anderen
2891 2522 3056 2569 'tleven
3077 2520 3126 2567 te
3149 2518 3338 2565 benemen—

1337 2667 1412 2719 een
1433 2656 1602 2710 grouwel
1623 2653 1673 2700 en
1695 2645 1863 2698 schrick
1885 2643 2029 2689 hebben
2052 2643 2076 2688 )
2099 2641 2243 2688 andero
2265 2636 2504 2685 presumeren
2527 2635 2599 2680 end
2622 2632 2717 2679 haer
2740 2630 2860 2677 laten
2883 2625 3097 2674 voorstaen
3119 2619 3264 2669 souden

1340 2779 1413 2830 wij
1434 2774 1483 2822 't
1503 2767 1598 2817 mede
1620 2762 1714 2811 niet
1736 2759 1807 2806 ten
1828 2751 1993 2803 vechten
2016 2751 2085 2796 met
2108 2749 2202 2796 haer
2225 2746 2434 2794 meijnden,
2456 2743 2550 2791 ende
2573 2740 2806 2787 dienvolgen
2827 2737 2876 2784 de
2898 2732 3085 2781 couragie
3107 2730 3201 2777 niet
3223 2727 3366 2774 hadden

1335 2887 1456 2935 sulcx
1480 2884 1577 2932 in't
1600 2882 1721 2928 wercq
1743 2879 1793 2926 te
1816 2877 2009 2923 stellen,
2032 2873 2129 2921 maer
2153 2872 2201 2917 nu
2224 2870 2297 2916 ter
2321 2868 2538 2915 contrarie
2562 2865 2874 2913 ondervindende
2898 2862 2995 2909 ende
3017 2857 3091 2906 dat
3113 2853 3186 2901 met
3210 2839 3403 2898 Weyjnige

1339 3009 1461 3060 macht
1483 3008 1508 3053 (
1531 2997 1840 3052 gelijckerwijs
1863 2996 1934 3041 dit
1957 2993 2124 3041 geweest
2147 2992 2195 3038 b:
2218 2991 2243 3036 )
2266 2989 2361 3036 haer
2384 2987 2456 3033 soo
2479 2984 2575 3031 hart
2597 2979 2741 3029 hebben
2762 2975 2883 3024 Comen
2906 2973 3167 3019 bestoocken,
3189 2970 3239 3017 ds
3259 2959 3381 3014 Welte

1329 3120 1482 3174 duchten
1502 3112 1676 3164 voortaen
1696 3105 1848 3156 meerder
1868 3099 1977 3149 Vrees
1998 3098 2149 3144 hebben,
2171 3098 2257 3144 ende
2278 3097 2387 3143 beter
2407 3098 2451 3143 op
2471 3094 2558 3142 haer
2579 3089 2688 3139 hoede
2708 3088 2752 3133 en
2773 3085 3011 3132 uytvluchten
3031 3083 3162 3130 letten
3182 3077 3313 3127 sullen

1326 3239 1399 3284 den
1424 3233 1669 3284 aanogenden
1693 3229 1791 3277 l'od
1815 3226 1865 3273 sy
1889 3223 1987 3269 over
2011 3221 2109 3267 dese
2133 3217 2354 3266 weldaedt,
2377 3214 2452 3262 die
2476 3213 2550 3259 ten
2574 3208 2747 3257 dienste
2768 3205 2820 3251 en
2842 3201 3016 3250 respect
3038 3199 3113 3245 van
3137 3198 3187 3244 E:
3211 3196 3334 3242 Comp.
3358 3196 3398 3243 e

1335 3360 1384 3407 en
1400 3353 1598 3408 affrducg
1619 3346 1741 3397 onsen
1764 3344 1836 3390 vij
1859 3342 1932 3388 aet
1955 3336 2195 3388 getescheet
2218 3335 2290 3382 de,
2314 3335 2386 3380 ten
2410 3332 2625 3380 hoochsten
2649 3329 2816 3377 gelooft
2839 3325 2936 3374 ende
2960 3318 3175 3370 gedanckt,

1219 3519 1305 3576 do.
1330 3511 1465 3561 heeft
1489 3505 1571 3554 den
1597 3502 1758 3549 Vyandt
1784 3497 1998 3546 omtrendt
2024 3497 2318 3544 palliacatta
2345 3496 2425 3543 met
2451 3493 2745 3541 Vierwercken
2771 3494 2932 3540 naerd'
2958 3493 3093 3539 stadt
3118 3495 3172 3540 te
3198 3495 3413 3544 schieten

1340 3623 1439 3673 mede
1462 3616 1609 3667 doenee
1632 3610 1827 3660 geweest,
1851 3608 1948 3655 ende
1972 3606 2070 3652 door
2092 3603 2264 3651 ongeval
2288 3602 2361 3648 den
2385 3599 2580 3647 schilder
2603 3600 2677 3646 die
2700 3601 2774 3648 aen
2797 3602 2871 3648 sin
2894 3603 3016 3650 wercq
3039 3604 3186 3650 stonet
3207 3601 3308 3650 omme

1334 3735 1383 3783 te
1405 3725 1617 3779 arbeijden
1639 3720 1898 3769 getreffende
1920 3719 1969 3765 in
1991 3719 2062 3765 syn
2084 3719 2179 3765 been
2201 3717 2413 3764 gequetst,
2435 3715 2507 3762 dat
2529 3712 2624 3759 naer
2647 3712 2741 3757 alle
2764 3710 2998 3758 apparentie
3022 3707 3209 3755 Vernuets
3232 3699 3444 3751 teenemael

1335 3844 1410 3892 tot
1432 3838 1558 3889 boven
1581 3835 1657 3882 toe
1678 3827 1952 3878 vermierselt
1976 3827 2050 3873 is,
2073 3825 2149 3871 sal
2173 3823 2321 3869 moeten
2346 3820 2543 3868 afgeseth
2567 3813 2716 3865 werden

1143 4004 1204 4055 Ag
1226 3994 1288 4046 d.
1314 3990 1347 4038 o
1367 3991 1541 4041 become
1569 3989 1824 4036 schrijven
1851 3988 1937 4034 van
1965 3988 1994 4033 m
2022 3987 2306 4035 odrespatam
2332 3985 2419 4030 van
2447 3984 2532 4030 een
2560 3982 2900 4030 Ondercoopman
2928 3980 2985 4026 Pr
3013 3976 3185 4025 Willem
3210 3977 3299 4026 Pum

1338 4097 1501 4144 daerbij
1523 4094 1802 4143 onderanderen
1825 4093 2059 4140 adviseert,
2079 4095 2149 4142 hoe
2172 4095 2219 4140 't
2242 4094 2382 4140 engels
2403 4094 2520 4140 Jacht
2543 4094 2752 4140 d'aeviso:
2774 4092 2960 4139 weijnich
2983 4088 3099 4136 dagen
3122 4084 3331 4132 Verleden—

1339 4210 1453 4258 naer
1479 4202 1793 4253 masulipatam
1821 4200 1907 4246 van
1933 4198 2048 4244 daer
2077 4198 2361 4244 Vertrocken
2389 4198 2474 4243 Was
2502 4198 2588 4243 met
2614 4196 2871 4243 Bogenemen
2898 4194 2985 4241 Van
3013 4193 3301 4241 Masulwatai
