3642 4883
1185 719 1575 775 Septembr.
1618 710 1792 764 Anno
1831 695 2009 750 1645

1249 905 1390 957 meijde
1412 903 1483 950 als
1505 902 1575 948 int
1598 900 1714 947 Copia
1737 894 1969 944 briefboeck
1991 890 2178 938 beooght,
2200 890 2270 935 kan
2293 890 2432 936 werden
2455 890 2595 936 sijnde
2616 889 2780 936 gemelte
2803 890 2919 936 Jacht
2942 889 3104 936 beladen
3127 888 3197 933 met
3215 882 3267 933 de

1274 1003 1568 1057 vereijschte
1594 996 1993 1047 Coopmanschappen
2018 994 2099 1040 tot
2125 993 2312 1039 proghes
2338 994 2498 1040 vanden
2524 994 2684 1041 handel
2709 991 2976 1038 Indelanden
3002 990 3083 1036 van
3109 984 3269 1036 Madure

1275 1119 1373 1169 ende
1394 1107 1684 1163 g'ordonneert
1707 1105 1756 1151 in
1780 1102 1948 1150 palsant
1972 1100 2116 1147 Carcal
2140 1099 2212 1145 aen
2235 1099 2283 1144 te
2307 1099 2428 1147 doen,
2451 1100 2548 1147 omme
2571 1101 2643 1146 Van
2666 1098 2763 1145 daer
2787 1098 2931 1144 Voorts
2955 1097 3146 1144 desselfs
3170 1098 3411 1146 gebreecken

1270 1231 1375 1282 last
1397 1226 1476 1274 met
1500 1221 1604 1270 rijs
1628 1213 1936 1266 gesusvleert,
1960 1210 2012 1257 in
2037 1205 2268 1255 Compagnia
2293 1204 2369 1249 van
2395 1204 2446 1249 't
2471 1201 2752 1249 fluijtschip
2778 1200 2855 1246 den
2880 1200 3059 1245 Conincq
3084 1199 3161 1245 van
3186 1199 3316 1247 Polen
3338 1203 3369 1251 —

1273 1345 1412 1395 nevens
1433 1341 1503 1389 den
1524 1332 1798 1385 oppercoopman
1820 1330 1912 1376 S.r.
1933 1326 2093 1375 Aeriaen
2116 1323 2253 1371 Vander
2275 1320 2412 1368 Meijde
2434 1319 2480 1365 (:
2503 1317 2594 1364 omme
2616 1315 2685 1361 den
2708 1314 2753 1360 H.
2775 1314 2799 1359 e
2821 1309 3026 1358 ouverneur
3049 1307 3140 1354 Joan
3162 1303 3369 1351 Chijssen—

1274 1450 1564 1508 Communicatie
1586 1447 1684 1495 ende
1707 1441 1900 1491 openingh
1924 1438 2044 1486 wegen
2066 1436 2140 1482 den
2163 1433 2308 1480 handel
2332 1432 2428 1478 inde
2452 1429 2596 1477 landen
2619 1426 2693 1473 Van
2714 1422 2860 1470 Madure
2883 1420 3052 1467 gedaen,
3076 1420 3124 1465 en
3147 1418 3244 1465 sich
3267 1411 3365 1462 miet

1249 1573 1330 1623 syn
1354 1570 1407 1617 E.
1431 1560 1587 1614 Advijs
1612 1552 1870 1604 versterckt
1896 1548 2077 1597 hebben)
2102 1547 2205 1592 naer
2231 1542 2489 1592 Caijepatam
2514 1541 2618 1588 omme
2643 1537 2798 1586 aldaer
2822 1531 3004 1582 plaesse
3029 1529 3082 1575 te
3107 1523 3340 1574 beghrypen

1269 1671 1370 1722 ende
1394 1668 1468 1715 ons
1491 1665 1542 1712 te
1565 1659 1763 1709 vestigen
1786 1656 1837 1703 te
1859 1638 2108 1700 vertrecken

1042 1861 1094 1908 An
1116 1856 1170 1904 29
1194 1852 1271 1900 d=o
1292 1840 1447 1895 become
1471 1834 1573 1884 voor
1599 1831 1877 1879 waerachtige
1901 1830 1953 1876 en
1976 1823 2180 1874 seeckere
2205 1820 2332 1868 nopos
2357 1818 2434 1865 hoe
2458 1816 2534 1861 dat
2558 1814 2610 1861 s.
2634 1813 2660 1858 t
2686 1812 3065 1860 Thomehondtsomme
3090 1808 3243 1858 beseth

1271 1949 1338 1996 Is,
1357 1945 1425 1993 soo
1444 1939 1512 1988 dat
1533 1937 1621 1984 geen
1642 1934 1817 1982 goederen
1838 1932 1970 1979 nochte
1991 1924 2253 1977 maintementos
2275 1922 2363 1969 uijt
2383 1920 2428 1967 't
2450 1917 2559 1965 landt
2580 1911 2712 1961 Cunnen
2733 1910 2864 1956 Comen,
2885 1909 2973 1955 ende
2995 1908 3126 1954 hebben
3147 1909 3322 1954 dagelicx

1269 2049 1341 2095 met
1362 2046 1412 2092 't
1433 2040 1555 2091 Volcq
1577 2037 1650 2085 van
1673 2031 1912 2081 Babalachan
1935 2027 2318 2076 geschermitseert,
2339 2026 2413 2073 den
2436 2022 2627 2071 generael
2651 2021 2699 2067 so
2722 2019 2818 2066 omme
2841 2018 2937 2064 alle
2960 2014 3151 2063 onlusten
3173 2012 3227 2059 te

1260 2147 1545 2207 verhinderen,
1566 2143 1662 2191 ende
1685 2141 1733 2188 d'
1754 2137 1897 2185 saecke
1919 2136 1967 2182 af
1991 2135 2038 2181 t'
2060 2131 2249 2179 handelen
2271 2128 2343 2176 Van
2366 2123 2578 2172 resolutie
2600 2118 2789 2167 gewerden
2812 2116 3024 2163 seeckeren
3047 2113 3165 2161 Padre
3188 2109 3330 2158 nevens

1236 2251 1530 2320 schenckagie
1554 2240 1741 2294 naerden
1766 2235 1952 2284 Coninck
1977 2231 2057 2278 aff
2083 2229 2137 2275 te
2162 2224 2428 2274 Veerdigen,
2453 2226 2559 2272 doch
2585 2227 2638 2272 op
2663 2226 2744 2272 den
2770 2224 2876 2271 Wech
2901 2221 3061 2269 syjnde
3086 2219 3246 2265 hebben
3270 2212 3354 2264 die

1273 2364 1342 2411 van
1363 2352 1570 2409 Ponemoeij
1590 2346 1775 2396 gemelten
1796 2342 1912 2390 paere
1934 2341 1980 2387 en
2002 2339 2071 2385 syn
2093 2336 2163 2384 byj
2185 2331 2368 2381 hebbende
2390 2330 2574 2376 dienaers
2596 2328 2825 2376 overvallen
2846 2327 2939 2373 ende
2961 2322 3258 2372 gevanckelijck
3279 2318 3372 2367 Inde

1260 2471 1439 2524 sterckte
1459 2467 1528 2515 van
1548 2457 1794 2511 Doenemoelij
1815 2451 2016 2501 gebraght,
2039 2449 2106 2496 van
2126 2443 2328 2493 gelijcken
2348 2441 2394 2487 d'
2416 2437 2661 2486 schenckagie
2682 2433 2883 2481 geroofft,
2904 2433 2994 2478 dier
3016 2433 3083 2478 den
3105 2432 3194 2478 Cap.
3214 2431 3239 2477 n
3259 2429 3286 2476 —

1262 2588 1352 2637 9ure
1372 2578 1552 2631 voorwint
1573 2573 1753 2622 hierover
1775 2569 1865 2618 seer
1886 2560 2133 2613 g'sruiteert
2154 2555 2311 2604 sijnde,
2330 2549 2445 2600 heeft
2465 2545 2557 2594 sijn
2577 2541 2669 2590 soon
2690 2538 2825 2585 nevens
2846 2534 3004 2582 sommige
3024 2527 3252 2579 toepassen,

1263 2693 1364 2747 ende
1388 2691 1437 2737 s'
1458 2683 1677 2734 senbieven
1700 2679 1798 2727 naer
1821 2675 1942 2723 trume
1966 2670 2135 2719 necanij
2158 2668 2280 2714 synde
2304 2666 2376 2713 een
2399 2663 2545 2710 plaets
2568 2657 2738 2708 omtrent
2760 2655 2786 2701 ¼
2808 2649 2906 2699 mijl
2928 2643 3003 2693 van
3026 2642 3074 2687 S.
3098 2642 3123 2687 t
3145 2633 3268 2685 Thome

1266 2801 1458 2857 gesonden
1480 2797 1576 2844 omme
1599 2796 1647 2841 't
1670 2792 1789 2841 hooft
1811 2790 1884 2836 der
1906 2786 2049 2834 mooren
2072 2783 2238 2830 (aldaer
2262 2783 2333 2828 met
2356 2780 2427 2827 syn
2451 2777 2570 2825 macht
2591 2770 2782 2821 gelehert
2805 2764 2995 2814 leggende
3017 2762 3090 2808 met
3112 2755 3289 2806 omtrent

1268 2930 1340 2979 100
1360 2918 1503 2973 mannen
1525 2915 1573 2962 t'
1596 2910 1855 2959 overvallen,
1876 2909 1971 2956 ende
1994 2904 2182 2953 gevangen
2204 2901 2252 2948 te
2275 2900 2416 2946 nemen,
2439 2899 2510 2945 den
2533 2898 2626 2944 moor
2650 2896 2744 2943 dese
2766 2892 2907 2940 troupe
2929 2888 3025 2937 niet
3046 2883 3237 2932 Cunnende
3258 2885 3282 2930 —

1275 3033 1549 3090 wederstaen,
1573 3030 1648 3077 was
1671 3028 1722 3074 al
1745 3024 1968 3073 Vechtende
1992 3022 2190 3069 gevlught
2214 3021 2288 3067 soo
2313 3019 2412 3066 naer
2435 3019 2510 3065 den
2534 3017 2659 3064 Wegen
2682 3016 2757 3063 van
2781 3006 3053 3061 madrespatam
3075 2999 3151 3049 Als
3173 2989 3324 3042 eldels

1263 3156 1361 3204 ende
1383 3151 1458 3200 syn
1481 3148 1530 3194 d'
1553 3140 1795 3192 portugesen
1819 3137 1940 3185 Alboo
1963 3135 2085 3182 Weder
2108 3134 2158 3179 in
2181 3134 2230 3181 S.
2253 3134 2279 3180 t
2301 3131 2423 3178 Thome
2447 3130 2641 3178 gekeert,
2664 3131 2834 3178 presens
2858 3125 3076 3176 vergadert
3098 3122 3173 3169 den
3196 3123 3225 3168 —

1260 3267 1366 3319 Moor
1389 3260 1575 3310 meerder
1600 3255 1758 3304 machts
1784 3252 1889 3300 omme
1914 3251 1994 3297 hem
2019 3250 2073 3296 te
2097 3247 2413 3293 revengieren,
2439 3248 2518 3293 het
2544 3247 2675 3293 Volcq
2699 3246 2780 3291 van
2805 3235 2989 3290 sasadre
3013 3223 3172 3279 hebben
3197 3218 3278 3267 een

1270 3376 1440 3428 Conincx
1464 3372 1585 3420 brief
1607 3369 1657 3416 in
1680 3368 1777 3414 S.t.
1801 3367 1922 3413 Thome
1944 3366 2162 3412 gebraght,
2185 3362 2451 3411 vermeldende
2475 3362 2596 3408 moest
2619 3359 2812 3407 beleften
2834 3354 2981 3404 eenige
3003 3343 3318 3398 moauntementos

1266 3497 1357 3545 naer
1378 3488 1626 3542 pallurcatta
1647 3481 1827 3532 gevoehet
1850 3481 2007 3527 Werden,
2028 3480 2097 3527 den
2119 3480 2209 3525 Cap.
2231 3480 2254 3525 n
2275 3479 2411 3525 maer't
2433 3477 2545 3524 lesen
2568 3477 2635 3522 des
2657 3476 2792 3522 briefs
2814 3472 2927 3520 heeft
2947 3468 3016 3516 den
3038 3460 3197 3512 brenger

1263 3611 1361 3660 uijt
1383 3608 1433 3655 d'
1455 3605 1577 3652 stadt
1600 3599 1842 3649 verjaeght,
1865 3595 2058 3643 gisteren
2080 3593 2179 3640 doen
2202 3593 2251 3638 d'
2275 3593 2372 3638 onse
2395 3592 2468 3637 mes
2491 3589 2661 3636 vechten
2684 3585 2829 3634 doende
2852 3580 2974 3629 waren
2997 3578 3121 3625 heeft
3141 3582 3167 3629 —

1246 3731 1418 3785 sasadre
1440 3728 1586 3775 Cruijt
1609 3725 1706 3772 ende
1728 3721 1850 3769 loodt
1873 3718 1946 3765 aen
1968 3713 2115 3763 Mooren
2138 3710 2355 3757 gebonden,
2379 3710 2547 3756 omtrent
2571 3711 2595 3756 5
2617 3709 2644 3756 a
2667 3708 2692 3753 6
2714 3705 2836 3753 dagen
2858 3695 3053 3749 verleden
3074 3685 3197 3738 soude

3100 3770 3186 3817 a

1253 3848 1490 3903 gemelten
1518 3842 1726 3891 sasadre
1755 3840 1844 3886 het
1871 3831 2198 3885 aengehaelde
2227 3829 2345 3876 goet
2374 3829 2464 3876 van
2491 3826 2552 3874 E.
2581 3824 2729 3871 Comp.
2756 3820 2788 3867 e
2814 3811 2935 3863 voor
2961 3807 2994 3854 6
3022 3805 3056 3853 O
3081 3811 3141 3857 E=

1247 3978 1340 4029 aen
1367 3971 1430 4021 d'
1459 3959 1760 4013 Engelschet
1789 3949 2150 4003 overgelevert
2175 3941 2360 3994 hebben

1240 4125 1296 4171 d.
1319 4120 1350 4167 o
1374 4105 1675 4163 retourneert
1701 4100 1864 4149 alhier
1890 4096 1973 4144 van
1998 4091 2055 4140 S.
2079 4088 2109 4135 t
2133 4086 2271 4132 Thome
2297 4084 2488 4132 seecker
2514 4083 2678 4130 mobbel
2703 4075 2868 4126 sijnde
2895 4075 2922 4120 2
2949 4075 2977 4121 a
3003 4076 3030 4121 3
3057 4076 3196 4122 dagen
3219 4080 3247 4127 —

1254 4217 1453 4271 verleden
1476 4213 1553 4261 met
1573 4206 1652 4257 500
1676 4196 1949 4250 palliacatse
1972 4192 2147 4240 pagoden
2171 4191 2246 4237 tot
2269 4189 2593 4237 bewoorderingh
2617 4187 2742 4234 Vande
2766 4185 3113 4232 gebechileerede
3138 4186 3288 4235 Cleden
3310 4191 3340 4239 —

2888 4290 3179 4341 derwaerts
3203 4297 3239 4345 —
