3451 4937
956 303 1233 352 prilis
1279 303 1417 350 ao.
1462 302 1645 353 1646

1135 440 1448 487 affgelopen
1479 442 1574 488 had
1604 443 1699 490 den
1730 446 2012 493 sierwarts
2042 448 2419 504 overgekomen:
2449 459 2575 505 omme
2606 458 2796 507 alhier
2825 463 2889 510 de
2919 466 3139 518 tydinge
3169 471 3233 519 te

1132 551 1365 597 brengen,
1392 551 1567 597 welcke
1595 551 1654 597 de
1682 552 2002 607 geestelijke
2030 561 2234 608 luijden
2262 563 2494 614 droevigh
2523 569 2726 617 genoegh
2754 572 2900 617 valt,
2928 573 2987 618 te
3015 574 3133 621 meer
3160 577 3276 624 daer

1118 660 1238 706 (als
1267 661 1507 710 geseijt)
1537 665 1567 710 6
1597 665 2047 717 papengesneuvelt
2076 673 2196 720 sijn
2225 675 2436 723 wesende
2465 679 2555 727 met
2584 682 2704 729 huin
2734 684 2884 730 seven
2913 684 3125 735 geweest
3153 691 3278 738 waer

1125 770 1224 817 van
1255 773 1288 819 4
1320 774 1386 820 op
1416 776 1578 822 ainam
1611 777 1870 827 gebleven
1901 782 1966 828 en
1998 782 2226 833 dereste
2255 788 2613 841 hiergekomen
2644 796 2839 844 souden
2871 800 3097 849 hebben:
3129 804 3196 851 om

1120 885 1408 934 Jnquisitie
1436 889 1494 935 te
1522 891 1665 939 doen,
1693 893 1779 939 dat
1807 893 1865 938 nu
1893 893 1979 939 een
2007 894 2122 940 Jaer
2150 895 2322 944 achter
2350 900 2694 954 wegenblijft.
2721 910 2751 956 /
2778 911 2951 959 voors.
2978 915 3036 963 z.
3064 917 3265 966 Joncque

1128 1009 1222 1054 soo
1252 1007 1506 1055 vernemen
1536 1010 1725 1058 connen
1756 1013 1851 1058 was
1882 1013 1977 1060 wel
2007 1016 2260 1068 waerdigh
2290 1023 2543 1072 ongeveer
2573 1028 2636 1075 30
2667 1028 2857 1077 kisten
2887 1033 3015 1080 gelt
3043 1036 3264 1085 bestaen

1129 1134 1297 1180 meest
1329 1132 1531 1179 ingoud
1564 1135 1800 1183 veerlen
1832 1139 1900 1186 en
1932 1142 2268 1191 alderhande
2301 1146 2535 1196 stoffen
2569 1151 2669 1197 met
2703 1152 2872 1205 weecq
2901 1161 3173 1216 Capitael

1120 1261 1387 1311 apparent
1420 1261 1519 1306 wel
1551 1261 1619 1309 by
1651 1265 1717 1310 de
1750 1265 1917 1312 soude
1948 1268 2347 1323 getrouckeert
2379 1279 2610 1331 hebben:
2643 1285 2777 1333 omme
2809 1289 2974 1337 aende
3007 1292 3240 1342 Engelse

1124 1401 1301 1447 gelijk
1329 1399 1655 1446 annopassado
1683 1400 1742 1446 te
1771 1400 2038 1452 vercoopen
2066 1409 2155 1455 die
2183 1410 2479 1465 presumenen
2507 1421 2684 1469 aldaer
2714 1424 2861 1471 weder
2890 1426 2979 1472 met
3008 1427 3097 1472 een
3126 1428 3274 1474 schip

1053 1530 1184 1580 wel
1226 1530 1526 1578 mochten
1568 1530 1918 1580 aenkomen

1001 1643 1287 1694 Soowaren
1323 1649 1396 1696 in
1430 1652 1682 1698 macouos
1717 1653 1861 1699 mede
1896 1655 2290 1708 aengelanght
2326 1663 2469 1708 twee
2505 1663 2900 1712 Schepenuijt
2934 1668 3259 1718 vortugael

1134 1753 1221 1801 met
1249 1756 1509 1802 diversche
1536 1757 1795 1804 provisien
1823 1759 1910 1805 als
1938 1761 2398 1817 andrenodigheden,
2426 1773 2512 1819 dat
2540 1774 2656 1821 haer
2684 1777 2800 1824 niet
2827 1780 3000 1829 weyigh
3028 1784 3231 1836 ontseth

1123 1870 1317 1917 hadde,
1349 1870 1607 1917 vantgene
1639 1871 1833 1918 aldaer
1865 1873 2187 1919 gebreecte,

981 1990 1202 2039 Voorsz.
1232 1990 1421 2036 luyden
1453 1990 1641 2037 hadden
1673 1991 1799 2037 mede
1829 1992 1987 2039 weten
2018 1995 2081 2041 te
2111 1997 2364 2045 verhalen
2394 2000 2490 2048 dat
2519 2004 2929 2058 Jegenwoordigh
2959 2014 3054 2061 den
3084 2017 3273 2067 derden

1129 2100 1326 2146 Coningh
1354 2101 1438 2147 van
1466 2102 1607 2149 China
1634 2104 1747 2150 naet
1775 2105 2056 2155 overlyd,en
2083 2110 2252 2159 vanden
2279 2115 2421 2163 ouden
2447 2119 2701 2168 gecroont,
2727 2124 2840 2172 ende
2867 2126 2981 2174 door
3008 2129 3265 2186 denselven

1112 2211 1178 2258 't
1212 2213 1511 2260 Ryckweder
1544 2215 1911 2266 eenighsints
1943 2222 2176 2269 inruste
2209 2225 2477 2276 gebracht
2508 2233 2642 2281 was,
2674 2236 2908 2285 welcken
2939 2239 3209 2292 Coninghn

1115 2328 1284 2376 aende
1318 2329 1587 2376 maccause
1618 2332 1954 2384 Portugesen
1986 2338 2088 2384 een
2120 2339 2288 2388 passe
2320 2343 2488 2390 hadde
2521 2343 2790 2393 verleent
2822 2349 3058 2405 vannoen
3090 2362 3258 2412 tmeer

1121 2452 1308 2500 eenige
1337 2455 1524 2506 tollen
1554 2461 1679 2507 ofte
1709 2461 2020 2508 anckergelt
2050 2464 2237 2512 aldaer
2267 2467 2329 2513 te
2359 2466 2608 2517 betalen.
2638 2472 2732 2519 dat
2762 2475 2888 2522 voor
2917 2478 3011 2524 hun
3041 2479 3165 2528 geen

1116 2584 1301 2631 cleyne
1332 2585 1640 2634 premmentie
1669 2590 1763 2637 is,
1791 2592 1916 2638 want
1945 2593 2069 2639 haer
2099 2593 2192 2639 die
2222 2595 2408 2644 lasten
2436 2599 2530 2645 van
2559 2600 2899 2649 swaervielen
2928 2605 3235 2658 principael

1105 2717 1178 2766 na
1212 2716 1317 2763 den
1351 2719 1561 2769 handel
1594 2722 1665 2768 op
1699 2721 2083 2769 Japanhebben
2117 2725 2326 2772 moeten
2361 2726 2570 2773 missen
2605 2728 2884 2779 welckers
2918 2734 3266 2794 winsteveel

1101 2841 1175 2888 te
1211 2840 1467 2888 stoppen
1502 2844 1834 2900 plachte/.

857 2972 983 3020 adij
1014 2971 1139 3016 16:e
1170 2971 1264 3017 d:o
1294 2969 1421 3015 quam
1451 2971 1701 3022 d'eerste
1729 2975 1920 3022 nieuwe
1950 2976 2107 3023 sijde
2137 2975 2387 3023 weijnigh
2418 2978 2824 3032 inquantiteijt
2856 2987 3012 3039 vande
3043 2994 3231 3042 basaar

1079 3096 1197 3143 vrij
1225 3093 1460 3140 vochtigh
1489 3095 1577 3142 ter
1605 3097 1781 3144 marct,
1810 3098 1927 3144 daer
1956 3097 2016 3143 de
2043 3097 2307 3144 drooghste
2336 3099 2687 3149 uijtschooten
2716 3103 2833 3149 ende
2862 3103 3158 3154 nawaerdije

1113 3215 1423 3263 betaelden,
1453 3217 1639 3265 wyders
1669 3221 1854 3266 anders
1884 3220 2009 3266 niet
2039 3220 2441 3271 voorgevallen,
2471 3226 2565 3272 als
2595 3228 2688 3273 dat
2718 3227 2811 3273 des
2842 3227 3244 3278 naermiddaeghs

1110 3339 1423 3389 grooteslagh
1450 3345 1593 3391 regen
1620 3347 1705 3392 met
1734 3347 1875 3392 hagel
1903 3347 2102 3393 steenen
2130 3348 2216 3394 wel
2243 3350 2329 3396 een
2356 3352 2469 3398 lith
2498 3353 2583 3398 van
2611 3353 2697 3399 een
2724 3355 2866 3401 duijm
2894 3354 3036 3400 groot
3064 3352 3262 3399 vielen,

1104 3462 1404 3514 vermenght
1436 3470 1537 3518 met
1567 3470 1969 3518 fellendonder
2001 3470 2068 3516 en
2101 3470 2377 3518 blixem/.

831 3590 955 3636 adij
985 3589 1109 3637 17:e
1139 3588 1232 3635 tot
1259 3588 1355 3636 den
1385 3589 1479 3636 19.
1508 3592 1539 3637 '
1569 3592 1662 3638 d:o
1692 3593 1969 3640 doorgaens
2000 3593 2154 3639 meest
2184 3592 2462 3638 regenende
2491 3587 2830 3640 buijachtigh
2858 3587 3014 3634 weder
3045 3582 3262 3632 geweest

1117 3711 1232 3758 met
1270 3709 1884 3756 swarendonderende
1921 3707 2152 3756 blixem

873 3840 1062 3899 Heden
1098 3833 1473 3883 verstonden
1510 3831 1660 3878 uyjt
1696 3830 1809 3876 den
1843 3824 2146 3875 Japander
2183 3822 2557 3870 Kisemond:e
2594 3822 2708 3869 dat
2743 3823 2856 3871 den
2893 3822 3243 3869 Guinammer

2948 3975 3175 4025 soude
