3553 4917
2821 301 2960 349 641

271 413 565 472 augusti
603 408 689 455 ao
727 389 978 451 1646/.

2396 390 2479 440 Jn
2517 387 2916 435 nangasakij
2955 388 3035 436 /.

370 1544 697 1598 September
732 1540 878 1589 adij

612 639 732 687 adij
760 632 880 683 29:e
910 626 1059 677 dito,
1088 626 1149 672 en
1177 620 1298 669 30:e
1327 620 1417 666 d:o
1446 620 1507 665 is
1534 618 1717 665 tloven
1745 622 2075 670 vand'tschip
2103 627 2193 672 mes
2222 627 2343 674 alle
2371 629 2522 677 vreds
2550 628 2819 677 amersehit
2848 627 3029 674 sonder

945 734 1007 780 de
1038 733 1221 779 minste
1251 731 1527 778 disgunste
1557 731 1772 779 gelijck
1802 734 1865 780 de
1894 734 2200 781 voorgaande
2230 734 2445 782 schepen
2472 734 2781 783 toegegoen,
2810 733 2996 779 tegens

935 848 1029 894 den
1060 847 1216 894 avond
1247 847 1403 892 comen
1434 847 1559 893 hier
1590 847 1683 892 ter
1713 846 1871 896 reede
1901 849 2027 896 twee
2057 850 2245 897 Iomken
2275 853 2369 898 van
2400 852 2619 900 hockseo
2649 845 3055 895 medebrengende

952 972 1018 1026 37
1045 966 1137 1015 p:s
1166 962 1316 1010 witte
1346 959 1497 1006 rouwe
1524 958 1708 1008 sijde,
1735 964 1886 1011 4550:
1915 966 2186 1017 ppelings,
2214 973 2334 1020 840:
2363 972 2633 1020 ppangues,
2663 975 2723 1021 12
2753 975 2843 1022 p„s
2870 970 3052 1018 boghij

941 1085 1071 1134 1250
1100 1083 1136 1130 4
1164 1077 1427 1125 sabitas,
1457 1077 1590 1124 400:
1618 1079 1653 1125 p
1684 1078 1976 1132 satijnen,
2008 1087 2139 1136 800:
2170 1092 2203 1137 p
2235 1092 2527 1142 damassen,
2559 1094 2689 1142 510:
2720 1093 2754 1138 l
2785 1088 2968 1139 witte

951 1194 1111 1244 gilems
1137 1197 1244 1242 340:
1270 1197 1350 1243 p:s
1373 1196 1588 1243 poetijer
1614 1197 1801 1247 suijker
1826 1201 1936 1248 200:
1959 1206 2039 1251 p:s
2065 1206 2252 1255 aluijn,
2277 1211 2358 1257 50:
2383 1213 2464 1259 p„l
2489 1213 2649 1260 Radicr
2675 1213 2808 1259 china
2834 1210 2914 1259 t0:
2939 1206 3076 1253 Catij

956 1302 1200 1353 Borneese
1230 1299 1473 1356 Campher,
1504 1310 1717 1358 parsije
1747 1314 2113 1368 porceltijnen
2143 1324 2265 1372 ende
2295 1324 2509 1373 chinese
2538 1322 2843 1371 medecijnen

964 1459 1014 1505 de

905 1523 997 1572 2:e
1024 1516 1149 1565 duw,
1176 1512 1332 1560 hebbe
1361 1511 1699 1562 verscheijde
1728 1516 2065 1564 Raniteijten
2094 1520 2187 1566 tot
2217 1521 2308 1567 sem
2339 1522 2492 1569 kagie
2521 1522 2645 1570 voor
2674 1525 2766 1571 den
2796 1525 3012 1575 keijser

953 1611 1079 1660 ende
1110 1615 1329 1663 Groeten
1359 1618 1766 1670 geprojecteert
1797 1625 1893 1673 den
1921 1630 2235 1683 Gouverneur
2265 1638 2577 1685 verthoont,
2607 1637 2702 1684 die
2730 1634 2953 1682 volgens

946 1719 1003 1770 't
1029 1726 1224 1773 rapport
1250 1728 1388 1775 vande
1416 1730 1611 1779 tolcken
1636 1734 1776 1781 veele
1802 1735 1887 1784 der
1913 1740 2079 1787 selver
2106 1742 2300 1791 bequaem
2327 1747 2438 1792 ende
2465 1745 2714 1792 aengenoem
2740 1742 2797 1790 te
2824 1739 2967 1786 wesen

946 1835 1206 1888 oordeelde
1234 1843 1378 1890 ditto
1406 1844 1580 1895 nadien
1608 1850 1897 1899 tvoorleden
1924 1855 2039 1902 Iaer
2068 1856 2154 1902 van
2183 1856 2385 1906 Batavia
2413 1861 2528 1907 door
2556 1858 2615 1905 d'
2641 1852 2758 1901 Ed:e
2786 1847 2959 1896 heeren

947 1952 1088 2000 raden
1115 1955 1201 2001 van
1228 1956 1370 2002 India
1396 1958 1481 2004 met
1509 1959 1567 2005 de
1593 1961 1877 2014 portugesen
1902 1970 1988 2017 den
2014 1971 2156 2017 thien
2184 1972 2380 2020 Iarigen
2408 1974 2606 2020 trefues
2633 1975 2690 2021 te
2718 1972 3027 2020 onderhouden

946 2065 1211 2113 herwaerts
1240 2067 1564 2116 geadviseert
1593 2072 1711 2119 ende
1740 2075 1858 2124 door
1887 2080 1977 2127 den
2005 2083 2064 2129 E:
2093 2084 2212 2132 over
2240 2088 2416 2136 twater
2446 2091 2652 2137 volgens
2680 2087 2829 2135 ordre
2857 2083 3065 2134 'tzelve

936 2179 1057 2227 door
1088 2181 1148 2226 de
1179 2181 1391 2228 tolcken
1421 2183 1482 2228 de
1512 2183 1846 2237 Gouverneurs
1876 2193 1999 2241 niet
2027 2198 2180 2246 beter
2209 2200 2422 2248 wetende
2451 2200 2634 2246 bekent
2663 2199 2877 2246 gemaact
2907 2201 3030 2250 was,

950 2293 1096 2343 heeft
1124 2294 1240 2340 niet
1269 2294 1328 2340 te
1356 2295 1444 2341 min
1472 2296 1531 2343 de
1558 2299 1848 2353 bevindinge
1877 2308 2080 2356 geheckt
2109 2311 2254 2357 sulcx
2283 2311 2370 2357 bij
2399 2311 2457 2356 de
2485 2311 2689 2358 toecken
2717 2312 2981 2359 doenmaels

948 2402 1070 2449 ende
1100 2405 1191 2451 tot
1221 2406 1344 2455 dato
1373 2411 1646 2461 verswegen
1675 2416 1768 2464 is,
1798 2420 2072 2471 derhalven
2101 2427 2192 2473 met
2220 2424 2315 2473 den
2344 2426 2405 2472 E„
2435 2425 2709 2473 verstegen
2738 2428 2799 2474 de
2829 2427 3043 2475 tolcken

934 2521 1134 2571 'tsamen
1161 2521 1387 2570 geroepen
1414 2525 1528 2574 ende
1555 2530 1894 2584 voorgehouden
1920 2540 2005 2588 dat
2032 2544 2145 2590 daer
2173 2545 2286 2593 uijt
2313 2549 2455 2597 veele
2482 2553 2792 2599 swaricheden
2818 2551 2988 2600 souden

941 2635 1097 2683 mogen
1128 2637 1345 2687 rijsen,
1375 2640 1593 2690 wanwerk
1623 2645 1779 2693 sulck
1808 2648 2027 2702 accoord
2057 2658 2151 2704 van
2180 2660 2244 2708 s.
2273 2664 2459 2715 Comp:s
2490 2670 2740 2722 vijanden
2769 2677 2986 2725 gemelte

949 2749 1272 2799 gouverneurs
1301 2754 1389 2800 ten
1417 2755 1593 2807 quaets
1622 2762 1712 2814 ten
1739 2770 2091 2829 overgedragen
2119 2784 2324 2837 wierde,
2353 2792 2706 2845 dienvolgende
2733 2798 2940 2847 geraden
2967 2803 3059 2853 ge„

938 2874 1056 2922 acht
1085 2876 1379 2925 soodanighe
1407 2880 1732 2935 pvercompste
1758 2891 1908 2942 zelfs
1934 2899 1994 2946 te
2023 2901 2316 2957 openbaren,
2345 2912 2462 2959 onse
2492 2914 2727 2963 vondich,
2755 2920 2873 2966 ende
2901 2918 2962 2966 op

947 2998 1278 3045 rechticheijt
1305 2998 1416 3044 daer
1443 3000 1526 3047 bij
1553 3000 1609 3046 te
1636 3002 1747 3049 doen
1773 3005 1996 3056 blijcken
2021 3012 2132 3061 ende
2158 3016 2270 3066 alle
2297 3022 2656 3075 achterdencken
2682 3030 2738 3076 te
2765 3031 2936 3083 weeken

945 3118 1062 3167 niet
1089 3116 1147 3164 te
1174 3114 1260 3160 min
1289 3115 1346 3161 is
1372 3114 1460 3162 bij
1488 3115 1545 3161 de
1573 3117 1773 3167 tolcken
1801 3122 1916 3172 naer
1943 3128 2286 3185 verscheijden
2313 3141 2428 3188 ende
2455 3143 2598 3192 lange
2626 3146 2913 3198 disconisen
2939 3155 3027 3202 als

951 3230 1066 3277 seek
1094 3229 1465 3277 bedenckelijck
1493 3231 1637 3280 onder
1664 3235 1837 3286 andere
1863 3243 1980 3294 metk
2006 3250 2376 3314 principalijck
2404 3267 2519 3313 dese
2547 3268 2860 3320 swaricheijt
2889 3275 3032 3324 voor„

954 3345 1149 3394 gewert
1180 3346 1277 3393 als
1309 3346 1406 3393 bij
1438 3347 1698 3398 exempel,
1729 3354 1956 3409 gelijck
1986 3366 2052 3414 nu
2082 3370 2181 3420 ten
2212 3376 2567 3429 ambassadeur
2598 3383 2825 3433 comende
2856 3389 2958 3443 met

946 3467 1065 3515 twee
1093 3466 1356 3513 gallivens
1385 3468 1502 3514 (nae
1531 3469 1620 3517 (de
1647 3473 1941 3532 geruchten)
1968 3490 2086 3538 daer
2113 3495 2231 3547 uijt
2258 3502 2375 3548 niet
2404 3503 2580 3550 anders
2608 3504 2697 3552 dan
2725 3500 3019 3555 alderhande

943 3579 1090 3625 quaat
1117 3580 1379 3629 vermoeden
1407 3584 1553 3634 conde
1581 3590 1786 3644 volgen,
1813 3600 1903 3647 tae
1928 3605 2075 3657 zulcx
2102 3613 2191 3662 als
2218 3618 2307 3665 met
2334 3622 2480 3670 onsen
2508 3625 2624 3672 raad
2653 3626 2769 3674 ende
2798 3624 2943 3670 goet„

943 3700 1107 3750 vinden
1132 3703 1375 3754 herwaerts
1401 3710 1644 3760 getrocken
1668 3716 1725 3765 te
1749 3721 1886 3774 zijn,
1911 3731 1966 3777 te
1991 3733 2099 3783 metk
2126 3738 2287 3786 nadien
2314 3741 2475 3792 alhier
2502 3746 2556 3792 de
2582 3744 2717 3790 hooge
2744 3744 3040 3797 overicgeijt

945 3825 1129 3875 Jongst
1158 3828 1279 3875 door
1308 3831 1400 3876 den
1428 3832 1490 3880 E:
1517 3835 1759 3885 elseracq
1788 3841 2060 3897 verclaart
2088 3854 2179 3901 was
2208 3856 2300 3904 met
2328 3860 2389 3907 de
2418 3862 2749 3910 portaigesen
2778 3863 2992 3914 wederom

945 3953 1297 4002 insoodanigen
1325 3956 1560 4004 hestigen
1588 3954 1795 4002 Oorlocg
1821 3956 1912 4003 als
1940 3959 2058 4006 oijt
2086 3961 2146 4008 te
2173 3964 2349 4017 vooren
2378 3970 2642 4018 vervallen
2670 3966 2846 4015 waren,
2875 3957 2993 4010 waer

942 4077 1003 4125 op
1030 4075 1236 4121 dienden
1264 4076 1352 4121 dat
1381 4076 1469 4121 wel
1497 4074 1557 4121 de
1585 4073 1849 4120 subjecten
1877 4076 2053 4123 eenige
2081 4078 2286 4125 hostile
2314 4077 2460 4123 orsen
2489 4074 2577 4122 aen
2604 4069 2752 4119 weder
2780 4066 2927 4113 hijde
2955 4064 3019 4112 en

2456 4262 2857 4316 hebben/.
