3567 4801
2583 531 2784 593 860

877 695 1776 783 Coopmanschappen
1834 689 2432 742 Contanten,
2490 681 2730 732 ende

859 832 1341 895 proviesien
1387 821 1677 875 dienen
1725 818 1822 866 te
1868 811 2207 863 lossen,
2253 810 2448 858 jtem
2494 811 2640 859 wat
2687 805 2835 855 men

2801 864 2926 921 m

878 976 1015 1024 tot
1059 965 1289 1019 nader
1333 954 1653 1008 secours
1699 950 1836 999 van
1879 945 1972 993 't
2011 942 2292 990 compt.
2335 940 2383 988 r
2427 932 2930 983 maesulipat„

812 1093 1014 1146 ende
1062 1079 1414 1134 procure
1464 1071 1714 1122 vande
1764 1070 2065 1116 nodige
2115 1070 2515 1121 retouren
2566 1068 2890 1121 aldaer

824 1229 971 1283 als
1003 1217 1115 1272 jn
1161 1213 1259 1260 d'
1303 1201 1788 1256 jnnewaerts
1833 1186 2317 1244 quartieren
2363 1184 2558 1232 daer
2604 1180 2702 1227 in
2748 1177 2895 1223 sal

815 1351 1074 1408 laten
1124 1340 1687 1394 verblijven,
1737 1325 2096 1384 wijders
2146 1318 2299 1366 off
2350 1316 2504 1363 men
2554 1302 2862 1362 tjacht

827 1479 1448 1550 Grijpskercke
1498 1471 1757 1523 (:dat
1805 1462 1963 1514 van
2014 1454 2220 1504 sijn
2272 1451 2479 1499 mede
2529 1435 2944 1495 gebracht

823 1600 1450 1686 Cargasoentgen
1497 1591 1978 1643 ontledicht
2026 1591 2171 1638 jse
2217 1588 2411 1636 maer
2459 1586 2556 1633 d'
2599 1581 2844 1633 suijt

766 1763 945 1816 met
1003 1741 1538 1806 contanten
1594 1729 1834 1784 ende
1889 1707 2787 1772 Coopmanschappen

824 1884 1030 1937 voor
1078 1875 1232 1927 dit
1280 1856 1789 1917 Quartieren
1839 1850 2042 1901 omme
2092 1847 2245 1895 den
2295 1841 2599 1891 handel
2648 1839 2903 1886 aller

743 2015 1008 2083 wegen
1058 2004 1165 2057 in
1215 1984 1530 2043 vioeur
1581 1981 1687 2028 t'
1731 1971 2105 2026 houden,
2156 1963 2366 2014 mede
2418 1954 2628 2005 niet
2679 1951 2784 1997 en

807 2133 1109 2191 dienen
1158 2129 1260 2177 te
1309 2121 1561 2171 laten
1610 2105 2162 2164 vertrecken,
2211 2100 2363 2150 van
2411 2083 2864 2143 gelijcken

830 2262 994 2313 off
1045 2260 1209 2308 den
1261 2236 1906 2304 oppercoopman
1959 2227 2389 2280 hendrick
2442 2220 2604 2271 van
2653 2204 2926 2263 gendt

824 2400 965 2448 die
1011 2394 1153 2443 met
1199 2391 1293 2438 t'
1338 2384 1669 2436 fluijdt
1707 2371 1950 2428 schip
1996 2367 2091 2414 d'
2136 2358 2372 2409 wolff
2415 2357 2560 2404 van
2605 2350 2994 2400 mallacca

797 2529 1243 2595 herwaerts
1291 2521 1683 2573 gecomen,
1730 2515 1928 2564 ende
1976 2504 2270 2560 voorts
2316 2494 2515 2548 naer
2564 2494 2662 2539 d'
2707 2483 2908 2539 Cust

813 2689 971 2745 van
1019 2663 1278 2728 jndia
1329 2658 1433 2705 te
1481 2637 1999 2700 verseijlen
2050 2615 2668 2679 gedestineert
2719 2610 2877 2658 is,

833 2811 1034 2861 ende
1081 2801 1283 2853 door
1303 2799 1430 2845 't
1479 2784 1779 2843 spaede
1816 2766 2276 2828 aenlanden
2321 2755 2476 2810 van
2522 2742 2873 2796 gemelte

824 2947 1108 3000 fluijt
1150 2930 1392 2990 schip
1436 2920 1770 2972 alhier,
1817 2907 2101 2965 sijnde
2146 2889 2527 2948 tnoorder
2572 2883 2905 2932 mousson

830 3081 1062 3141 onder
1106 3071 1199 3121 d'
1242 3059 1475 3112 wall,
1520 3050 1705 3103 ende
1750 3046 1843 3094 jn
1889 3042 2027 3089 see
2072 3036 2211 3086 ten
2254 3012 2718 3079 meerendeel

822 3202 1304 3276 verloopen
1355 3192 1463 3243 jn
1515 3180 1781 3235 allen
1832 3167 2207 3223 gevalle
2252 3149 2472 3211 Geen
2523 3123 2845 3191 langer

852 3354 1058 3414 tijt
1107 3345 1260 3396 als
1308 3337 1461 3388 tot
1512 3324 1814 3381 tregin
1864 3315 2017 3368 van
2063 3292 2268 3354 meij
2316 3283 2470 3335 als
2519 3272 2877 3325 wanneer

813 3471 1524 3544 Genoodtsaeckt
1577 3462 1853 3516 werdt
1897 3454 2126 3506 door
2178 3447 2290 3498 d'
2340 3410 2891 3488 aencomende

818 3616 1069 3679 harde
1115 3595 1461 3656 stormen
1507 3588 1608 3639 d'
1657 3577 1853 3631 Cust
1901 3575 2050 3622 van
2096 3564 2344 3622 jndia
2391 3558 2491 3607 te
2537 3531 2984 3600 verlaten.

885 3745 1248 3818 overich,
1289 3715 1833 3787 dienvolgende
1877 3705 2238 3759 d'reijse
2281 3693 2688 3749 derwaerts
2725 3682 2914 3737 dees

839 3898 1069 3952 tijt
1123 3886 1352 3940 geen
1409 3855 1979 3928 voortganck
2032 3838 2377 3895 Cunnen
2427 3820 2718 3880 nemen

833 4034 1022 4085 daer
1068 4025 1256 4078 mede
1300 4006 1677 4067 weijnich
1723 4001 1864 4050 ten
1910 3991 2239 4045 aensien
2285 3977 2708 4035 eensdeels
2754 3978 2901 4028 don

822 4155 1453 4236 oppercoopman
1504 4151 1610 4198 s.
1660 4149 1714 4196 r
1758 4132 2184 4192 Cornelis
2235 4121 2393 4175 van
2442 4112 2758 4163 Saanen

843 4307 1012 4357 tot
1066 4303 1124 4351 t
1180 4271 1796 4346 allhanderen
1850 4259 2132 4315 vande
2181 4238 2804 4301 disterenten

2326 4428 2878 4517 raeckende
