3642 4883
885 624 1222 683 Decembr.
1262 622 1389 670 Ao.
1428 619 1610 668 1645

1325 789 1444 842 omme
1471 787 1531 833 de
1560 786 1879 833 verschillen
1907 783 2024 830 ende
2051 778 2314 827 ontstanen
2343 774 2576 824 Oorloogh
2604 766 2837 818 tusschen
2864 761 3069 809 Chinama
3097 760 3214 806 ende
3243 760 3301 805 d'
3328 758 3360 805 E

1340 891 1598 943 Compagnia
1626 891 1712 936 ten
1740 886 1942 935 rechten
1969 885 2027 930 te
2054 883 2314 930 vernemen,
2342 883 2457 929 maer
2485 882 2543 927 te
2571 876 2858 926 meerendeel
2886 875 3001 921 omme
3028 870 3116 918 van
3143 864 3288 915 Wegen
3316 862 3376 911 en

1332 1000 1433 1047 uijt
1458 991 1762 1044 aucthoriteyt
1786 989 1863 1036 van
1887 987 1989 1034 sijn
2014 984 2141 1031 mags.
2165 982 2343 1028 d'selve
2367 980 2445 1027 ter
2469 979 2597 1026 neder
2621 980 2672 1025 te
2696 978 2874 1025 leggen,
2899 975 3000 1023 ende
3026 974 3076 1020 in
3100 966 3354 1019 stiestandt
3379 966 3431 1012 te

1328 1105 1542 1156 brengen,
1567 1097 1780 1149 seggende
1805 1096 1885 1142 een
1911 1091 2097 1140 grooten
2121 1088 2282 1135 Vijand
2307 1087 2387 1132 Van
2413 1085 2625 1131 Maleija,
2650 1082 2757 1130 doch
2783 1079 2942 1127 echter
2968 1074 3207 1123 derselven
3232 1067 3418 1118 maleije

1328 1218 1429 1268 door
1451 1212 1652 1262 gedurige
1675 1207 1826 1256 giften
1850 1206 1900 1251 en
1924 1202 2048 1250 gaven
2072 1199 2123 1246 bi
2147 1197 2222 1244 den
2246 1196 2420 1244 Coninck
2444 1197 2544 1243 noch
2568 1196 2618 1242 in
2643 1193 2816 1241 aensien
2840 1191 2940 1238 was,
2965 1191 3014 1236 en
3037 1189 3113 1236 soo
3138 1189 3212 1234 Wij
3237 1188 3341 1235 door

1331 1319 1639 1370 diergelijcke
1664 1316 1896 1363 middelen,
1920 1314 1998 1360 des
2023 1310 2180 1358 maijs.
2201 1313 2255 1359 ts
2279 1310 2434 1357 gunste
2458 1308 2639 1355 soghten
2664 1305 2793 1352 soude
2818 1303 2896 1349 ons
2920 1300 3101 1347 d'selve
3126 1296 3230 1344 mede
3254 1295 3358 1342 niet
3382 1295 3409 1341 —

1331 1427 1638 1482 mancqueren,
1664 1427 1775 1474 maer
1802 1426 1886 1471 wat
1913 1423 2024 1470 meer
2050 1421 2107 1468 do
2135 1420 2331 1469 sooveel
2352 1420 2412 1470 te
2438 1419 2772 1468 wegebrengen,
2799 1419 2965 1468 maeije
2992 1413 3187 1464 seffens
3213 1410 3270 1457 t'
3297 1408 3444 1455 onder

1330 1543 1447 1592 ende
1474 1539 1589 1587 uijt
1618 1538 1704 1584 des
1731 1533 1933 1582 Conincx
1961 1528 2133 1577 gratie
2161 1526 2419 1572 geraecken
2448 1526 2620 1574 soude,
2648 1529 2734 1574 uyt
2762 1525 2935 1573 welcke
2962 1520 3163 1569 frivole
3190 1518 3253 1565 en

1329 1646 1648 1701 ongefundeerde
1671 1639 1967 1690 discourtsen,
1989 1633 2334 1685 considirerende
2359 1633 2457 1678 niet
2481 1633 2629 1678 anders
2652 1630 2727 1678 als
2751 1628 2898 1674 metsen
2923 1623 3119 1673 tanderen
3143 1620 3218 1668 een
3242 1618 3442 1665 besteme„

1326 1765 1493 1816 saeckk
1519 1761 1631 1809 ende
1657 1755 1962 1805 Comploterie
1987 1753 2044 1800 te
2072 1749 2210 1798 sijn,
2237 1747 2348 1793 omme
2375 1744 2458 1791 tot
2486 1744 2569 1790 een
2596 1742 2734 1789 goede
2762 1740 2900 1787 somme
2927 1738 3010 1784 van
3035 1731 3286 1783 penningen
3313 1730 3348 1778 —

1345 1874 1545 1925 (:daerom
1569 1871 1644 1918 den
1667 1865 1843 1915 Coninck
1868 1863 1968 1910 seer
1992 1861 2217 1907 benodight
2241 1861 2317 1906 Is)
2341 1856 2641 1905 tegeraecken,
2665 1855 2715 1901 en
2740 1852 2890 1900 schoon
2914 1850 3064 1897 aldaer
3088 1849 3164 1894 toe
3188 1847 3338 1893 quamen
3362 1847 3391 1894 —

1334 1994 1386 2039 te
1409 1981 1747 2037 contribueren,
1771 1977 1851 2024 dat
1875 1971 2031 2021 echter
2057 1969 2160 2016 hier
2186 1967 2289 2014 mede
2315 1967 2367 2012 d'
2393 1964 2781 2012 onversadelijcke
2803 1963 3013 2011 beheerte
3038 1962 3168 2008 deses
3190 1958 3376 2008 Conincx

1337 2096 1452 2144 (als
1478 2092 1565 2139 van
1591 2088 1650 2136 te
1679 2085 1991 2133 trouwloosen
2019 2083 2076 2129 en
2104 2079 2502 2127 bedreghlijcken
2530 2078 2672 2125 aeht)
2700 2071 2985 2123 nimmermeer
3012 2064 3240 2116 getrough
3268 2063 3384 2110 doch

1328 2207 1389 2255 d'
1416 2200 1746 2253 Contramines
1776 2196 1955 2245 vanden
1985 2193 2373 2241 Boosvierdigen
2401 2189 2641 2237 Chinanna
2670 2188 2760 2234 soo
2789 2185 2939 2233 lange
2968 2175 3237 2229 middelen,
3266 2174 3327 2221 en

1333 2314 1525 2366 aensien
1550 2310 1715 2359 heeft,
1743 2304 1988 2355 t'eeckens
2014 2299 2342 2348 wedersubject
2369 2299 2533 2344 wesen,
2559 2297 2669 2344 ende
2696 2295 2833 2342 alsoo
2860 2290 3187 2340 beswaerlijck
3214 2289 3296 2336 van

1348 2432 1459 2480 dese
1484 2418 1874 2476 schrobberijen,
1901 2415 2012 2463 ende
2040 2414 2262 2460 exactien
2288 2409 2483 2458 ontlast
2510 2404 2677 2454 souden
2704 2403 2898 2449 werden,
2925 2402 2981 2447 Is
3007 2398 3120 2447 voor
3147 2398 3230 2444 die
3256 2396 3342 2443 tit

1326 2552 1414 2605 als
1439 2540 1636 2592 wetende
1662 2536 1776 2584 rede
1803 2532 1943 2580 laeds
1970 2528 2111 2576 Inden
2139 2527 2307 2573 avoret
2334 2523 2532 2572 endeden
2558 2523 2754 2570 gesands
2781 2522 2866 2568 syn
2893 2519 3118 2567 afscheyt
3145 2514 3426 2565 versoecken

1329 2661 1436 2709 niet
1463 2659 1624 2706 verder
1650 2658 1732 2704 van
1758 2656 1866 2702 dese
1891 2653 2055 2701 saecke
2081 2650 2350 2698 gehandelt,
2377 2647 2484 2695 maer
2511 2647 2565 2692 d'
2591 2644 2726 2692 selve
2752 2643 2834 2689 tot
2860 2644 2941 2691 des
2968 2642 3156 2691 anderen
3183 2642 3373 2691 daeghs.

1327 2772 1645 2824 uytgestelt,
1674 2768 1790 2817 ende
1818 2764 2051 2812 gemelten
2079 2762 2283 2809 gesandt
2311 2759 2427 2806 uijt
2456 2757 2514 2803 't
2542 2755 2746 2802 Casteel
2774 2753 2891 2799 naer
2919 2749 3036 2797 sijn
3064 2745 3296 2793 logement

1311 2887 1711 2951 Vertrocken

1149 3073 1211 3130 An
1231 3059 1344 3114 5.e.
1369 3058 1478 3107 d.o.
1502 3050 1719 3101 Smergens
1746 3047 2041 3095 Verschijndt
2068 3047 2149 3093 den
2174 3045 2337 3093 gesant
2363 3045 2579 3092 binnen'T
2606 3042 2821 3091 Casteel,
2846 3039 2955 3086 ende
2982 3039 3089 3084 naer
3116 3034 3279 3084 eenige

1320 3152 1645 3206 Complementos
1672 3151 1726 3196 op
1753 3151 1807 3197 de
1834 3148 2186 3196 voorverhaelde
2212 3147 2403 3193 materie
2429 3147 2619 3194 wederom
2646 3143 2835 3192 Comende
2862 3141 3025 3188 seijde
3051 3139 3187 3186 onder
3213 3132 3404 3183 anderen

1301 3251 1574 3305 Babelachan
1600 3249 1683 3295 aen
1710 3247 1900 3293 Coninck
1927 3247 2092 3294 over't
2116 3247 2309 3295 verdert
2335 3248 2499 3293 sijner
2526 3247 2689 3293 landen
2715 3246 2771 3292 en
2798 3243 3070 3292 Volcqueren
3096 3237 3373 3287 grootelicx

1327 3348 1620 3403 gedolleert,
1643 3346 1751 3394 ende
1778 3346 1989 3392 daerover
2014 3346 2120 3392 niet
2147 3346 2305 3392 alleen
2331 3345 2569 3394 reparatie
2595 3348 2832 3394 versoght,
2858 3346 2964 3392 maer
2988 3341 3070 3391 den
3095 3339 3281 3386 Coninck

1318 3449 1619 3502 aengeraeden
1645 3447 1781 3493 hadde
1808 3446 1890 3491 den
1916 3445 2271 3492 Hollandtschen
2298 3446 2570 3492 Gouverneur
2597 3447 2760 3494 snidts
2787 3445 3032 3492 belovende
3059 3441 3250 3489 'slandt
3275 3433 3387 3486 omme

1318 3557 1435 3605 sijn
1462 3554 1522 3600 E.
1551 3549 1756 3598 Negotie
1784 3549 2106 3595 onbecommert
2135 3550 2193 3595 te
2222 3549 2368 3595 mogen
2398 3547 2777 3595 frequenteren,
2805 3543 2923 3590 open
2951 3539 3186 3587 t'laten)
3212 3536 3304 3583 tot

1325 3665 1380 3713 't
1405 3660 1643 3709 opbrengen
1668 3657 1748 3704 van
1773 3656 1853 3703 een
1878 3656 2011 3703 goede
2036 3654 2168 3701 somme
2194 3653 2274 3699 van
2300 3654 2563 3701 penningen,
2589 3656 2642 3701 te
2668 3654 2879 3702 bewegen,
2903 3652 2984 3698 oft
3009 3643 3299 3696 andersints—

1322 3776 1410 3826 bij
1434 3766 1750 3819 Continuatie
1778 3765 1948 3812 vanden
1977 3762 2204 3809 Oorboogh
2231 3761 2346 3808 niet
2373 3762 2431 3808 te
2459 3762 2686 3808 beteren,
2715 3761 2829 3807 maer
2856 3758 2914 3805 't
2942 3755 3141 3802 verderf
3168 3750 3294 3799 meer

1328 3884 1439 3930 ende
1466 3880 1578 3928 meer
1605 3879 1689 3925 toe
1715 3877 1772 3922 te
1797 3873 1939 3922 nemen
1965 3870 2161 3917 stondt,
2187 3869 2355 3916 daerop
2380 3866 2466 3914 den
2492 3866 2688 3912 Coninck
2715 3866 2854 3912 soude
2882 3861 3188 3911 g'anstwoort
3213 3852 3392 3905 hebben

1315 3995 1402 4041 ten
1429 3988 1634 4038 aensien
1661 3983 1953 4032 Continueel
1982 3983 2040 4029 om
2069 3982 2215 4028 geldt
2242 3982 2330 4029 tot
2357 3978 2678 4026 voldoeninge
2707 3975 2881 4023 sijner
2910 3973 3142 4020 soldaten
3171 3972 3258 4018 als

1315 4104 1497 4157 anders
1526 4098 1795 4149 benodighs
1823 4095 1945 4143 was,
1974 4096 2093 4142 ende
2122 4092 2332 4140 maleije
2360 4091 2451 4137 soo
2480 4090 2541 4137 In
2569 4087 2630 4134 't
2660 4087 2750 4133 een
2777 4080 2869 4132 als
2897 4076 2958 4124 't
2988 4074 3139 4121 ander

1308 4215 1422 4263 sijn
1448 4209 1620 4259 mays:t
1648 4200 1989 4253 g'dsisteert,
2016 4197 2103 4245 dat
2130 4195 2216 4242 uyt
2244 4195 2330 4240 die
2358 4191 2671 4239 Considratie
2698 4192 2755 4237 op
2783 4192 2897 4240 sijn
2925 4191 3153 4237 emnstich
3179 4184 3409 4237 versoeck

3219 4313 3401 4362 niet
