3580 4883
1367 895 1524 945 noijt
1555 893 1618 940 V:
1649 888 1744 937 Ed:
1773 883 1963 933 taveur
1994 880 2120 927 ende
2151 875 2560 925 mildadicheijt
2589 868 2968 920 gemancqueert
2998 869 3188 917 heeft,
3218 873 3314 922 soo
3342 877 3383 924 —

1389 1001 1532 1050 veel
1567 997 1674 1045 mij
1709 991 1888 1042 Immer
1921 985 2246 1035 mogeli.jk
2280 987 2351 1033 op
2387 987 2458 1032 te
2493 982 2779 1031 offeren,
2814 980 2886 1026 te
2921 975 3065 1024 meer
3099 969 3207 1019 nu,
3240 965 3386 1013 omme

1393 1111 1460 1161 s'
1490 1104 1651 1155 Comp.
1682 1102 1715 1148 s
1745 1095 1970 1146 Negotie
2000 1085 2417 1139 Insonderheijt
2449 1082 2577 1130 inde
2608 1076 2832 1126 Suijder
2863 1069 3183 1119 quartieren
3214 1071 3407 1123 gedue„

1374 1207 1479 1259 ken
1513 1204 1650 1252 mijn
1683 1194 1959 1248 aenwesen
1993 1188 2199 1237 alhier
2233 1187 2336 1234 wat
2370 1187 2610 1234 meerder
2645 1187 2714 1233 te
2745 1183 3056 1233 vestigen,
3089 1182 3159 1228 en
3193 1182 3262 1228 in
3296 1183 3403 1232 een

1384 1304 1630 1358 beteren
1663 1299 1942 1348 toestant
1976 1298 2115 1345 (God
2148 1294 2219 1341 d'
2254 1290 2533 1339 voorste)
2566 1293 2637 1340 te
2667 1295 2948 1342 brengen,
2980 1287 3400 1338 voorgestelde

1382 1419 1700 1471 qualiteijt
1731 1415 1858 1463 ende
1888 1405 2206 1459 tractement
2237 1404 2333 1450 bij
2364 1404 2524 1451 desen
2552 1404 2713 1452 hebbe
2744 1400 2935 1450 willen
2965 1391 3346 1444 Amplecteren,

1380 1533 1477 1583 met
1507 1522 1826 1576 eerbiedigh
1857 1515 2113 1566 versoucq
2144 1513 2239 1559 mij
2271 1512 2335 1559 te
2366 1509 2557 1556 zijner
2589 1509 2717 1556 tijt
2747 1506 2875 1556 daer
2906 1503 3003 1550 van
3032 1490 3353 1547 behoorlijk

1377 1632 1533 1680 acte
1570 1628 1726 1675 mach
1762 1617 2155 1673 gewerden/.

1275 1786 1396 1850 Den
1431 1766 1895 1828 Oppercoopman
1933 1763 2049 1810 Sr.
2088 1762 2358 1811 Laurens
2395 1766 2550 1813 Pit.
2587 1764 2897 1813 welckers
2935 1760 3127 1809 vijff
3166 1760 3398 1807 Jarige

1352 1890 1639 1943 verbandt
1671 1883 1782 1936 27.
1817 1882 1853 1928 '
1888 1876 2068 1926 maert
2103 1870 2282 1920 pass.
2317 1868 2355 1915 o
2389 1871 2461 1917 Is
2495 1868 2675 1915 comen
2710 1862 3175 1912 t'Expiereren.
3209 1858 3354 1906 ende

1383 1995 1514 2044 rich
1545 1987 1773 2040 genegen
1805 1982 2032 2032 tonende
2064 1981 2129 2027 d'
2159 1979 2227 2025 E.
2258 1979 2421 2025 Comp.
2452 1978 2486 2024 e
2516 1972 2680 2021 onder
2712 1969 2810 2016 een
2841 1966 3004 2014 eerl.
3036 1965 3069 2011 k
3101 1956 3397 2010 beloninge

1374 2103 1510 2154 noch
1543 2098 1778 2147 eenigen
1809 2091 1945 2141 tijt
1977 2089 2046 2136 te
2078 2085 2314 2133 dienen,
2347 2083 2414 2129 Is
2445 2080 2514 2128 in
2548 2078 2682 2125 Rade
2714 2074 2849 2122 goet
2882 2071 3184 2119 gevonden,
3217 2070 3318 2117 ten

1384 2211 1602 2266 aensien
1633 2207 1880 2256 desselfs
1910 2196 2281 2252 bequaemheijt
2310 2195 2435 2241 ende
2465 2187 2805 2239 behoorl.ijk
2834 2181 3113 2231 diensten,
3144 2180 3237 2226 toe
3265 2177 3330 2223 te

1374 2321 1604 2379 vougen
1642 2316 1757 2364 een
1794 2306 2178 2361 tractement
2214 2302 2331 2349 van
2367 2299 2445 2345 Fo
2483 2296 2636 2343 120.
2674 2292 2790 2341 h„r
2827 2286 3057 2336 maendt
3094 2279 3286 2331 onder

1365 2433 1634 2490 verbandt
1666 2428 1767 2477 van
1800 2423 1933 2472 noch
1966 2421 2100 2468 drie
2131 2406 2566 2466 achtereenvolg
2597 2403 2665 2450 en
2696 2397 2898 2447 Jaren,
2931 2395 3031 2441 met
3064 2393 3398 2441 vertrouwen

1368 2551 1532 2604 V.Ed:
1562 2543 1728 2594 sulcx
1759 2530 2120 2587 Approberen,
2151 2526 2218 2574 en
2250 2524 2349 2571 wel
2381 2514 2676 2567 gevallen,
2707 2511 2807 2557 als
2837 2504 3068 2556 wanneer
3101 2502 3232 2549 oocq
3264 2493 3396 2546 niet

1378 2664 1459 2713 en
1495 2652 1843 2712 twijffele
1880 2628 2344 2695 meergemelten
2380 2621 2498 2671 S=r
2535 2621 2652 2667 Pit
2689 2618 2845 2666 dees
2882 2612 3307 2662 verbetermar

1373 2787 1473 2838 tot
1505 2782 1634 2831 VEd:
1666 2778 1796 2826 ende
1827 2772 1926 2822 ons
1957 2762 2216 2815 volcomen
2248 2751 2572 2806 Contentem.
2603 2750 2636 2795 t
2667 2745 2798 2793 sich
2829 2738 3088 2789 waerdich
3121 2736 3315 2783 maecq.
3346 2737 3390 2784 e

1373 2899 1525 2952 sal,
1559 2895 1673 2943 den
1710 2887 2118 2940 Luijtenandt
2154 2878 2378 2931 Pieter
2412 2861 2785 2921 Huijbertsz
2820 2854 3044 2904 sullen
3079 2846 3345 2898 volgens

1364 3019 1532 3069 V.Ed:
1565 3011 1969 3064 Authorisatie
2001 3007 2170 3054 (waer
2201 3000 2338 3050 over
2371 2996 2472 3044 mij
2504 2991 2640 3039 Eere
2672 2981 2976 3036 geschiet,
3008 2980 3144 3026 ende
3177 2981 3346 3031 VEEd:

1368 3126 1493 3176 oocq
1522 3123 1795 3172 danckbaer
1825 3119 2038 3167 blijve)
2068 3119 2159 3165 tot
2189 3115 2372 3164 eerste
2401 3109 2735 3159 Luijtenant,
2765 3106 2917 3153 alsoo
2947 3105 3008 3150 t'
3036 3101 3220 3150 sedert
3251 3100 3372 3147 geen

1372 3232 1608 3287 redenen
1640 3229 1740 3276 ter
1774 3226 2073 3274 contrarie
2106 3224 2372 3271 gegeven,
2405 3224 2538 3269 maer
2571 3220 2705 3268 hich
2737 3216 2871 3263 naer
2901 3213 3137 3260 behoren
3169 3212 3371 3260 gecom„

1377 3336 1653 3387 porteert
1687 3335 1896 3381 heeft,
1930 3329 2311 3380 Promoveren,
2344 3321 2621 3372 desselfs
2655 3317 2932 3366 presente
2967 3316 3209 3362 plaetse
3243 3316 3349 3363 net

1345 3456 1456 3509 den
1490 3447 1778 3499 vendrigh
1814 3446 1922 3492 Jan
1957 3442 2281 3491 Cornelisz
2315 3441 2531 3489 vander
2565 3435 2782 3484 Corht,
2817 3431 2961 3480 ende
2996 3427 3105 3475 zoo
3140 3421 3365 3471 voorts

1378 3563 1512 3610 naer
1546 3563 1812 3610 advenant
1845 3561 1912 3607 d'
1944 3558 2178 3606 verdere
2210 3556 2445 3603 plaets.
2478 3557 2511 3602 e
2545 3556 2645 3602 bij
2677 3544 3044 3600 vereijschte
3077 3537 3378 3588 successie

1375 3676 1488 3724 met
1526 3671 1752 3720 andere
1789 3670 2054 3716 bequame
2092 3664 2432 3715 persoonen
2469 3659 2697 3708 alhier
2734 3658 3153 3707 Surpeeren/.

1462 3834 1630 3881 Dess
1671 3828 2092 3879 Trompetter
2132 3822 2343 3874 Bonne
2384 3813 2678 3865 Sijpels
2718 3811 2804 3859 om
2845 3808 2930 3855 d'
2970 3803 3349 3852 Betalinge

1451 3945 1559 3996 van
1594 3947 1878 3997 welckers
1914 3935 2340 3992 overgesonden
2376 3927 2625 3978 Reecq:e
2659 3918 2838 3969 uEEd:
2871 3907 2980 3960 aen
3011 3897 3086 3949 d'
3111 3874 3261 3938 H=rn

1370 4063 1624 4112 Maijores
1653 4057 1845 4106 hebben
1876 4050 2130 4102 gelieven
2160 4048 2225 4093 te
2255 4035 2573 4092 schrijven,
2602 4028 2762 4079 soude
2791 4017 2983 4072 alhier
3014 4014 3078 4061 d'
3109 4008 3394 4059 versochte

1871 332 2340 393 Coromandel

3056 343 3266 394 1646

1887 449 2028 498 Copir
2055 446 2253 493 mitsive
2281 445 2393 491 door
2421 443 2506 490 den
2532 441 2816 488 Gouverneur
2843 443 3012 491 Arnold
3040 446 3238 492 Heussen

1877 548 1936 601 In
1955 539 2065 589 dato
2088 534 2195 584 ult.
2218 532 2248 578 o
2272 534 2403 580 febr:
2429 533 2534 579 p.:r
2559 532 2612 578 't
2637 531 2664 576 s
2690 531 2794 577 aght
2820 532 2898 577 lis
2924 531 3003 576 aen
3028 528 3133 575 haer
3159 527 3265 576 Ed=n

796 239 916 287 al
974 237 1212 285 16a6
