3642 4828
929 456 1227 519 april
1287 470 1526 515 1646

1312 695 1711 748 samoijanila
1745 699 2108 750 wengenaden
2143 705 2180 751 b
2216 706 2506 755 ewaerder
2541 711 2650 757 van
2684 708 2975 755 Tripetij
3011 709 3300 757 schrijft

1408 811 1550 858 hoed'
1577 812 1944 859 golcondaetsch
1972 812 2056 857 ed'
2083 809 2310 857 sterckte
2338 812 2649 860 Gondemanare
2676 813 2733 859 't
2761 812 2874 858 mijl
2902 812 2987 857 van
3015 808 3241 857 Tripetij
3268 807 3440 856 hadden

1404 923 1680 970 Ingenomen,
1706 922 1817 970 ende
1844 922 1954 967 haer
1980 919 2173 967 gereedt
2200 916 2420 963 maeckten
2448 916 2503 962 op
2528 913 2832 962 sandragirij
2859 912 2942 958 een
2968 911 3079 958 seer
3105 905 3476 955 sterckeplaets

1436 1024 1545 1070 vast
1572 1026 1654 1071 aen
1680 1024 1898 1070 trepefij
1924 1023 1979 1068 te
2004 1021 2198 1068 vallen,
2223 1024 2469 1072 hieroverd
2495 1025 2658 1072 mayst.
2686 1020 2903 1070 bedroeft
2930 1019 3094 1065 sijnde
3120 1015 3256 1065 heeft
3282 1014 3396 1061 aen„

1396 1133 1616 1183 sehasij,
1644 1132 1753 1179 ende
1779 1133 2079 1179 mustafschan
2104 1130 2215 1178 doen
2242 1131 2406 1178 W:eten
2432 1133 2487 1179 't
2513 1133 2731 1180 bedrijff
2759 1134 2841 1180 der
2867 1132 3250 1181 goerondaetsche

1402 1234 1594 1282 daerbij
1620 1233 1784 1280 doende
1811 1233 1893 1279 dit
1919 1233 2056 1279 alles
2083 1234 2220 1280 tegen
2246 1236 2329 1281 het
2355 1237 2573 1284 contract
2600 1240 2709 1285 niet
2735 1238 3035 1284 haerluijden
3062 1235 3281 1284 gemaeckt

1398 1336 1672 1385 vrijdende
1702 1335 1794 1381 Was
1823 1335 1946 1383 niet
1975 1339 2189 1388 wetende
2219 1343 2402 1391 waerin
2432 1346 2554 1392 haer
2584 1347 2736 1392 soude
2766 1339 3041 1393 betrauwen

1403 1475 1609 1522 daerop
1642 1473 1882 1519 d'selve
1916 1472 1985 1518 d'
2019 1469 2224 1518 maijs.
2257 1468 2292 1514 t
2326 1463 2702 1513 andtwoorden
2733 1459 2839 1507 dat
2871 1455 2975 1504 den
3009 1447 3324 1499 Cercheijl

1386 1588 1500 1639 haer
1528 1586 1668 1633 hadde
1695 1585 2059 1632 aengeschreven
2086 1583 2227 1630 alsoo
2254 1584 2367 1629 in't
2394 1584 2534 1631 landt
2562 1586 2646 1631 van
2674 1583 2926 1631 Carnaticq
2953 1580 3094 1628 waren
3121 1574 3432 1624 Ingetrocken

1401 1698 1521 1746 niet
1550 1699 1669 1745 vast
1698 1698 1995 1744 vertrouwen
2024 1698 2084 1745 d'
2113 1700 2409 1748 Hollanders
2439 1703 2528 1748 van
2557 1697 2884 1748 Pallaccatta
2913 1695 3032 1742 haer
3060 1691 3328 1739 behulpich

1396 1807 1496 1853 ende
1520 1805 1571 1852 t'
1594 1802 1721 1848 wille
1745 1801 1870 1847 soude
1895 1802 2045 1848 wesen,
2070 1803 2145 1848 soo
2169 1803 2245 1851 dit
2269 1806 2346 1853 soo
2369 1809 2445 1855 Is,
2469 1810 2620 1856 moeste
2644 1812 2695 1858 d'
2717 1811 2869 1858 maijs.
2894 1812 2919 1857 t
2944 1810 3044 1857 Cito
3068 1800 3393 1855 d'hollanders—

1379 1911 1597 1965 sodanich
1623 1908 1945 1957 Contenteren,
1972 1907 2053 1953 dat
2079 1908 2133 1955 d'
2159 1911 2294 1957 sijde
2320 1912 2456 1961 vande
2481 1917 2857 1966 golcondaetsche
2883 1920 2991 1967 niet
3018 1920 3071 1965 en
3097 1915 3313 1965 hielden,
3333 1910 3368 1959 —

1393 2060 1466 2107 d'
1499 2049 1680 2104 mais.
1714 2047 1752 2094 t
1788 2039 2146 2092 andtwoorde
2182 2038 2398 2084 hierop
2432 2041 2576 2087 bjet
2609 2039 2791 2087 alles
2826 2042 3294 2096 onwaerachtich
3323 2050 3471 2098 was,

1389 2163 1489 2210 ende
1513 2162 1587 2207 dat
1612 2162 1662 2207 d'
1686 2159 1934 2207 Hollanders
1959 2159 2133 2205 sulcken
2157 2158 2281 2204 Volcq
2306 2158 2405 2205 niet
2429 2158 2480 2204 en
2504 2157 2678 2203 waeren,
2702 2157 2777 2203 wij
2802 2157 2950 2203 hebben
2975 2157 3025 2202 d'
3049 2156 3174 2202 stadt
3197 2155 3472 2201 palliacaita

1386 2269 1466 2320 aen
1490 2266 1595 2313 haer
1619 2263 1749 2310 selfs
1773 2261 1954 2307 gegeven
1979 2259 2083 2305 ende
2108 2260 2263 2308 hebben
2288 2264 2417 2311 noijt
2442 2266 2623 2313 sulcken
2648 2268 2828 2313 ontrouw
2854 2268 3059 2315 bewesen,
3084 2269 3163 2316 sij
3187 2272 3291 2317 sijn
3315 2264 3471 2316 Vromme

1386 2379 1490 2426 ende
1513 2372 1747 2422 eerlijcke
1772 2369 1952 2416 luijden
1978 2369 2055 2415 die
2080 2368 2184 2413 haer
2210 2368 2339 2413 woort
2364 2369 2672 2416 mainteneren,
2698 2371 2801 2416 ende
2826 2370 2955 2416 eeret
2980 2369 3161 2415 hebben,
3185 2365 3264 2413 die
3287 2361 3399 2410 dese

1358 2484 1598 2537 „deuchden
1623 2483 1729 2529 niet
1756 2482 1835 2528 bij
1861 2482 1967 2528 sich
1992 2480 2151 2527 heeft,
2177 2478 2284 2525 moet
2308 2477 2389 2522 het
2415 2477 2494 2522 Van
2521 2477 2626 2523 haer
2653 2478 2838 2526 leeren,
2863 2479 2917 2527 d'
2942 2480 3101 2526 Mooren
3127 2479 3207 2525 dit
3233 2474 3444 2524 verstaen

1377 2594 1535 2649 seijde
1558 2590 1663 2637 hebt
1688 2589 1792 2635 ghij
1816 2587 1998 2633 sulcken
2022 2586 2178 2632 geloof
2201 2584 2255 2631 op
2280 2583 2385 2630 haer
2409 2586 2512 2632 HHo:
2538 2587 2719 2634 genough

1375 2747 1449 2796 d'
1483 2740 1666 2795 mais.
1701 2739 1738 2786 t
1774 2739 1847 2786 In
1882 2737 2173 2784 secreten
2207 2738 2354 2784 rade
2389 2738 2644 2785 sijnde,
2679 2737 2934 2784 seijde,
2969 2733 3151 2781 soude
3186 2727 3296 2777 het
3327 2721 3369 2771 —

1383 2848 1647 2907 mogelijck
1675 2846 1820 2892 Wesen
1849 2847 1907 2892 d'
1935 2846 2224 2892 Hollanders
2253 2846 2341 2892 dat
2368 2848 2542 2896 souden
2570 2850 2716 2899 doen,
2744 2853 2803 2899 op
2830 2851 2890 2897 't
2918 2851 3092 2897 welcke
3120 2853 3207 2899 die
3236 2853 3326 2903 van

1375 2965 1536 3018 sijnen
1559 2960 1667 3008 rade
1692 2957 1772 3005 tot
1797 2956 2061 3005 andtwoorde
2086 2959 2272 3006 diende,
2296 2961 2375 3007 dat
2401 2961 2507 3008 doen
2533 2963 2743 3011 Casialij
2769 2965 2822 3011 op
2848 2965 2927 3011 den
2951 2963 3295 3011 Carngtischden
3320 2960 3452 3007 bodem

1376 3079 1582 3132 omtrent
1610 3075 1930 3123 palliacatta
1959 3074 2047 3120 was
2075 3075 2162 3120 hij
2191 3075 2250 3120 d'
2278 3073 2569 3119 hollanders
2597 3074 2685 3120 soo
2713 3076 2830 3121 groo
2859 3076 2917 3121 te
2946 3074 3266 3123 presentatie
3293 3076 3352 3123 en

1364 3185 1554 3245 belofte
1580 3183 1686 3230 doen
1712 3182 1872 3228 deden,
1898 3183 2005 3229 omme
2030 3184 2111 3231 met
2134 3184 2323 3231 d'selve
2348 3187 2402 3233 in
2428 3188 2640 3235 Contract
2666 3190 2720 3235 te
2746 3190 2932 3236 treden,
2956 3186 3064 3234 doch
3090 3176 3383 3230 bemerckende

1351 3298 1487 3347 sulcx
1513 3295 1621 3342 meet
1647 3293 1970 3339 Verundtschap
1996 3292 2104 3339 niet
2129 3292 2265 3338 conde
2291 3291 2346 3337 te
2372 3292 2534 3337 weeghn
2560 3292 2776 3341 brengen,
2801 3292 2937 3340 heeft
2963 3290 3152 3337 d'selve
3178 3288 3447 3335 gedreyght,

1374 3414 1491 3461 maer
1519 3411 1665 3458 niets
1693 3410 1780 3456 tot
1809 3409 1925 3454 haer
1954 3408 2129 3454 nadeel
2156 3407 2330 3455 Cunnen
2359 3406 2707 3454 uijtwercken,
2734 3407 2881 3454 sulcx
2908 3404 2996 3451 dat
3024 3401 3083 3448 op
3110 3396 3228 3444 dese
3256 3395 3349 3444 tit

1364 3536 1449 3586 sij
1476 3534 1587 3581 noch
1613 3529 1806 3578 d'selve
1833 3526 2026 3574 waeren,
2053 3522 2164 3570 ende
2190 3521 2245 3569 d'
2272 3523 2410 3569 stadt
2437 3523 2520 3569 wel
2548 3521 2795 3568 beschermn
2822 3521 2987 3569 souden
3013 3522 3070 3567 't
3097 3519 3235 3568 welcq
3259 3517 3344 3563 den

1368 3654 1575 3704 Coninck
1603 3648 1753 3698 alsoo
1781 3646 1900 3693 mede
1930 3646 2226 3693 verstondt,
2255 3646 2374 3692 ende
2402 3643 2640 3690 scheijde
2669 3640 2818 3687 alsoo
2847 3637 2936 3684 den
2964 3632 3114 3681 raedt

1162 3796 1231 3846 An
1261 3789 1329 3839 12
1359 3781 1459 3832 tot
1491 3780 1558 3826 17
1588 3778 1655 3826 do
1688 3776 1819 3822 niet
1851 3776 2277 3823 renarcquabels
2309 3778 2704 3829 Woorgevallen

1189 3991 1255 4042 Af
1284 3982 1349 4034 18
1378 3975 1443 4025 d.
1473 3973 1506 4019 o
1537 3971 1822 4019 vertreckt
1852 3974 1947 4020 van
1978 3975 2105 4020 deer
2135 3974 2295 4021 Thede
2325 3977 2452 4023 over
2482 3978 2830 4028 Masulipatam
2860 3983 2924 4029 en
2955 3983 3271 4030 Wingapatam

1370 4056 1483 4104 den
1521 4052 1974 4100 oppercoopman
2011 4054 2088 4101 s.
2123 4057 2166 4106 r
2193 4060 2502 4110 Hendricq
2538 4064 2652 4112 van
2689 4066 2842 4118 Gent
2878 4074 2992 4119 met
3029 4075 3105 4121 't
3140 4072 3369 4120 fluijt

1357 4152 1516 4201 schip
1547 4150 1674 4196 ende
1705 4147 1832 4194 Wolf
1863 4149 2022 4196 synde
2052 4149 2148 4195 van
2179 4149 2528 4200 hierbeladen
2559 4155 2654 4201 met
2685 4153 2781 4200 een
2811 4155 3223 4204 Cargasoentgen
