3567 4883
1305 657 1488 705 ende
1533 657 1761 703 12430
1806 654 1897 701 lb
1942 649 2443 699 Buscruijdt,
2488 645 2762 695 tsamen
2807 638 3268 689 monterende

1250 817 1300 866 ƒ
1343 798 1856 859 302126„6„15
1902 790 2134 843 sulcx
2175 784 2366 834 ued„
2410 775 2737 828 naerder
2781 774 2876 820 en
2922 763 3386 820 specificie

1270 936 1406 991 Bij
1448 928 1538 977 d'
1580 918 1847 972 nevens
1890 913 2290 963 gevoughde
2333 916 2643 961 facture
2686 911 2952 961 sullen
2996 905 3350 956 gelieven

1280 1065 1370 1118 te
1412 1050 1761 1107 beoogen,
1803 1043 1978 1095 daer
2020 1040 2151 1087 toe
2195 1040 2369 1085 mij,
2409 1034 2586 1085 ende
2629 1029 2847 1078 onder
2888 1017 3195 1073 anderen

1259 1183 1693 1239 Raeckende
1737 1173 2171 1228 diversche
2218 1154 2794 1218 caijlpatamse
2840 1146 3323 1198 lijnwaeten

1294 1314 1435 1365 tot
1480 1311 1620 1358 een
1662 1302 1943 1357 preuve
1982 1302 2218 1350 Comme
2264 1302 2449 1348 ued„
2494 1297 2633 1347 wel
2674 1280 3093 1341 gevallen,
3134 1268 3325 1324 ende

1293 1445 1536 1494 ordre,
1576 1442 1698 1490 hoe
1737 1435 1940 1486 verre
1979 1433 2143 1482 hier
2181 1428 2345 1476 inne
2385 1427 2466 1473 te
2506 1418 2871 1472 handelen,
2908 1409 3073 1461 daer
3112 1401 3275 1452 over
3312 1393 3399 1444 te

1273 1570 1545 1631 sijner
1588 1564 1768 1613 tijt
1812 1560 1903 1608 af
1947 1556 2037 1603 te
2081 1549 2440 1600 wachten)
2484 1535 2932 1593 ingekocht,
2975 1528 3066 1577 in
3110 1517 3390 1572 desen,

1275 1710 1463 1761 omme
1509 1696 2023 1752 cortsheijts
2052 1690 2350 1740 wille,
2396 1687 2584 1734 sall
2629 1673 3052 1730 Refereren

1342 1937 1488 1989 dit
1533 1929 1776 1979 schip
1822 1921 2257 1974 vertreckt
2304 1919 2498 1965 mede
2545 1919 2690 1965 met
2738 1913 2930 1966 sijn
2978 1907 3364 1958 famielie

1284 2051 1397 2097 den
1434 2047 1661 2095 cranck
1698 2040 2037 2092 besoecker
2075 2038 2377 2085 Hendrick
2413 2036 2753 2085 hersongh,
2790 2027 3017 2080 sijnde
3052 2020 3395 2072 desselffs

1275 2156 1531 2218 jongst
1568 2155 1947 2203 verbonden
1989 2155 2156 2201 tijt
2197 2155 2781 2202 g'expirieerdt,
2822 2156 2990 2202 ende
3031 2155 3200 2202 well

1293 2272 1826 2332 g'inclineerdt
1867 2268 2155 2317 geweest
2195 2269 2360 2314 sich
2400 2267 2565 2315 voor
2606 2266 2770 2312 noch
2810 2265 3057 2312 eenige
3097 2258 3344 2310 jaeren

1271 2415 1476 2467 onder
1514 2408 1597 2458 d'
1635 2395 2042 2450 qualiteijt
2081 2394 2203 2441 van
2243 2393 2689 2440 proponeupt,
2729 2393 2810 2439 en
2851 2386 3339 2439 verbeteringe

1268 2537 1396 2590 van
1437 2531 1647 2580 gagie
1687 2530 1897 2577 aende
1939 2529 2023 2575 E.
2063 2525 2315 2572 comp„e
2355 2525 2440 2571 te
2482 2518 2984 2570 verplichten,
3025 2518 3193 2564 daer
3234 2515 3360 2563 toe

1263 2674 1438 2722 voor
1480 2670 1568 2717 en
1612 2668 1830 2715 aleer
1873 2669 2048 2715 ued„
2091 2665 2441 2714 expresse
2483 2666 2702 2716 ordre
2744 2669 3007 2716 hadde,
3049 2667 3226 2714 niet
3266 2663 3356 2714 en

1239 2810 1455 2859 hebbe
1495 2803 1754 2854 connen
1797 2796 2269 2847 disponeren,
2311 2788 2697 2843 oversulcx
2739 2785 2912 2832 sijn
2953 2781 3341 2830 vertreck,

1252 2945 1415 2997 omme
1454 2941 1576 2989 bij
1614 2937 1736 2985 die
1774 2933 2098 2982 occassie
2139 2931 2219 2978 te
2258 2927 2460 2975 beter
2500 2925 2622 2972 tot
2661 2920 2822 2969 sijn
2861 2907 3388 2964 godtvruchtich

1250 3071 1621 3126 ooghmerck
1662 3072 1826 3117 door
1867 3071 2032 3117 ued„
2073 3070 2320 3117 faveur
2360 3070 2443 3116 te
2481 3063 2895 3114 geraecken,
2935 3063 3389 3109 ernstelijck

1253 3214 1594 3268 versocht
1636 3210 1894 3259 heeft,
1934 3214 2107 3260 ued„
2147 3209 2277 3257 tot
2319 3205 2704 3253 desselffs
2746 3200 3088 3250 promotie
3129 3197 3390 3248 (sulcx

1250 3362 1701 3417 vertrouwe)
1746 3354 2198 3408 gelievende
2241 3352 2333 3399 te
2377 3346 2875 3397 resolveren,
2918 3349 3326 3400 wenschten

1224 3489 1402 3544 (des
1444 3477 1840 3532 mogelijck
1884 3469 2191 3521 sijnde)
2234 3465 2367 3513 ten
2410 3464 2718 3514 aensien
2761 3468 2937 3515 sijn
2981 3465 3288 3514 bequaem
3332 3465 3376 3510 h

1248 3614 1466 3671 goede
1508 3608 1596 3656 en
1634 3602 2160 3651 stichtelijck
2202 3605 2812 3655 comportemendt,
2852 3608 2983 3657 p„r
3026 3606 3331 3656 eersten

1245 3741 1503 3792 nevens
1545 3738 1719 3786 ued„
1760 3733 2150 3784 licentie,
2192 3738 2322 3783 ome
2364 3738 2494 3785 den
2533 3739 2796 3786 selven
2838 3740 2968 3787 opt
3011 3739 3357 3795 compt=r„

1237 3872 1813 3931 masulijpatam
1860 3870 2052 3918 (als
2099 3868 2195 3914 d'
2242 3868 3009 3916 noodtwendicheijt
3057 3868 3300 3916 sulcx

1226 4020 1362 4070 wel
1404 4000 2034 4065 vereijschende)
2079 3997 2169 4044 te
2212 3994 2437 4041 mogen
2481 3991 3020 4040 emploijeren,
3064 3993 3295 4041 weder

1199 4160 1600 4225 herwaerts
1642 4149 1999 4205 gesonden
2035 4146 2354 4194 wierde,
2398 4147 2665 4195 sonder
2708 4151 2841 4197 dat
2881 4143 3063 4196 voor
3107 4135 3375 4187 eenich

1232 4316 1695 4378 disaijster,
1735 4310 1863 4359 als
1905 4303 2074 4353 voor
2109 4293 2325 4347 desen
2365 4292 2494 4338 wel
2535 4290 2748 4337 wegen
2788 4293 2873 4340 d'
2914 4290 3336 4338 getrouwden

1242 4462 1669 4518 derwaerts
1713 4441 2238 4506 gemoveerdt,
2283 4439 2380 4485 te
2427 4431 2760 4484 duchten
2806 4423 2950 4474 is,
2993 4412 3092 4465 in
3136 4401 3329 4455 alle

2964 4562 3317 4631 gevalle

1489 1798 1580 1853 de
