3573 4958
2803 309 2992 379 728

680 337 847 394 Snno
886 326 1011 379 ao.
1047 308 1215 368 1646

946 513 1237 562 meenighte
1268 512 1655 565 achternaimet
1688 520 1977 566 trouwers,
2010 520 2332 573 bamboesen,
2363 528 2430 576 en
2460 533 2816 595 Seepmellen,
2846 552 3008 606 edagh

936 632 1270 684 chiappeerden,
1294 634 1396 680 ende
1421 634 1574 683 oracht
1599 638 1676 684 ons
1701 639 1752 684 de
1776 637 1981 684 droewige
2005 636 2209 687 tijdinge
2234 643 2337 693 seer
2360 649 2565 701 verbaest
2589 657 2641 704 't
2665 660 2818 708 huijs,
2843 662 2947 711 waer
2970 668 3022 715 op

920 754 1009 800 ten
1039 753 1277 799 eersten,
1307 753 1574 801 beneffens
1604 756 1693 801 den
1723 754 2080 801 onderCoopman
2109 756 2349 807 Kiebeecq
2377 763 2646 817 denselven
2674 773 2853 826 souden
2882 781 3001 829 naer

932 880 1025 926 den
1056 878 1428 926 grootrechter
1460 878 1739 924 Ongahaij:
1770 878 1894 923 omme
1925 878 2049 925 over
2080 880 2144 925 de
2173 882 2424 935 Chinesen
2452 893 2516 939 te
2545 896 2763 951 clagen,
2793 906 2856 953 en
2886 909 3044 955 recht

925 1006 988 1053 te
1019 1008 1332 1058 versoeken,
1364 1010 1677 1058 Itemdatons
1708 1010 2053 1057 voorhaelden
2084 1012 2179 1058 S:r
2209 1012 2428 1061 Heycoop
2460 1016 2555 1064 die
2584 1020 2743 1072 inder
2772 1028 3027 1085 Chinesen

863 1139 1143 1186 handenwas
1174 1139 1422 1185 gebleven
1452 1140 1576 1187 niet
1607 1142 1824 1189 wetende
1854 1142 1948 1188 off
1979 1142 2166 1190 aldood
2196 1146 2289 1191 off
2320 1147 2444 1194 nogt
2474 1149 2693 1196 levende
2722 1152 2816 1199 was
2846 1155 3063 1205 wederom

920 1266 1095 1314 souden
1122 1269 1238 1315 doen
1266 1271 1582 1318 Jntregeren:
1611 1273 1985 1319 mitsgadersd:s
2013 1274 2273 1323 baldadige
2300 1279 2532 1329 Chinesen
2559 1286 2676 1335 doen
2702 1291 3080 1348 appretenderen

905 1391 993 1440 off
1021 1389 1079 1434 by
1108 1389 1281 1435 aldien
1309 1390 1426 1436 syne
1454 1391 1598 1437 may:t
1627 1390 1743 1436 daer
1770 1389 1858 1436 toe
1886 1388 1973 1434 met
2002 1389 2262 1438 begeerden
2290 1394 2348 1440 te
2376 1396 2607 1448 verstaen
2636 1403 2810 1454 sonden
2837 1410 3014 1461 genoot

925 1521 1076 1568 saect
1106 1522 1318 1569 blijven
1348 1524 1469 1571 onse
1499 1525 1922 1573 eijgenrechters
1951 1525 2013 1571 op
2041 1523 2316 1571 verhaelde
2345 1525 2617 1575 Choinesen
2647 1529 2708 1576 te
2737 1531 2890 1583 wesen
2919 1537 3041 1584 ende

923 1647 1179 1697 rerengie
1210 1652 1274 1697 te
1306 1652 1465 1699 nemen
1497 1654 1593 1701 met
1624 1657 1752 1703 onse
1781 1654 2006 1703 Schepen
2038 1653 2134 1700 die
2165 1652 2452 1701 insulcken
2483 1656 2580 1703 cas
2611 1659 2739 1707 daer
2770 1663 2931 1709 natoe

926 1775 1259 1825 wildenlaten
1289 1780 1563 1829 affsacken
1592 1784 1683 1829 dat
1713 1781 2016 1828 albegonnen
2045 1780 2199 1826 soude
2227 1781 2350 1827 sijn
2380 1783 2592 1831 geweest
2622 1786 2834 1832 tenware
2864 1786 2926 1832 in
2952 1786 3046 1833 's

914 1899 1156 1952 Coninghs
1186 1907 1306 1954 land
1336 1909 1517 1957 laten,
1547 1910 1608 1956 by
1637 1910 1879 1956 obienals
1908 1910 2211 1957 gehoorsame
2239 1913 2542 1962 onderdanen
2571 1917 2662 1964 van
2691 1919 2842 1969 sijne
2872 1924 3023 1973 mag=t

917 2034 1292 2080 Eerbiedelijk
1323 2036 1510 2083 quamen
1541 2038 1822 2084 versoeken
1852 2038 2009 2084 omous
2040 2039 2322 2087 goedrecht
2352 2043 2478 2092 ende
2505 2042 2759 2094 Justitie
2788 2051 2914 2099 over
2944 2053 3039 2100 der

916 2153 1161 2206 Chinesen
1190 2155 1374 2202 Enorme
1403 2158 1616 2207 exactie
1646 2162 2042 2210 gepergetreert
2072 2163 2195 2210 aen:
2225 2163 2348 2209 gem:
2376 2165 2559 2211 person
2589 2166 2681 2213 een
2711 2168 2805 2216 uyt
2833 2173 2985 2223 onsen

882 2279 1020 2334 Rade
1053 2277 1323 2325 wesende.
1355 2280 1593 2334 Ongahay
1624 2291 1761 2338 gaff
1793 2294 1895 2339 tot
1928 2295 2198 2341 antwoord
2231 2297 2466 2344 indient
2500 2298 2568 2344 in
2601 2299 2703 2346 syn
2736 2302 3005 2350 beliefte

907 2402 1066 2456 stond
1096 2403 1284 2450 sonder
1314 2406 1379 2453 't
1408 2410 1596 2460 minste
1626 2415 1815 2467 dilaij
1845 2423 1939 2470 ons
1970 2425 2127 2472 wilde
2157 2428 2594 2478 terechthelpen:
2625 2433 2753 2482 maer
2780 2439 3065 2490 doordient

903 2530 1107 2578 groote
1140 2531 1548 2585 ambassadeurs
1581 2541 1684 2589 van
1717 2544 2091 2596 Jquanwbegen
2125 2551 2227 2598 den
2260 2554 2532 2604 Chinesen
2566 2559 2973 2615 Coninghwaren

905 2661 1005 2707 die
1039 2662 1140 2709 hun
1172 2664 1273 2712 met
1306 2668 1541 2714 ontsien
1573 2669 1774 2717 hadden
1807 2672 1908 2718 des
1941 2673 2142 2723 Jongen
2174 2680 2442 2728 Coninghs
2474 2680 2810 2730 Capitainen
2842 2681 2977 2731 ende

900 2800 1331 2849 gecommitteerde
1360 2805 1575 2850 qualijk
1604 2804 1666 2850 te
1697 2804 1973 2853 bejegenen
2003 2809 2369 2864 metslaenende
2400 2819 2584 2866 stoten
2614 2821 2767 2867 alser
2798 2822 2890 2869 van
2919 2821 3043 2870 sijn

901 2931 1084 2981 altese
1114 2936 1357 2982 gesonden
1387 2937 1600 2984 quamen,
1629 2939 1721 2985 dat
1751 2940 1811 2986 de
1842 2940 2024 2985 maij=t
2054 2939 2418 2990 oogtluykende
2448 2945 2571 2992 liet
2599 2948 2874 2997 passeren,
2902 2953 3027 3001 cost

897 3057 1013 3108 daer
1041 3064 1157 3111 niet
1184 3067 1385 3116 indoen:
1413 3071 1671 3118 maerstond
1700 3073 1872 3119 tselve
1900 3074 2072 3120 aenden
2100 3074 2331 3123 Coningh,
2357 3077 2445 3123 byj
2472 3078 2589 3125 wien
2616 3081 2702 3127 ons
2731 3082 3047 3128 renvojeerde

897 3182 1146 3238 sendende
1174 3193 1392 3243 tendien
1422 3198 1607 3247 eijnde
1638 3202 1731 3247 met
1761 3202 1854 3249 ons
1885 3204 1948 3250 te
1978 3206 2102 3252 hove
2132 3208 2318 3255 sijnen
2348 3211 2657 3258 aengenomen
2687 3214 2873 3260 Soone:
2904 3216 3031 3264 omme

892 3313 1019 3362 onse
1046 3319 1201 3370 saken
1232 3324 1325 3370 den
1355 3325 1571 3373 Coningh
1602 3328 1694 3374 opt
1725 3329 2188 3383 gewounelyjckste
2218 3338 2343 3385 voor
2372 3340 2434 3386 te
2465 3340 2681 3389 dragen,
2712 3344 3052 3398 daergekomen

893 3449 1126 3497 wesende
1159 3452 1492 3503 bevalend:e
1522 3457 1726 3510 Jongen
1757 3467 1957 3517 Capado
1990 3473 2289 3523 andermael
2322 3478 2389 3524 by
2422 3479 2522 3524 den
2555 3479 2788 3525 Coningh
2820 3479 3055 3527 omrecht

870 3586 989 3635 ende
1013 3582 1252 3629 Justitie
1282 3583 1401 3632 hard
1429 3588 1783 3643 aentehouden,
1811 3600 1900 3649 met
1929 3604 2195 3659 allegatie
2222 3612 2312 3660 dat
2341 3612 2429 3657 bij
2459 3612 2636 3659 aldien
2664 3615 2783 3662 sijn
2811 3616 2990 3664 maij:t

890 3712 1127 3758 daerjnne
1156 3713 1245 3759 ons
1274 3715 1393 3761 niet
1422 3717 1837 3768 mainteneerden,
1864 3724 1984 3772 sigh
2013 3728 2102 3775 als
2131 3731 2221 3779 dan
2249 3734 2309 3781 op
2338 3737 2427 3782 ons
2456 3737 2575 3783 niet
2604 3737 2663 3782 te
2693 3737 3019 3789 verstooren.

867 3830 1013 3879 soude
1041 3831 1243 3880 hebben,
1269 3836 1356 3883 dat
1383 3838 1470 3886 ons
1498 3842 1671 3892 selven
1698 3848 1755 3894 op
1784 3849 1842 3895 de
1869 3851 2098 3902 Chinesen
2126 3857 2497 3911 revengieerden
2526 3865 2583 3910 en
2611 3863 2698 3909 ons
2726 3863 3040 3916 onschuldigh

869 3943 1092 3994 hielden
1122 3950 1374 4002 vantgene
1404 3958 1624 4009 hundier
1654 3965 1812 4018 wegen
1842 3974 2030 4025 stonde
2062 3980 2124 4027 te
2155 3982 2501 4034 verwachten,
2531 3989 2657 4038 want
2688 3993 2782 4040 ons
2813 3994 3002 4042 gemoet

2644 4119 2866 4167 niet

16 475 31 520 aer

89 477 163 530 r

0 696 254 755 effens
