3642 4828
1002 478 1342 531 april
1409 465 1683 522 1646

1413 600 1525 647 ende
1552 603 1803 653 vervolgen
1831 608 1944 656 soot
1970 612 2054 658 hem
2082 613 2223 659 goedt
2249 615 2419 664 dochte
2444 621 2529 670 het
2555 626 2751 679 Casteel
2778 634 2836 682 al
2862 638 3004 688 soude
3029 645 3227 697 sterven
3252 653 3309 700 en

1397 696 1611 744 begeerde
1636 697 1743 742 niet
1770 697 2089 744 overtegeven,
2116 699 2170 745 op
2196 701 2277 748 den
2302 703 2490 755 rickdom
2515 711 2597 759 der
2621 715 2756 764 stadt
2781 720 2836 767 en
2861 723 3049 774 Casteel
3074 730 3129 777 en
3154 733 3372 786 Condemen

1399 789 1508 840 geen
1534 787 1692 834 staedt
1718 787 1929 833 maecken,
1955 787 2061 833 also
2087 789 2141 835 't
2165 792 2351 842 geneden
2376 798 2589 851 Conincke
2612 808 2668 856 op
2691 812 2799 864 goet
2823 820 2929 866 mist
2954 821 3139 873 afschan
3165 828 3271 876 niet
3296 832 3353 882 en

1398 881 1524 927 soude
1549 881 1775 927 gelooven,
1800 881 1900 929 dese
1925 884 2076 930 saecke
2100 885 2176 932 dus
2200 887 2302 934 over
2325 890 2376 937 en
2400 892 2528 943 weder
2550 899 2652 949 niet
2676 905 2853 959 beloven
2876 915 2977 964 ende
3001 919 3252 972 teijsschen
3277 928 3358 975 den

1397 978 1609 1027 geheeren
1633 976 1739 1022 dagh
1766 977 1951 1023 staende
1975 979 2029 1026 se
2054 981 2319 1033 eyndelijck
2343 989 2659 1042 g'accordeert
2685 998 2791 1046 alle
2816 1001 2870 1048 d'
2895 1004 3159 1056 oliphanten
3183 1012 3265 1060 die
3288 1017 3346 1068 In

1405 1084 1462 1130 54
1489 1082 1574 1129 stx
1602 1080 1801 1126 bestaen
1828 1081 2082 1128 beneffens
2110 1082 2139 1127 8
2167 1082 2337 1132 laaken
2364 1087 2590 1141 waerdije
2617 1096 2675 1143 of
2702 1099 2788 1145 800
2815 1101 2845 1148 l
2871 1104 2928 1150 p.
2956 1105 2984 1150 a
3012 1105 3069 1151 sn
3097 1106 3325 1155 Juweelen

1406 1174 1756 1224 t'Intrageren,
1783 1179 1891 1226 ende
1917 1181 1998 1227 soo
2025 1182 2160 1228 haest
2186 1183 2294 1230 dese
2320 1185 2618 1239 voldoeninge
2642 1195 2885 1246 geschiedt
2911 1201 3073 1249 blijft
3099 1205 3154 1251 nu
3179 1207 3477 1259 mustasscha„

1398 1282 1769 1330 g'obligeert,
1798 1285 1892 1331 tot
1920 1285 1984 1331 't
2014 1285 2169 1330 Bosch
2199 1286 2355 1332 aende
2384 1288 2601 1336 plaetse
2631 1292 2878 1340 genaempt
2908 1295 3063 1341 Amour
3093 1296 3156 1342 te
3186 1296 3341 1344 rugge

1369 1392 1448 1440 „te
1473 1389 1680 1436 trecken,
1706 1389 1861 1435 alwaer
1887 1390 1964 1435 sal
1989 1389 2171 1436 blijven
2197 1391 2274 1436 tot
2300 1391 2378 1437 dat
2403 1393 2456 1439 d'
2480 1395 2610 1443 Mais.
2635 1398 2662 1444 t
2687 1399 2765 1446 hem
2790 1399 2869 1445 sal
2892 1399 3049 1446 hebben
3074 1401 3256 1449 voldaen
3281 1404 3334 1450 't
3359 1406 3464 1454 gene

1397 1497 1586 1545 volgens
1612 1497 1667 1543 't
1693 1497 1802 1543 oude
1828 1499 2043 1546 contract
2069 1501 2178 1548 noch
2203 1502 2338 1548 oende
2365 1503 2501 1550 Crone
2526 1506 2607 1554 van
2634 1509 2876 1557 viscapour
2902 1512 2984 1559 ten
3010 1514 3226 1563 achteren
3252 1518 3334 1565 Was
3359 1522 3388 1568 —

1375 1612 1460 1665 als
1486 1607 1675 1654 wanneer
1700 1606 1998 1653 mustafschan
2024 1607 2241 1654 gehouden
2268 1609 2348 1654 so,
2375 1609 2457 1656 den
2483 1611 2780 1663 Carmatschen
2806 1618 3076 1667 rijcxbodem
3101 1620 3157 1667 te
3183 1620 3401 1668 quiteren

1395 1716 1496 1764 ende
1520 1714 1596 1761 wat
1620 1713 1845 1760 daaerjnne
1870 1714 1995 1760 besat
2020 1713 2344 1760 t'gerstellen,
2369 1714 2444 1759 met
2469 1714 2594 1760 welcq
2618 1715 2819 1764 verdragh
2843 1720 3117 1765 wedersijdts
3142 1712 3468 1765 gecontenteert

1376 1822 1536 1867 synde,
1562 1820 1642 1867 syn
1668 1820 1775 1865 alle
1801 1820 2015 1866 werpenen
2039 1819 2121 1866 van
2146 1819 2466 1868 hostilliteyt
2493 1823 2732 1871 geschort,
2758 1826 2865 1871 ende
2891 1825 3025 1871 heeft
3050 1823 3104 1869 d'
3130 1819 3297 1868 mags=t

1382 1931 1592 1982 genoemde
1617 1927 1877 1975 oliphanten
1901 1924 2060 1972 daerop
2085 1925 2423 1975 overgelevert,
2448 1930 2527 1976 die
2552 1931 2838 1980 mistafschan
2863 1934 2968 1980 seer
2992 1933 3072 1980 wel
3097 1932 3306 1978 bevielen
3331 1934 3358 1980 —

1365 2040 1572 2095 seggende
1596 2037 1699 2084 laet
1724 2036 1801 2082 hij
1826 2035 1877 2081 nu
1903 2035 1954 2080 d'
1979 2035 2183 2081 Juweelen
2209 2035 2311 2080 oock
2336 2035 2489 2083 geven,
2514 2037 2591 2084 ick
2616 2039 2693 2085 sal
2718 2037 2998 2086 vertrecken,
3024 2036 3101 2082 dat
3126 2034 3203 2080 den
3227 2031 3408 2078 Coninck

1379 2151 1435 2197 en
1463 2148 1548 2196 142
1575 2146 1716 2192 dagen
1744 2145 1941 2191 aennaim
1967 2141 2025 2188 te
2052 2137 2166 2187 doen

1379 2297 1449 2346 de
1481 2290 1653 2341 drije
1686 2282 2162 2335 geconjungeerde
2195 2283 2467 2329 seijcken
2501 2284 2807 2332 schrijven
2840 2285 2944 2331 aen
2977 2281 3248 2331 Coninck,
3282 2276 3395 2326 Boe

1386 2393 1465 2439 dat
1491 2390 1701 2438 tijdinge
1727 2388 1912 2434 becomen
1937 2386 2096 2433 hadden
2122 2387 2149 2432 8
2174 2388 2333 2436 mooren
2358 2391 2437 2437 soo
2463 2391 2595 2437 verre
2621 2392 2884 2438 Ingevallen
2910 2391 2989 2438 dat
3015 2389 3226 2436 onreedts
3251 2391 3383 2437 onder

1375 2498 1431 2548 d'
1455 2490 1799 2542 Conincklijcke
1824 2488 1956 2534 stadt
1983 2488 2061 2533 met
2088 2488 2352 2535 haerpaerde
2377 2491 2510 2538 volcq
2535 2494 2719 2541 gecomen
2745 2495 2903 2541 waeren
2929 2495 3035 2541 dies
3061 2495 3166 2541 alle
3191 2494 3299 2540 onse
3323 2493 3351 2541 —

1373 2597 1504 2648 macht
1529 2595 1632 2641 ende
1657 2593 1862 2639 rijckdom
1888 2592 1965 2638 tot
1989 2591 2092 2637 uwen
2118 2592 2272 2639 dienst
2297 2594 2374 2640 Is,
2399 2595 2502 2641 ende
2527 2596 2605 2642 wij
2630 2597 2784 2643 sullen
2809 2598 2886 2644 met
2911 2599 2962 2644 d'
2988 2599 3065 2645 een
3090 2600 3193 2646 ofte
3218 2601 3270 2647 d:
3295 2602 3424 2648 ander

1366 2697 1559 2750 maniere
1585 2695 1640 2741 d'
1667 2693 1832 2739 Mooren
1858 2692 2159 2739 teruggedoen
2187 2691 2406 2739 trecken,
2431 2693 2596 2739 daerd'
2624 2694 2734 2740 mags
2760 2696 2788 2741 .
2815 2697 2842 2742 e
2869 2697 2924 2743 op
2951 2698 3225 2747 andswoorde
3252 2703 3336 2750 wat

1360 2801 1556 2851 schaede
1583 2799 1723 2846 Compt
1751 2798 1835 2844 mij
1862 2799 2002 2845 vande
2029 2798 2255 2845 Reijcken
2280 2800 2338 2846 al
2365 2801 2477 2848 toe,
2505 2803 2644 2850 wandt
2672 2803 2756 2849 dit
2784 2804 2924 2850 alles
2951 2806 3064 2854 door
3091 2810 3203 2856 haer
3231 2811 3347 2861 doen

1368 2911 1680 2963 veroorsaeckt
1705 2912 1783 2957 ds,
1808 2911 1860 2956 8'
1885 2907 2042 2956 maijs.
2067 2906 2094 2951 t
2119 2907 2275 2954 echter
2300 2910 2585 2958 beandtwoort
2610 2913 2714 2958 haer
2740 2913 2973 2963 schrijven
2998 2919 3076 2964 met
3102 2919 3394 2974 beleestheyt

1369 3023 1506 3069 ende
1537 3015 1915 3068 saenradinge
1948 3014 2052 3060 van
2084 3011 2259 3061 hulpe

1355 3149 1466 3197 den
1501 3149 1758 3195 broeder
1794 3150 1905 3196 van
1940 3152 2306 3199 Nareijnepa
2338 3153 2488 3200 ende
2525 3155 2928 3204 Eeremmeraje
2961 3158 3073 3205 met
3109 3158 3219 3203 ses
3255 3158 3294 3205 —

1366 3256 1668 3304 gouverneurs
1696 3255 1888 3301 brieven
1915 3255 2026 3301 ende
2053 3257 2355 3307 schenckagie
2383 3262 2494 3309 voor
2520 3264 2604 3310 een
2630 3265 2823 3310 Coninck
2850 3265 3153 3313 verschenen,
3180 3267 3290 3312 ende

1369 3359 1568 3409 d'selve
1596 3358 1794 3404 gelesen
1822 3357 1993 3404 sijnde
2020 3360 2163 3407 heeft
2189 3361 2247 3408 8'
2275 3361 2418 3409 mais.
2444 3365 2473 3410 s
2501 3366 2558 3411 d'
2586 3366 2869 3415 Hollanders
2897 3371 2982 3417 opr
3010 3371 3124 3417 haer
3151 3373 3381 3424 versoeck

1367 3462 1507 3513 Couel
1533 3459 1783 3505 gesonden,
1810 3461 1921 3506 ende
1948 3462 2115 3510 aenden
2140 3465 2417 3513 gouverneur
2445 3467 2749 3515 Tasscrijven
2775 3470 2997 3524 vereert—

1348 3574 1460 3622 den
1496 3572 1756 3620 Coninck
1793 3572 1978 3618 heeft
2014 3572 2311 3621 danielew
2347 3575 2571 3622 encket
2607 3578 2941 3627 apeneijck
2975 3580 3089 3628 het
3123 3578 3319 3629 landt

1343 3679 1428 3729 van
1456 3679 1483 3724 d
1510 3679 1731 3725 illegoty
1756 3679 1841 3725 dat
1867 3680 2143 3729 Babalachan
2167 3683 2307 3729 heeft
2334 3684 2691 3732 gegouverneert
2718 3687 2828 3734 doen
2855 3689 3076 3736 aenslaen
3102 3691 3157 3737 en
3185 3692 3270 3741 aen
3294 3698 3323 3744 —

1363 3788 1733 3835 kistapeneijck
1761 3790 1933 3836 belast
1960 3792 2017 3838 't
2046 3793 2188 3839 landt
2216 3794 2302 3840 van
2330 3795 2643 3844 Ponnemwelij
2671 3799 2757 3847 van
2784 3802 3041 3850 gelijcken
3069 3804 3127 3850 te
3154 3805 3269 3850 doen
3297 3804 3327 3851 —

1354 3900 1421 3948 d'
1454 3900 1621 3948 mags.
1651 3903 1686 3949 s
1718 3906 1884 3952 heeft
1916 3907 2015 3953 een
2048 3908 2214 3955 tente
2246 3911 2378 3958 even
2411 3913 2643 3961 buijten
2674 3915 2744 3962 't
2772 3917 3006 3964 Casteel
3039 3919 3172 3966 doen
3204 3922 3374 3970 slaen

1354 3998 1469 4044 ende
1496 3996 1667 4042 aldaer
1695 3997 1896 4047 gahasij
1922 4004 2064 4051 synde
2092 4007 2179 4055 een
2205 4011 2376 4059 groodt
2404 4014 2603 4061 meester
2630 4016 2773 4062 onder
2801 4017 2830 4062 s
2858 4016 3029 4063 mooren
3056 4019 3284 4067 ontboden
3302 4017 3341 4068 —

1359 4095 1473 4144 ende
1501 4095 1586 4140 met
1613 4094 1699 4140 den
1726 4095 1895 4142 selpen
1923 4097 2121 4149 spraeck
2149 4104 2402 4154 gehouden,
2430 4109 2516 4155 ter
2543 4111 2713 4158 wijlen
2740 4114 2797 4160 't
2825 4115 3022 4162 Casteel
3050 4117 3276 4165 gesloten
3303 4116 3389 4165 was

1345 4190 1527 4242 hebben
1556 4191 1645 4236 die
1673 4190 1824 4237 vande
1853 4192 2003 4237 stadt
2031 4193 2121 4240 den
2150 4195 2360 4247 anderen
2388 4204 2626 4254 sodanich
2656 4208 2954 4255 geplundert
2983 4211 3073 4258 als
3102 4214 3162 4259 of
3191 4215 3280 4261 het

1348 4288 1459 4336 met
1494 4286 1605 4334 den
1640 4285 1895 4332 anderen
1931 4286 2188 4334 vyanden
2223 4290 2442 4343 waeren
2477 4296 2734 4346 geweest
