3580 4883
1363 927 1635 979 behouden
1668 921 1803 971 (god
1836 919 1938 965 sij
1971 916 2139 965 loff)
2173 916 2274 962 ter
2307 915 2443 962 Rede
2476 917 2679 963 alhier
2711 915 3149 964 geparesseert,
3182 916 3386 967 zijnde

1367 1047 1468 1094 mij
1501 1044 1668 1092 onder
1698 1035 1935 1088 anderen
1967 1033 2101 1081 H.:r
2134 1032 2401 1078 geseijde
2434 1029 2734 1077 Maeslandt
2767 1028 2867 1074 wel
2900 1027 3236 1077 toegecomen
3266 1034 3400 1084 wEd:

1367 1170 1578 1223 gansch
1612 1158 1928 1214 aengename
1963 1157 2209 1205 Missive
2242 1153 2350 1201 van
2384 1151 2525 1197 dato
2559 1149 2630 1195 6.
2665 1148 2701 1194 '
2735 1146 2982 1193 decemb.
3014 1145 3052 1190 r
3085 1143 3370 1201 bevorens

1367 1291 1560 1344 nevens
1592 1282 1880 1334 soodanige
1909 1276 2040 1325 meer
2070 1269 2264 1320 andere
2295 1265 2552 1313 Stucken,
2583 1263 2679 1309 als
2710 1261 2744 1307 V
2775 1257 2871 1305 Ed:
2903 1257 3000 1303 mij
3030 1255 3352 1305 liberalijk

1369 1420 1572 1470 hebben
1603 1410 1875 1464 gelieven
1907 1408 1976 1453 te
2009 1395 2448 1452 Commugnceren,
2480 1393 2616 1440 waer
2650 1390 2818 1438 voren
2851 1389 2920 1434 op
2952 1386 3020 1433 't
3054 1381 3290 1431 hooghst

1379 1540 1684 1595 danckbaer
1717 1532 1953 1584 blijve,
1986 1527 2223 1576 Ommende
2255 1525 2357 1571 wij
2389 1522 2526 1569 docq
2558 1519 2661 1569 bij
2693 1513 2929 1562 occagie
2962 1512 3064 1558 ons
3098 1510 3367 1557 proffijt

1376 1662 1498 1709 hier
1526 1656 1649 1706 mede
1677 1648 1829 1700 doen,
1859 1646 1920 1692 en
1950 1645 2010 1691 's
2040 1643 2192 1690 Comp.
2221 1642 2252 1687 s
2282 1637 2554 1687 affairen,
2583 1636 2705 1684 voor
2733 1632 2825 1680 soo
2855 1631 2976 1677 veel
3005 1631 3126 1677 onse
3157 1632 3400 1679 directie

1378 1761 1650 1813 aengaet,
1684 1760 1820 1806 daer
1854 1760 1922 1805 na
1955 1760 2057 1806 ten
2090 1758 2329 1806 besten,
2359 1758 2464 1806 dat
2498 1754 2770 1804 mogelij,
2803 1751 3144 1800 bestueden.
3176 1739 3380 1801 vordrs

1374 1872 1446 1919 nu
1481 1869 1870 1916 bijderhandt
1906 1868 2083 1914 nemen
2118 1869 2260 1916 uEd:
2294 1867 2791 1920 vooraengetogen
2825 1863 3109 1910 Missive,
3144 1863 3393 1914 bevinde

1368 1982 1475 2029 den
1509 1982 1861 2028 Innehouden
1897 1981 2178 2028 desselfs
2213 1981 2319 2027 ten
2352 1981 2705 2030 Principale
2739 1977 2846 2026 tot
2880 1974 3199 2022 antwoorde
3232 1975 3339 2024 van

1377 2098 1550 2144 mijne
1584 2097 1791 2144 vorige
1826 2095 2102 2143 advijsen
2136 2094 2447 2141 dienende;
2481 2088 2827 2140 oversulcx:
2859 2086 2930 2133 en
2964 2087 3068 2133 ten
3102 2079 3403 2132 Insichte

3293 2171 3347 2227 e

1363 2218 1486 2267 VEd:
1515 2215 1607 2261 bij
1638 2213 1820 2260 mijnen
1850 2211 2124 2258 Jonghsten
2155 2210 2246 2256 Hr
2275 2208 2338 2255 't
2366 2206 2520 2254 Jacht
2550 2206 2642 2252 Lis
2672 2206 2733 2251 't
2763 2203 2976 2251 gevolgh
3005 2200 3098 2246 van
3128 2198 3340 2256 saeckg.

1378 2335 1633 2382 herwaerts
1660 2336 1774 2382 over
1802 2334 1887 2381 tot
1915 2334 2000 2379 die
2028 2331 2198 2378 tijdt,
2226 2331 2595 2380 gedeclareert,
2622 2336 2736 2383 ende
2763 2335 2820 2381 t'
2848 2330 3019 2380 sedert
3046 2327 3159 2373 geen
3187 2326 3399 2375 sonder

1375 2445 1538 2492 linge
1569 2449 1988 2496 veranderinge,
2019 2445 2149 2492 noch
2180 2444 2471 2490 Innovatie
2502 2439 2890 2490 voorgevallen
2922 2437 3019 2484 is,
3050 2435 3148 2482 sal
3179 2435 3277 2481 mij
3308 2436 3373 2481 in

1366 2558 1527 2606 desen
1557 2562 1655 2610 tot
1685 2564 1942 2611 onnodige
1972 2555 2229 2608 extentie
2260 2553 2389 2599 niet
2420 2551 2773 2600 eslargeren,
2805 2555 2933 2600 maer
2965 2555 3094 2602 cort
3124 2558 3254 2607 zijn
3283 2564 3385 2615 /.

1286 2788 1647 2856 Venvancke.
1681 2785 1755 2831 jk
1790 2786 1898 2836 dan
1933 2792 2041 2838 soo
2076 2789 2255 2837 seghe
2291 2787 2363 2833 't
2398 2784 2687 2837 behouden
2718 2791 2900 2839 varen
2934 2794 3043 2840 van
3078 2795 3365 2845 Schepen.

1362 2908 1439 2956 N:
1476 2907 1855 2956 Rotterdam,
1890 2905 1969 2953 en
2007 2905 2310 2953 d'Vrese,
2347 2901 2727 2950 d'fluijten
2764 2899 3106 2945 Maeslandt
3142 2896 3296 2946 ende

1354 3024 1751 3078 Castricum,
1790 3022 1869 3068 d'
1907 3017 2186 3066 Jachten
2223 3009 2621 3062 Oudewater,
2660 3010 2819 3057 ende
2858 3011 3214 3058 Santvoort
3254 3013 3378 3063 met

1386 3144 1502 3191 hun
1540 3134 1884 3188 Ingeladen
1923 3126 2267 3179 Retouren,
2305 3123 2420 3171 van
2458 3123 2650 3169 hier,
2688 3124 3071 3171 Masulipat,
3109 3126 3226 3174 als

1368 3258 1656 3316 dijpelij,
1687 3254 1817 3303 ende
1848 3253 1913 3299 't
1944 3252 2041 3298 wel
2073 3245 2426 3297 responderen
2457 3243 2554 3289 der
2586 3240 2778 3288 zelver
2809 3234 3067 3284 (excepto
3098 3233 3195 3280 die
3227 3228 3388 3280 vande

1361 3380 1602 3440 Vrede,
1640 3378 1720 3424 en
1759 3368 2153 3423 Castricum,
2191 3365 2429 3412 welcke
2468 3361 2626 3408 noch
2663 3358 2744 3404 In
2782 3352 2941 3401 hare
2979 3347 3378 3395 ontladinge

1380 3492 1605 3551 lagen)
1640 3487 1752 3536 met
1789 3486 1974 3533 lieff
2009 3487 2305 3535 vernomen
2341 3480 2562 3530 hebbe.
2598 3477 2709 3525 den
2745 3471 3003 3521 almogen
3040 3471 3150 3517 hij
3186 3466 3335 3517 voor

1386 3612 1759 3664 soodanigen
1793 3608 2016 3658 zeghen
2051 3600 2385 3653 gedanckt,
2420 3598 2496 3645 en
2533 3590 2865 3643 gepresen,
2901 3587 3013 3635 wil
3050 3581 3383 3631 verhoopen

1385 3735 1491 3783 pr
1524 3730 1771 3778 naesten
1805 3730 1911 3776 van
1946 3731 2086 3776 uEd:
2119 3729 2191 3776 te
2226 3724 2541 3774 verstaen,
2576 3722 2646 3769 't
2680 3708 3171 3766 geproiecteerde
3205 3702 3349 3753 daer

1380 3844 1530 3890 uijt
1568 3842 1718 3889 voor
1755 3841 1943 3887 India
1980 3839 2094 3886 ten
2131 3836 2470 3884 merendeel
2506 3830 3070 3883 gebeneficieert:
3108 3830 3183 3875 en
3220 3827 3344 3874 met

1375 3953 1765 4005 gewenschte
1804 3952 2116 3998 advancen
2155 3952 2273 3998 aen
2311 3951 2429 3998 man
2467 3951 2780 3997 geraeckt
2818 3947 2936 3995 sal
2974 3945 3170 3992 zijn,
3208 3941 3366 3992 naer

1382 4066 1751 4114 uijtterste
1788 4066 2121 4113 vermogen,
2157 4064 2379 4110 sullen
2415 4064 2527 4110 als
2562 4063 2748 4109 onser
2785 4062 2970 4109 Sijde
3006 4062 3378 4112 vigileren,

1885 330 2360 393 Coromandel

3072 341 3276 393 1646

1902 446 2043 495 Coper
2069 443 2267 490 missive
2294 440 2407 487 door
2435 439 2519 485 den
2546 438 2828 485 Gouverneur
2855 440 3024 488 Arnold
3052 443 3250 491 Heussen

1899 545 1953 592 In
1973 537 2081 587 dato
2104 530 2210 581 ult.
2234 528 2262 574 o
2287 529 2417 575 febr:
2443 529 2495 575 p:
2520 530 2547 576 r
2568 528 2624 576 't
2649 527 2675 572 s
2700 526 2805 573 acht
2830 529 2908 574 lis
2934 528 3012 574 aen
3037 526 3141 572 haer
3166 526 3275 574 Ed=s

2142 583 2245 630 a1
2293 585 2344 632 N
2393 587 2494 633 a0

729 239 827 285 da
876 237 973 285 al
1022 237 1218 284 16a6
