3567 4883
1266 740 1402 789 Jan
1446 742 1762 789 Janssen
1806 742 1942 789 Van
1985 738 2257 787 Embden
2300 739 2392 785 In
2436 738 2661 786 jndia
2700 734 3022 783 gecomen
3066 736 3156 781 Ao
3201 736 3381 785 1622

1304 847 1444 895 met
1487 844 1723 891 Schip
1770 842 2049 888 twapen
2092 841 2235 888 van
2280 841 2515 888 hoorn
2561 839 2748 885 voor
2791 836 3262 886 Bootsgesel

1294 952 1711 1006 naderhant
1757 943 2173 996 gevordert
2219 943 2358 990 tot
2404 943 2497 989 d'
2542 938 3005 986 qualiteijt
3052 939 3194 989 van

1278 1061 1713 1124 Constapels
1754 1051 1973 1103 maet,
2015 1051 2363 1099 hebbende
2405 1048 2537 1096 Bij
2580 1045 3101 1092 voorvallende
3143 1043 3406 1090 ocasie

1295 1185 1392 1237 't
1438 1178 1627 1228 ampt
1673 1173 1816 1222 van
1862 1166 2286 1216 Constapel
2331 1167 2521 1214 mede
2568 1166 2756 1212 waer
2803 1160 3180 1210 genomen,
3226 1157 3416 1205 ende

1276 1296 1364 1342 te
1405 1288 1629 1339 deser
1672 1285 2069 1334 fortresse
2112 1282 2201 1329 in
2244 1274 2509 1326 sijnen
2551 1270 2817 1318 dienst
2861 1270 2994 1316 sal
3038 1268 3346 1316 joerich

1267 1404 1405 1451 tot
1450 1400 2003 1449 contentement
2048 1399 2187 1447 van
2232 1394 2416 1444 sijn
2459 1388 2784 1438 meerder
2829 1382 3059 1432 lange
3105 1382 3383 1429 jaeren

1275 1520 1661 1579 Gequeten
1708 1519 1901 1566 wert
1947 1512 2431 1564 derhalven,
2478 1511 2575 1558 en
2618 1509 2815 1556 omme
2861 1504 2959 1553 d'
3006 1495 3344 1546 Luijden

1272 1646 1417 1700 die
1462 1642 1607 1690 wel
1652 1636 1844 1685 doen
1889 1634 2080 1682 meer
2127 1634 2223 1680 en
2264 1635 2460 1683 meer
2504 1635 2602 1684 te
2649 1629 3218 1679 Couragieeren

1277 1755 1453 1802 ende
1494 1750 1584 1798 jn
1627 1746 1760 1794 des
1803 1746 1891 1792 E:
1935 1746 2198 1794 Comp=s
2242 1746 2507 1796 dienst
2548 1749 3032 1800 t'animeeren
3075 1748 3254 1798 mits

1276 1862 1477 1910 tampt
1517 1861 1637 1907 van
1676 1854 2117 1905 constapell.
2155 1856 2476 1908 Vacandt,
2515 1863 2597 1909 en
2635 1863 2716 1910 d'
2755 1858 2956 1908 selve
2995 1850 3399 1903 qualiteijt

1236 1985 1373 2038 hem
1415 1983 1642 2029 langh
1685 1985 1864 2031 voor
1908 1981 2132 2030 desen
2175 1981 2669 2028 toesegginge
2711 1982 2980 2030 gedaen
3024 1981 3114 2027 is
3158 1978 3295 2024 Bij

1252 2103 1467 2155 desen
1509 2102 1595 2148 d'
1631 2099 1808 2149 novo
1850 2095 2022 2143 voor
2063 2088 2236 2139 drij
2277 2086 2534 2133 achter
2576 2085 2705 2131 een
2748 2082 3090 2131 volgende
3132 2078 3389 2126 jaeren

1252 2204 1795 2274 aengenomen,
1843 2203 1943 2250 en
1989 2202 2091 2250 d'
2136 2189 2633 2246 qualiteijt
2680 2189 2829 2236 van
2877 2189 3372 2240 constapell

1257 2324 1567 2385 nevens
1617 2317 1773 2367 een
1822 2309 2339 2361 Belooningh
2390 2311 2545 2359 van
2595 2299 2905 2353 vieren
2951 2299 3371 2348 twintich

1242 2441 1628 2500 guldens
1682 2438 1849 2485 ter
1903 2432 2180 2482 maent
2228 2417 2786 2474 toegeleijt
2810 2409 3281 2456 t'nieuwe

1214 2559 1614 2636 verbant
1668 2550 1897 2603 ende
1953 2544 2748 2594 d'verbeteringe
2802 2542 2975 2591 van
3030 2532 3316 2586 Gagie

1311 2646 1469 2699 mo

1266 2695 1484 2743 p=mo
1538 2683 1920 2739 october
1973 2671 2410 2725 aenvancq
2457 2664 2846 2714 nemende

1083 2916 1497 2984 Melghior
1547 2907 1906 2958 Janssen
1957 2906 2112 2952 van
2161 2905 2470 2954 norden
2521 2903 2624 2949 jn
2674 2900 2932 2947 India
2983 2897 3342 2947 gecomen

1259 3042 1336 3093 ao
1371 3036 1520 3086 1620
1555 3031 1667 3078 met
1704 3030 1778 3076 't
1814 3028 1999 3074 schip
2034 3027 2442 3075 Enckhuijsen
2478 3030 2627 3077 voor
2662 3025 2921 3078 soldaet
2958 3025 2996 3071 a
3032 3026 3069 3071 9
3106 3024 3217 3071 gl.
3253 3020 3380 3068 ter

1233 3142 1451 3192 maent
1494 3141 2055 3188 jegenwoordich
2096 3138 2184 3184 jn
2219 3128 2658 3183 qualiteijt
2701 3128 2831 3177 van
2874 3132 3090 3178 lants
3133 3123 3394 3180 passae

1247 3252 1388 3304 met
1433 3249 1664 3297 gagie
1710 3248 1849 3294 van
1983 3248 2079 3296 16
2124 3237 2494 3291 hebbende
2539 3235 2724 3285 sich
2768 3239 2954 3286 deur
2999 3234 3231 3286 gaens
3274 3222 3370 3277 in

1224 3373 1548 3428 sComp=s
1591 3366 1869 3418 dienst
1913 3362 2052 3410 wel
2095 3355 2465 3407 gequeten
2507 3351 2694 3402 ende
2737 3345 2923 3393 sijn
2965 3343 3289 3393 meerder

1242 3495 1451 3544 Goet
1503 3487 2130 3539 contentement
2182 3485 2600 3532 gegeven,
2652 3484 2861 3532 wert
2912 3481 3383 3530 derhalven

1241 3623 1399 3669 ende
1437 3618 1517 3666 om
1556 3615 1636 3663 d'
1674 3605 1951 3659 Luijden
1990 3604 2109 3651 die
2147 3603 2306 3650 haer
2344 3600 2464 3648 wel
2501 3594 3015 3644 Comporteeren,
3054 3597 3212 3644 meer
3252 3595 3371 3644 en:

1243 3722 1427 3771 meer
1472 3721 1563 3767 te
1609 3721 2109 3769 Couragieren
2152 3717 2336 3766 mits
2378 3710 2654 3761 ruijme
2699 3709 3109 3757 experatie
3153 3705 3382 3753 sijne

1237 3842 1507 3891 jongste
1546 3840 1816 3887 verbant
1855 3840 1971 3888 bij
2009 3838 2164 3887 dese
2201 3835 2280 3883 d'
2317 3834 2473 3880 novo
2509 3830 2666 3880 voor
2703 3828 2897 3875 drije
2935 3827 3168 3873 achter
3206 3827 3324 3874 een

1177 3957 1548 4013 volgende
1593 3952 1869 4001 jaeren
1914 3946 2421 3998 aengenomen,
2465 3946 2558 3993 en
2603 3946 3018 3993 gevordert
3064 3947 3202 3993 tot
3247 3945 3342 3992 de

1222 4065 1674 4114 qualiteijt
1718 4065 1854 4112 van
1899 4058 2306 4110 corporael
2350 4057 2441 4103 en
2486 4057 2622 4105 een
2667 4060 3120 4110 tacktement
3161 4066 3300 4113 van

1222 4191 1559 4248 achtien
1605 4190 1938 4238 guldens
1985 4190 2128 4236 ter
2175 4189 2413 4235 maent
2456 4182 2935 4234 toegeleijt
2983 4182 3031 4227 t
3078 4179 3364 4230 nieuwe

1149 4331 1475 4403 verbant
1520 4325 1613 4373 en
1659 4323 1751 4369 d'
1797 4315 2353 4368 verbeteringe
2391 4308 2535 4357 van
2579 4302 2812 4352 gagie
2856 4300 3043 4347 dato
3089 4300 3230 4347 als

1171 4442 1491 4504 vooren
1543 4419 2070 4485 Innegaende
